2060 3162
10 2692 27 2752 ζ.

683 125 912 170 LIBANII
943 124 1166 170 ORATIO
1198 123 1326 168 XVII
1735 123 1838 175 189

268 270 363 317 14v
401 270 577 331 μῦθοι·
618 263 644 315 6
684 269 867 330 μῦθος’
910 265 962 314 οἱ
995 264 1134 314 λύκοι

402 339 559 407 ἕτερος
598 343 781 404 μῦθος·
823 337 999 403 σεμνὸς
1037 330 1101 402 ’ἦν

398 412 540 473 ἄλλος
580 417 763 478 μῦθος·
805 411 938 472 ἔδοξε
976 419 1040 461 τῶ
1081 410 1150 461 διὶ

268 491 332 539 15
394 487 618 553 λιβανίου
672 493 910 550 σοφιστοῦ
964 484 1304 552 πρεσβευτικὸς
1353 484 1475 551 πρὸς
1521 483 1637 543 τοὺς
1683 491 1841 550 τρῶας

152 561 275 630 ὑπὲρ
314 560 496 626 ἕλε’νης,
535 561 677 627 λόγος
715 568 927 626 supernos:
968 558 1198 624 μενέλαος

267 646 359 693 16v
396 651 483 692 τοῦ
514 641 666 691 αὐτοῦ
698 640 1041 709 πρεσβευτικὸς
1078 640 1201 707 πρὸς
1239 639 1354 700 τοὺς
1392 647 1548 706 τρῶας
1585 637 1708 705 ὑπὲρ
1743 637 1841 689 ἑλέ-

157 738 248 783 νης
286 717 428 783 λόγος
467 716 708 782 δεύτεροςε
749 712 1006 774 ὀδυσσεὺςε

265 801 359 848 20v
397 805 484 847 τοῦ
516 796 670 847 αὐτοῦ
709 796 831 863 πρὸς
869 796 956 847 τὸν
995 794 1239 855 ὀδυσσέως
1276 794 1330 845 ἐν
1368 798 1521 854 λιταῖς
1559 795 1841 861 πρεσβευτι-

154 873 265 924 κὸνε
305 870 554 938 ἀντιλογία
592 866 709 938 παρ’
746 869 994 936 ἀχιλλέωςε
1034 870 1176 936 λόγος
1214 868 1300 936 γος

266 948 332 995 26
386 952 472 995 τοῦ
511 944 663 995 αὐτοῦ
703 951 940 1008 σοφιστοῦ
979 944 1204 1009 λιβανίου
1245 941 1453 1008 μελέταιε
1491 964 1549 982 Ν
1589 942 1842 1001 Δύσκολος

153 1021 302 1070 λάλον
340 1020 500 1086 γήμας
537 1023 749 1086 γυναῖκα

268 1105 332 1151 29
390 1101 697 1167 φιλαργύρου
735 1104 852 1159 παῖς
883 1098 1167 1166 ἀριστεύσας
1198 1095 1378 1168 ᾔτησεν
1416 1097 1487 1157 εἰς
1524 1097 1616 1162 τὴν
1655 1096 1843 1162 δωρεὰν

156 1179 345 1225 θαλλοῦ
386 1173 632 1238 στέφανον

270 1251 365 1298 32ν
402 1246 634 1318 ἐξῄτησεν
674 1246 699 1297 6
739 1248 978 1312 φίλιππος
1015 1247 1100 1297 τὸν
1139 1244 1460 1312 δημοσθένην

268 1325 335 1372 35
398 1323 662 1389 παράσιτος
700 1321 780 1372 ἐπὶ
819 1322 1022 1371 δεῖπνον
1061 1320 1264 1386 κληθεὶς

269 1406 363 1452 36V
400 1411 487 1452 τοῦ
526 1402 678 1453 αύτοῦ
718 1409 956 1467 σοφιστοῦ
995 1402 1222 1467 λιβανίου
1261 1401 1481 1470 μονῳδία
1520 1398 1599 1449 ἐπὶ
1638 1419 1843 1465 νικομη-

154 1478 286 1546 δείᾳ,
334 1480 412 1526 cui
462 1478 680 1527 succedit
717 1479 771 1525 in
809 1477 894 1525 fol.
929 1478 1025 1525 37³¹
1069 1477 1233 1524 brevis
1278 1477 1523 1524 tractatus
1571 1476 1845 1524 rhetoricus

154 1552 393 1615 incipiens
440 1550 494 1600 ἐν
531 1555 632 1610 τοῖς
669 1558 767 1599 τῶν
805 1550 1026 1616 ρητόρων
1064 1549 1226 1615 λόγοις
1265 1549 1397 1598 διατί
1437 1546 1753 1615 προτέτακται
1790 1549 1843 1598 τὸ

154 1626 418 1692 προοίμιον
456 1633 553 1674 τῶν
587 1622 765 1673 ἄλλων·
808 1622 974 1688 ἐπειδὴ
1015 1623 1199 1688 σώματι
1237 1621 1393 1672 ἔοικεν
1433 1619 1458 1670 6
1498 1622 1657 1688 λόγος,
1698 1621 1750 1672 τὸ
1791 1620 1844 1671 δὲ

156 1700 420 1765 προοίμιον
458 1702 665 1763 κεφαλῇ,
705 1699 930 1746 desinens
968 1695 1292 1763 γνώμηνκαὶ
1331 1694 1524 1762 ἀγῶνας

271 1782 338 1828 38
392 1778 599 1843 μελέταις
649 1786 713 1828 τῶ
753 1778 1124 1845 κατορθώσαντι
1162 1778 1391 1843 πόλεμον,
1438 1778 1620 1826 desinit
1656 1778 1741 1826 fol.
1775 1780 1843 1826 43

156 1855 319 1903 verbis
359 1852 418 1902 οὐ
457 1853 682 1919 χρώματα
723 1847 816 1920 (=
849 1853 922 1900 IV
955 1854 1076 1914 538,
1104 1854 1132 1900 7
1160 1846 1240 1919 R).
1325 1853 1538 1914 Reliqua
1582 1867 1698 1915 pars
1737 1852 1846 1900 folii

164 1944 320 1976 vacua
359 1930 446 1976 est.
1707 1937 1711 1940 ·

272 2011 368 2057 43ν
405 2007 748 2075 πρεσβευτικὸς
785 2006 907 2074 πρὸς
942 2005 1151 2073 ἀχιλλέα·
1193 2004 1428 2067 ὀδυσσεὺς
1458 2004 1581 2072 ὑπὲρ
1613 2006 1843 2071 ἕλλήνων.

159 2080 436 2148 ἀριστείδου
475 2081 679 2149 ῥήτορος

274 2165 341 2211 46
400 2161 704 2229 Ἀφαιρεθεὶς
749 2161 967 2228 ἀχιλλεὺς
1016 2178 1127 2211 cum
1172 2162 1455 2230 προθεωρίᾳ
1503 2169 1590 2226 τῆς
1627 2169 1714 2211 τοῦ
1752 2179 1844 2211 πα-

163 2236 368 2303 τρόκλου
409 2235 606 2301 μελέτης

275 2312 340 2359 52
381 2310 533 2374 νόμος
570 2310 656 2360 τὸν
695 2309 899 2377 εὑρόντα
937 2309 1198 2376 θησαυρὸν

276 2393 370 2439 55v
408 2399 509 2441 τοῦ
555 2390 736 2441 αὐτοῦ
791 2392 1067 2457 λιβανίου
1122 2389 1215 2441 ἐπὶ
1266 2395 1337 2459 τῷ
1384 2390 1694 2459 παραβάτῃ
1749 2389 1845 2439 καὶ

159 2465 445 2530 δυσσεβεῖ
484 2465 766 2534 ἰουλιανῷ
808 2465 1082 2529 μονωδία.
1159 2466 1271 2514 Des.
1304 2466 1386 2514 fol.
1423 2466 1517 2513 57¹V
1556 2466 1693 2513 cuius
1732 2466 1843 2514 reli-

170 2554 267 2601 qua
305 2555 419 2600 pars
458 2555 615 2588 vacua
653 2543 738 2588 est.

278 2622 343 2668 58
399 2620 624 2685 λιβανίου
670 2627 926 2683 σοφιστοῦ·
982 2619 1103 2686 πρὸς
1149 2617 1442 2669 ἀνθύπατον
1488 2618 1688 2683 μόντιον
1737 2618 1845 2685 περὶ

164 2699 251 2742 τοῦ
301 2692 644 2757 δημοσθένους
691 2694 829 2758 βίου,
883 2691 964 2742 καὶ
1009 2691 1226 2752 ἐκθέσεις
1271 2700 1369 2742 τῶν
1414 2690 1703 2742 ὑποθέσεων
1747 2700 1844 2741 τῶν

167 2766 317 2831 λόγωι
364 2765 539 2816 αὐτοῦς

279 2849 343 2896 59
386 2847 459 2896 ὅτι
489 2855 636 2913 τριῶν
674 2845 829 2896 ὄντων
867 2854 964 2895 τῶν
1003 2855 1161 2913 μερῶν
1198 2855 1285 2912 τῆς
1322 2847 1583 2913 ῥητορικῆς
1622 2845 1647 2896 6
1687 2847 1842 2911 δημο-

161 2917 351 2983 -σθένης
389 2919 446 2969 τὰ
486 2920 576 2970 δύο
615 2919 877 2985 ἐξήσκησεν
