2060 3162
184 101 217 154 2
222 101 296 154 80
678 99 907 144 LIBANII
938 99 1163 144 ORATIO
1195 100 1345 146 XVIII

190 235 361 304 εὐνὴν
412 234 630 288 ἐλπίσιν
676 233 1174 305 ἀναπτερώσαντες.
1249 236 1354 305 ἤδη
1405 235 1467 290 δὲ
1513 238 1674 300 ὄντος
1721 235 1886 306 ἐγγὺς

191 332 292 378 τοῦ
344 325 524 393 φόνου
571 324 903 394 στρατιώτης
956 321 1010 387 ἐξ
1045 322 1384 388 ’Λπόλλωνος
1435 324 1638 379 ἐσείετο
1685 324 1776 379 καὶ
1822 327 1885 379 τὸ

194 415 566 482 γενησόμενον
608 406 707 483 ᾖδε
746 412 837 465 καὶ
877 412 1164 465 συνεκάλει
1203 413 1302 466 τὸν
1341 415 1509 483 ὄχλον
1549 415 1626 476 εἰς
1664 412 1885 468 ἐπικου-

192 503 338 571 ρίαν,
379 501 432 553 οἱ
474 500 534 553 δὲ
573 498 742 553 ἔθεόν
779 520 837 553 τε
875 498 966 553 καὶ
1004 501 1066 554 τὸ
1101 498 1374 555 συντεθὲν
1409 502 1718 571 άνίχνευον.
1792 500 1885 555 καὶ

144 610 163 643 ε
188 590 249 642 τὸ
311 587 589 658 μέγιστον,
651 585 784 641 οὐδὲ
838 588 867 641 ὁ
921 596 1093 642 ταῦτα
1145 589 1433 659 ὑπηρετῶν
1481 590 1884 660 ἀπεσφάττετο.

193 677 313 730 103.
353 677 502 747 ὁρῶν
541 674 602 730 δὲ
641 679 772 740 τοὺς
810 676 1066 730 τάκείνου
1105 686 1455 749 φρονοῦντας
1487 677 1731 747 ἐγγύθεν
1769 677 1886 732 ἐπι-

192 767 564 834 βουλεύοντας
613 767 709 819 καί
750 783 860 819 που
907 765 997 818 καὶ
1042 770 1359 834 τολμῶντας
1405 766 1604 835 λέγειν,
1657 766 1732 829 ὡς
1778 767 1885 836 ἄρα

192 856 422 922 ἄμεινον
468 855 546 917 εἰς
584 855 650 907 τὰ
687 855 929 925 πρότερα
967 856 1269 922 καταβῆναι
1315 852 1405 907 καὶ
1443 864 1555 908 τῶν
1592 856 1886 925 παρόντων

193 942 522 1011 ἀποστῆναι,
571 945 744 1005 θεοὺς
789 944 996 1010 μόνους
1041 940 1332 1013 ἀξιόχρεως
1378 941 1440 995 ἐν
1482 951 1597 1006 τοῖς
1634 943 1886 1012 τηλικού-

126 1053 168 1085 10
194 1050 310 1094 τοις
363 1031 706 1099 ἡγησάμενος
763 1031 1117 1100 συμβούλους
1178 1030 1435 1101 ἐρόμενος
1494 1033 1751 1100 ἤκουσεν,
1814 1031 1887 1093 ὡς

197 1117 522 1186 ἐμμενετέον
573 1113 655 1182 οἷς
706 1115 831 1189 εἶχε.
922 1119 1040 1172 104.
1097 1120 1283 1187 λαβὼν
1334 1121 1401 1188 δὴ
1454 1126 1647 1189 ψῆφον
1692 1120 1795 1188 τὴν
1833 1117 1887 1182 ἐξ,

196 1207 444 1277 οὐρανοῦ
490 1205 581 1260 καὶ
628 1208 730 1276 τὴν
774 1209 971 1276 κοινὴν
1022 1215 1117 1276 τῆς
1172 1208 1458 1276 δυνάμεως
1511 1208 1780 1278 ἄρχοντάς
1829 1226 1887 1260 τε

195 1294 284 1348 ἐπὶ
324 1297 420 1358 τὰς
458 1297 646 1358 πόλεις
684 1294 980 1365 ἐξέπεμπεν
1019 1295 1140 1349 ἀντὶ
1179 1305 1442 1366 πονηρῶν
1478 1293 1580 1364 μὲν
1619 1294 1887 1364 ἀγαθούς,

103 1397 146 1440 R
169 1401 254 1441 557
303 1382 428 1437 ἀντὶ
476 1381 537 1437 δὲ
576 1393 783 1437 σκαιῶν
820 1383 1290 1452 πεπαιδευμένους
1336 1382 1343 1455 Ι
1387 1382 1478 1437 καὶ
1518 1384 1890 1454 στρατόπεδον

129 1494 170 1527 15
199 1471 305 1525 ἀπὸ
345 1482 458 1525 τῶν
497 1473 785 1543 λῃστεύειν
822 1471 1253 1541 ἠναγκασμένων
1291 1475 1621 1542 συνήγαγεν,
1672 1475 1730 1525 οἳ
1764 1475 1890 1525 Μα-

199 1562 430 1633 γνεντίῳ
482 1561 854 1631 συναράμενοι
901 1569 1002 1614 τοῦ
1049 1562 1318 1615 κινδύνου
1365 1560 1667 1631 πράξαντες
1711 1570 1891 1622 κακῶς

197 1650 294 1711 τὰς
347 1648 516 1712 ὁδοὺς
568 1652 971 1718 κατειλήφεσαν
1023 1648 1234 1712 ἀδίκοις
1294 1651 1622 1719 τρεφόμενοι
1682 1651 1890 1719 πόροις.

199 1738 432 1800 τούτους
480 1736 566 1806 ἐφ’
606 1737 748 1791 ὅπλα
802 1736 1033 1801 καλέσας
1085 1739 1176 1791 καὶ
1223 1739 1357 1801 δοὺς
1403 1738 1595 1791 ἄδειαν
1645 1744 1890 1806 φανῆναι

199 1827 331 1888 τοὺς
369 1825 472 1894 μὲν
509 1833 610 1878 τοῦ
656 1835 1000 1896 παρανομεῖν
1046 1824 1339 1895 ἀπήλλαξε,
1384 1828 1516 1888 τοὺς
1563 1823 1623 1879 δὲ
1671 1826 1892 1879 ὁδοιπό-

133 1935 176 1967 20
202 1933 335 1982 ρους
376 1922 488 1965 τῶν
527 1916 734 1982 φόβων.
816 1914 934 1967 105.
991 1913 1176 1986 ἐλθὼν
1223 1913 1272 1967 δ’
1303 1912 1393 1968 ἐπὶ
1439 1915 1538 1968 τὸν
1570 1912 1763 1982 Ῥῆνον
1799 1911 1892 1966 καὶ

202 1999 383 2064 δείξας
413 2009 527 2063 τοῖς
558 2003 860 2070 βαρβάροις
891 2003 991 2070 τὴν
1013 2004 1261 2071 κεφαλὴν
1289 2000 1379 2054 καὶ
1405 2001 1683 2070 δευτέροις
1707 2001 1893 2070 ὅρκοις

202 2204 265 2248 IV
295 2146 556 2248 1(1)01Amm.
575 2145 659 2188 XX
683 2150 725 2200 5,
745 2149 799 2189 10
924 2149 977 2189 13
1005 2146 1125 2189 Socr.
1143 2145 1207 2188 ΠΙ
1225 2150 1331 2200 2,16
1349 2160 1393 2202 p.
1408 2149 1487 2189 171
1504 2145 1545 2188 A
1669 2150 1722 2189 16
1747 2144 1889 2189 Thuc.

326 2327 347 2365 1
377 2321 506 2374 ὄντες
522 2323 567 2366 Β
592 2321 683 2364 edd
790 2326 815 2364 2
842 2319 1010 2366 ἐσείετο
1027 2323 1086 2376 Β,
1150 2321 1384 2374 ἐθειάζετο
1407 2334 1633 2378 suprascr.
1651 2321 1721 2364 m²
1781 2335 1893 2365 num

206 2381 431 2426 ἐκινεῖτοῖ
546 2385 571 2423 3
598 2375 710 2440 ᾖδεν
727 2381 803 2424 La
864 2376 958 2424 εἶδε
974 2380 1077 2424 Mor
1102 2382 1173 2437 (γρ
1198 2376 1281 2436 ἦὸε
1305 2380 1354 2424 in
1374 2382 1538 2438 marg),
1563 2379 1686 2424 Fabr
1790 2384 1817 2422 4
1842 2376 1888 2424 δ’

207 2440 289 2483 CB
321 2441 368 2483 et
393 2452 417 2482 e
442 2439 494 2484 δὲ
518 2453 621 2483 corr
638 2440 722 2483 Mo
843 2443 868 2482 6
899 2436 1118 2483 τόάείνου
1140 2440 1176 2482 Ι
1201 2439 1283 2483 sed
1307 2440 1338 2482 ὰ
1369 2439 1418 2483 in
1441 2453 1516 2483 ras
1540 2438 1611 2483 m²
1642 2440 1690 2482 et
1713 2440 1822 2482 ante
1847 2439 1895 2481 et

206 2511 348 2554 supra
378 2514 403 2541 τ
433 2511 509 2542 ras
543 2502 568 2540 3
600 2497 698 2542 fere
728 2497 809 2540 litt
889 2495 1115 2541 τάκείνων
1146 2498 1270 2542 Fabr
1392 2503 1444 2541 11
1479 2496 1756 2555 ἐμμενητέον
1786 2496 1855 2539 Re
1882 2496 1889 2555 Ι

207 2553 328 2630 εἶχεν
360 2558 435 2601 La
463 2559 468 2613 Ι
497 2555 548 2602 δὲ
588 2557 801 2601 VLaPU
819 2555 888 2600 Re
915 2556 921 2614 Ι
948 2555 1032 2612 τὴν
1064 2561 1230 2612 ψῆφον
1261 2556 1345 2613 τὴν
1384 2557 1518 2600 VMI
1543 2556 1610 2613 (in
1641 2569 1732 2611 quo
1762 2555 1893 2611 prius

205 2631 291 2671 την
334 2618 453 2672 eras>
501 2615 698 2659 fortasse
740 2616 865 2659 recte
1047 2619 1100 2658 13
1147 2615 1230 2665 τὰς
1267 2614 1424 2666 πόλεις
1454 2616 1501 2659 Ρ
1535 2614 1617 2658 sed
1655 2614 1712 2666 ὰς
1743 2615 1791 2657 et
1829 2628 1895 2663 εις

206 2717 258 2760 in
287 2728 364 2760 ras
395 2717 465 2759 m⁸
554 2734 580 2761 τ
619 2731 723 2760 eum
761 2730 924 2761 rasura,
962 2722 987 2760 2
1028 2717 1108 2761 litt
1145 2717 1282 2763 πόλιν
1322 2718 1367 2762 U
1417 2718 1423 2776 Ι
1473 2688 1728 2773 ἐξέπεμαῗεν
1759 2716 1834 2760 La

209 2773 466 2831 ἐξέπεμψεν
499 2788 523 2818 e
554 2776 645 2819 Par
677 2775 833 2819 Gasda
999 2780 1053 2819 15
1086 2777 1180 2821 ἀπὸ
1214 2776 1378 2832 scripsi
1403 2790 1458 2820 ex
1480 2777 1516 2819 I
1540 2775 1622 2818 sed
1651 2775 1714 2818 πὸ
1746 2774 1795 2817 in
1819 2787 1894 2816 ras

207 2833 681 2937 m'iooenglssqMssaevl
711 2833 881 2889 reliqui
912 2834 1020 2878 libri
1054 2835 1145 2878 edd
1276 2839 1329 2879 16
1361 2833 1627 2890 πράξαντος
1655 2833 1724 2876 Re
1755 2832 1894 2876 Anim
