2054 3140
691 115 919 160 LIBANII
951 114 1174 160 ORATIO
1205 115 1291 158 XII
1772 115 1841 167 41

161 273 316 322 μενα,
354 253 420 305 τὰ
456 248 558 319 μὲν
588 250 773 320 ’Άρεος
812 250 1094 320 ἀφιέντος,
1131 252 1198 303 τὰ
1237 247 1299 304 δὲ
1336 260 1448 304 τῶν
1477 250 1659 321 Ἄρεος
1698 257 1845 320 λοχι-

160 351 288 409 τῶν,
326 348 424 394 τοῦ
449 342 679 409 Δείμου,
718 348 817 392 τοῦ
854 342 1059 407 Φόβου.
1135 341 1352 402 τούτοις
1391 341 1458 408 δὴ
1490 340 1586 402 τάς
1623 359 1681 392 τε
1715 359 1845 409 καρ-

161 431 283 492 δίας
342 427 673 497 ἐπλήττοντο
727 429 794 482 τά
846 447 904 482 τε
959 427 1089 497 ξίφη
1144 438 1256 481 τῶν
1316 438 1516 498 χειρῶν
1576 430 1845 495 μεθίεσαν

160 516 398 587 ἔπασχόν
434 537 493 570 τε
533 518 667 588 ὅπερ
707 518 850 580 εἰκὸς
881 517 1234 586 ἀνθρώπους,
1274 519 1514 586 ἡττῶντο
1546 518 1845 586 δαιμόνων.

162 607 246 660 90.
309 606 468 669 εἰδὼς
522 602 626 660 οὖν
680 606 890 677 ὀρθῶς,
949 605 1032 658 ὅτι
1087 607 1172 658 δεῖ
1225 607 1564 675 στρατιώτην
1617 606 1848 659 ἕκαστον
1895 627 1915 659 5

158 704 541 765 προσκυνῆσαι
579 696 811 758 τούτους
848 690 928 749 ὧν
974 696 1148 747 δεῖται
1193 697 1523 764 μαχόμενος,
1577 696 1650 758 ὡς
1695 694 1840 748 τοῦτ’

160 785 228 839 ὃν
264 792 360 852 τῆς
397 792 745 854 παρασκευῆς
783 784 1101 852 κεφάλαιον,
1149 784 1254 837 οὐκ
1292 782 1526 847 ἀσπίδος
1566 781 1697 838 οὐδὲ
1735 786 1850 838 θώ-

160 894 325 944 ρακος
364 870 495 927 οὐδὲ
535 873 819 941 ἀκοντίου,
857 873 947 926 καὶ
987 871 1300 942 διαλεχθεὶς
1337 882 1453 936 τοῖς
1490 878 1671 942 θεοῖς,
1718 874 1850 926 ἅττα

160 963 228 1032 δὴ
266 961 359 1016 καὶ
399 960 672 1030 διείλεξαι,
713 961 935 1015 συνέσει
972 970 1084 1014 τῶν
1116 963 1449 1032 κρειττόνων
1477 963 1579 1031 τὴν
1610 963 1850 1029 δύναμιν

160 1052 426 1119 ὥπλισας,
479 1049 700 1114 ἑκόντας
747 1049 835 1103 ἐπὶ
881 1053 1271 1119 τοὺς.βωμοὺς
1317 1050 1554 1114 θέοντας
1601 1050 1693 1104 καὶ
1734 1052 1851 1104 δια-
1875 1072 1917 1104 10

158 1139 504 1210 μαχομένους
540 1137 682 1209 ὑπὲρ
722 1147 822 1193 τοῦ
862 1142 1188 1207 λιβανωτοῦ.

273 1229 357 1281 91.
428 1232 503 1299 Τῇ
557 1225 660 1298 μὲν
711 1225 815 1282 οὗν
854 1227 1129 1296 Ῥωμαίων
1179 1228 1316 1299 ἀρχῇ
1366 1237 1623 1282 τοιοῦτον
1675 1237 1852 1298 τεῖχος

161 1321 506 1388 περιήλασας.
584 1313 646 1371 εὖ
688 1314 749 1370 δὲ
789 1327 968 1370 ποιῶν
1005 1317 1096 1370 καὶ
1134 1318 1235 1370 τὸν
1273 1318 1443 1371 ἄλλον
1477 1319 1851 1388 μεταρρυθμί-

162 1409 265 1471 ζεις
304 1408 488 1475 ὄχλον,
534 1407 596 1459 τὸ
635 1413 735 1459 τοῦ
776 1405 1067 1475 Πρωτέως
1093 1407 1172 1469 εἰς
1222 1404 1440 1477 ἑτέρους
1479 1405 1849 1477 ἐργαζόμενος.

161 1504 270 1549 νῦν
307 1499 410 1565 γὰρ
443 1496 511 1564 δὴ
544 1497 606 1549 τὸ
646 1496 747 1564 τὴν
785 1503 891 1563 γῆν
930 1496 1124 1548 οἰκοῦν
1161 1494 1267 1548 ἀπὸ
1309 1505 1460 1548 συῶν
1500 1495 1735 1564 ἀτεχνῶς
1775 1496 1852 1558 εἰς
1875 1515 1918 1548 15

160 1584 500 1653 ἀνθρώπους
537 1584 973 1651 μεταπλάττεται.
1051 1583 1137 1636 92.
1187 1584 1400 1637 τούτων
1446 1580 1507 1637 δὲ
1542 1589 1548 1649 Ι
1585 1584 1754 1637 ἁπάν-
1791 1597 1834 1640 R,
1853 1599 1939 1640 400

163 1692 275 1726 των
314 1678 493 1725 αἴτιον
533 1674 586 1725 οἱ
625 1674 796 1740 λόγοι.
872 1670 1031 1724 ταυτὶ
1069 1669 1172 1740 μὲν
1210 1673 1314 1741 γὰρ
1347 1670 1482 1741 ἔργα
1514 1675 1852 1742 φρονήσεως,

164 1763 435 1831 φρόνησις
474 1757 535 1814 δὲ
575 1763 770 1829 λόγων,
818 1759 917 1823 οὓς
955 1759 1119 1824 ἐδέξω
1158 1769 1224 1831 τῇ
1262 1768 1410 1831 ψυχῇ
1453 1771 1638 1814 πᾶσαν
1679 1760 1850 1829 ἰδέαν,

162 1852 295 1912 τοὺς
331 1846 434 1917 μὲν
472 1851 1028 1922 δρόμῳ’χωροῦντας,
1067 1852 1198 1912 τοὺς
1236 1846 1298 1902 δὲ
1339 1854 1508 1920 σχολῇ
1538 1851 1851 1919 βαίνοντας,

163 1937 478 2006 ἐπιστολάς,
533 1939 934 2006 διαλεκτικούς,
987 1938 1189 2001 κάλλος
1234 1937 1403 1992 ἐπῶν·
1459 1934 1538 1992 ὧν
1586 1947 1703 2003 τοῖς
1750 1936 1852 2006 μὲν
1875 1960 1918 1992 20

165 2026 535 2096 ἐγκωμιάζεις,
574 2035 690 2090 τοῖς
728 2027 789 2080 δὲ
827 2029 1065 2095 πείθεις,
1103 2035 1219 2091 τοῖς
1258 2027 1320 2081 δὲ
1359 2027 1699 2097 ἀναγκάζεις,
1738 2036 1854 2091 τοῖς

164 2116 226 2169 δὲ
264 2115 502 2184 θέλγεις,
540 2116 633 2169 καὶ
671 2123 828 2187 νικᾷς
866 2118 997 2179 τοὺς
1034 2113 1136 2185 μὲν
1168 2116 1402 2186 ῥήτορας
1431 2124 1497 2186 τῇ
1528 2119 1852 2187 φιλοσοφίᾳ,

283 2266 307 2304 2
339 2261 391 2305 Π.
418 2278 442 2306 ο
468 2266 566 2305 119.
601 2265 631 2307 δ
654 2266 754 2306 440.
787 2264 811 2305 λ
836 2265 891 2304 37
1016 2266 1070 2304 14
1103 2260 1187 2305 Οᾶ.
1214 2262 1243 2305 δ
1266 2265 1366 2304 417.
1401 2265 1487 2305 455
1501 2276 1568 2318 sq.

284 2399 306 2437 1
356 2411 380 2438 ο
413 2395 462 2438 in
495 2394 631 2450 ἄρεος
669 2408 724 2438 ex
756 2413 790 2439 ω
828 2408 929 2438 con·
960 2395 1100 2440 P⁸G⁸
1193 2394 1341 2451 ἄρεως
1370 2396 1416 2439 A
1446 2395 1514 2439 Re
1545 2394 1653 2452 (bis)
1685 2394 1742 2439 cf.
1774 2396 1807 2438 t.
1832 2394 1854 2437 I

164 2458 263 2507 516,
290 2458 316 2497 5
341 2454 381 2496 R
502 2459 527 2498 5
560 2453 694 2504 εἰδὼς
725 2453 890 2510 scripsi
922 2467 947 2498 e
981 2455 1054 2499 VI
1078 2454 1178 2511 (sed
1208 2454 1259 2498 in
1289 2454 1379 2498 hoc
1411 2453 1601 2510 spiritus
1634 2455 1682 2498 et
1713 2454 1774 2505 ὡς
1803 2453 1854 2497 in

162 2526 238 2556 ras
269 2512 356 2570 m²)
440 2509 561 2563 εἶδες
589 2512 760 2569 reliqui
789 2512 900 2556 libri
932 2513 1023 2557 edd
1067 2517 1071 2568 Ι
1116 2511 1186 2558 ὅτι
1216 2515 1290 2557 δεῖ
1319 2514 1600 2570 στρατιώτην
1641 2513 1767 2557 inser
1796 2512 1854 2557 Ι8

224 2576 249 2615 7
281 2574 389 2628 post
419 2578 716 2628 παρασκευῆς
746 2585 908 2615 rasura.
932 2577 957 2615 2
989 2572 1253 2616 litterarum
1277 2573 1313 2616 I
1333 2574 1338 2628 Ι
1367 2570 1570 2624 ἀσπίδας
1628 2573 1854 2628 θώρακας

222 2629 418 2675 ἀκόντια
448 2631 517 2674 Re
548 2631 673 2687 quod
704 2631 987 2688 improbavit
1018 2631 1173 2675 Gasda,
1205 2631 1308 2676 coll.
1334 2631 1452 2675 Plat.
1470 2631 1608 2675 Euth.
1627 2631 1711 2674 4D
1743 2629 1853 2687 ἠμέ-

163 2691 230 2734 λει
254 2690 316 2739 ὡς
339 2688 639 2746 ἀνδροφόνου
664 2690 743 2733 καὶ
772 2690 911 2735 οὐδὲν
936 2687 991 2735 ’ὃν
1015 2698 1219 2748 πρᾶγμα,
1245 2691 1286 2735 εἰ
1308 2691 1388 2735 καὶ
1412 2689 1654 2734 ἀποθάνοι
1715 2687 1853 2737 διείλε

166 2765 216 2792 αι
248 2763 353 2792 cum
382 2761 545 2792 rasni-a,
577 2753 602 2791 2
635 2748 713 2792 litt
736 2751 843 2805 post
865 2751 913 2794 λε
948 2751 992 2795 U
1127 2755 1152 2793 9
1197 2747 1420 2811 συνουσίᾳ
1451 2749 1524 2794 vel
1556 2747 1717 2810 εὐνοίᾳ
1749 2748 1854 2792 coni

166 2806 322 2851 Gasda
444 2812 497 2852 13
522 2806 875 2865 μεταρυθμίζεις
891 2809 963 2853 VI
1079 2813 1134 2852 14
1157 2808 1209 2853 τὸ
1235 2822 1260 2852 e
1283 2815 1365 2852 τοῦ
1390 2808 1564 2852 corr]²
1686 2811 1739 2851 17
1765 2807 1853 2864 γὰρ

167 2877 241 2967 3131
248 2867 317 2968 R'Be
425 2870 480 2909 20
512 2865 735 2919 διαλέξεις
766 2867 870 2911 coni
900 2867 1003 2911 Mor
1122 2872 1175 2910 21
1209 2865 1394 2918 πείθεις
1424 2893 1479 2900 --
1514 2872 1568 2911 22
1602 2867 1652 2912 δὲ
1685 2881 1760 2911 om
1787 2866 1849 2922 Vl
