2060 3162
694 145 923 190 LIBANII
954 144 1178 190 ORATIO
1210 145 1294 188 XX
1737 145 1844 197 437

164 283 294 352 ἡμῖν
333 282 554 351 ἀφῖκται
593 280 682 334 καὶ
720 289 869 334 ποιεῖ
907 288 1030 350 νῦν,
1071 280 1099 333 ὃ
1140 281 1308 334 πάλαι
1346 282 1492 351 παρὰ
1531 289 1647 343 τοῖς
1677 279 1847 349 Ἀχαι-

165 380 248 434 οῖς
293 370 322 424 ὁ
369 371 590 439 Κάλχας
636 369 665 423 ὁ
710 369 995 439 Θέστορος.
1061 370 1066 437 Ι
1131 370 1216 422 34.
1271 372 1393 422 τότε
1441 365 1545 423 οὗν
1592 365 1733 422 εἶναι
1787 381 1934 425 R670

161 460 352 527 μάντις
406 459 506 511 οὐκ
561 458 939 528 ἀπηρνούμην,
992 459 1398 527 θορυβούντων
1445 458 1505 511 δὲ
1551 459 1698 528 παρὰ
1745 465 1846 512 σοῦ

160 568 218 601 τε
281 548 475 616 μάντις
530 545 724 615 ἔλεγον
779 552 1114 616 γεγενῆσθαι
1174 547 1262 599 καὶ
1327 546 1548 615 βλέπειν
1611 546 1848 614 ἐμαυτὸν

162 638 239 699 εἰς
286 625 447 689 ἀετὸν
491 634 589 689 ἕνα
635 633 696 689 σὲ
745 637 835 689 καὶ
883 637 943 689 τὸ
982 636 1054 704 μὴ
1096 637 1436 705 φαινόμενον
1483 635 1541 688 ἐκ
1586 645 1696 688 τῶν
1741 637 1845 704 ἤδη
1894 656 1913 689 5

161 724 541 795 γεγενημένων
594 724 745 792 ὁρᾶν.
834 725 947 778 ἐπεὶ
1001 723 1091 777 καὶ
1146 725 1243 777 τὸν
1291 722 1562 793 “Ηρακλέα
1615 726 1848 794 πορευό-

162 834 333 883 μενον
372 812 454 867 ἐπ’
486 812 653 882 ἔργον
701 812 895 867 ἑκόντα
933 813 966 882 ἢ
1005 811 1096 865 καὶ
1141 814 1494 881 πεμπόμενον
1540 812 1688 875 ὅστις
1727 811 1848 883 ᾔδει

160 907 339 966 καλῶς
383 905 486 972 τὴν
525 901 861 972 “Ηρακλέους
906 903 1098 970 φύσιν,
1153 901 1329 969 λέγων
1381 902 1465 954 ὅτι
1514 902 1605 954 καὶ
1654 921 1847 970 κατορ-

161 993 352 1060 θώσει,
391 993 583 1058 μάντις
622 991 691 1045 ἀν
730 986 799 1059 ἧν
838 990 897 1044 ἐκ
937 1000 1047 1044 τῶν
1080 989 1341 1060 “Ηρακλεῖ
1370 989 1848 1060 κατειργασμένων

160 1083 238 1144 εἰς
282 1082 344 1134 τὸ
390 1089 675 1151 προειπεῖν
720 1081 1063 1149 κινούμενος.
1140 1079 1225 1132 35.
1280 1080 1603 1146 μαντεύεται
1650 1076 1712 1131 δὲ
1756 1079 1847 1131 καὶ
1872 1100 1914 1133 10

159 1169 505 1238 Ἀγαμέμνων
542 1170 711 1222 κακὸν
749 1167 976 1222 ἔσεσθαι
1025 1167 1204 1239 Τρωσὶ
1242 1170 1337 1230 τὰς
1378 1167 1657 1237 Ἀχιλλέως
1698 1169 1849 1220 διαλ-

162 1260 330 1327 λαγὰς
369 1259 528 1321 εἰδὼς
566 1260 662 1321 τὰς
698 1259 804 1328 πρὸ
844 1266 939 1326 τῆς
978 1258 1145 1328 ὀργῆς
1182 1265 1277 1325 τῆς
1317 1256 1528 1310 ἐκείνου
1564 1262 1847 1327 πεπορθη-

160 1346 326 1413 μένας
363 1349 572 1415 πόλεις,
610 1349 934 1415 μαντεύεται
974 1344 1035 1400 δὲ
1074 1345 1165 1399 καὶ
1207 1347 1372 1409 αὐτὸς
1412 1345 1684 1415 Ἀχιλλεὺς
1722 1348 1852 1415 περί

161 1454 217 1487 τε
256 1443 351 1503 τῆς
377 1434 639 1506 ’Έκτορος
677 1435 953 1504 ἀριστείας
999 1434 1090 1488 καὶ
1138 1435 1283 1497 ὅπως
1321 1435 1491 1488 αὐτὸν
1531 1437 1742 1502 ζητήσει
1782 1436 1848 1487 τὰ

160 1525 462 1593 πράγματα.
539 1525 629 1577 καὶ
683 1525 806 1594 περὶ
860 1523 1196 1592 Ἀριστείδου
1252 1521 1310 1576 δὲ
1366 1530 1464 1576 τοῦ
1518 1523 1845 1592 Λυσιμάχου
1871 1543 1912 1576 15

160 1614 293 1682 μετὰ
340 1615 471 1676 τοὺς
522 1615 734 1682 φόρους
785 1613 1169 1683 ἀργυρολόγου
1215 1611 1478 1674 πλέοντος
1523 1608 1592 1681 ἧν
1639 1613 1708 1664 ἄν
1753 1632 1847 1679 μοι

159 1703 220 1754 τὸ
251 1712 361 1755 τῶν
392 1702 641 1769 μάντεων
671 1711 869 1770 ποιεῖν,
907 1700 1216 1771 προλέγειν,
1256 1702 1329 1764 ὡς
1363 1702 1369 1770 Ι
1404 1699 1532 1770 μεθ’
1565 1700 1755 1769 ὁμοίας
1786 1712 1828 1755 R
1848 1717 1932 1757 671

162 1789 408 1843 ἐπάνεισι
474 1793 678 1853 πενίας.
764 1790 848 1843 36.
881 1791 884 1795 ’
919 1789 1008 1843 καὶ
1070 1798 1176 1843 νῦν
1244 1793 1440 1843 τοίνυν
1502 1789 1695 1858 ἐβόων,
1764 1789 1846 1842 ὅτι

160 1886 359 1931 ταῦτα
397 1882 707 1947 βασιλεὺς
747 1880 991 1932 εἵσεται
1030 1876 1146 1946 μὲν
1178 1879 1380 1941 οὕτως
1419 1878 1727 1948 ἀκριβῶς,
1767 1879 1847 1941 ὡς

159 1965 360 2035 μηδὲν
412 1964 582 2021 εἶναι
640 1966 838 2021 πλέον
895 1977 1033 2030 τοῖς
1084 1968 1438 2030 αὐτόπταις
1498 1965 1844 2036 γεγενημέ-
1869 1988 1911 2019 20

159 2075 300 2119 νοις
339 2057 518 2125 ἡμῖν,
558 2056 800 2125 αὐχένα
840 2055 907 2109 δὲ
941 2056 1180 2110 οὐδένα
1219 2057 1545 2125 ὑποθήσει
1585 2057 1844 2128 σιδήρῳ.

278 2280 302 2317 2
335 2275 386 2318 Π.
414 2293 443 2318 οι
469 2280 522 2319 69
669 2281 721 2319 11
755 2275 805 2319 Il.
834 2294 850 2320 ι
884 2281 967 2319 115
982 2291 1047 2332 sq.
1187 2281 1240 2319 13
1272 2275 1322 2319 Il.
1351 2293 1381 2319 α
1413 2279 1498 2318 240
1636 2280 1690 2319 15
1721 2275 1842 2319 Plut.

158 2334 298 2378 Arist.
325 2339 393 2377 24.
441 2334 631 2380 Aristid.
658 2335 746 2379 t.11
772 2339 871 2390 200,
890 2340 945 2379 22
963 2335 1014 2378 D.
1065 2335 1121 2379 cf.
1148 2333 1395 2379 Kirchhoff
1413 2335 1566 2379 Herm.
1592 2334 1655 2377 XI
1680 2338 1735 2378 28

279 2545 301 2583 1
336 2539 564 2597 ἀφίκηται
588 2541 690 2585 Mor
822 2547 846 2585 2
880 2542 904 2587 ὁ
937 2544 998 2599 (1)
1032 2556 1107 2585 om
1133 2544 1178 2587 B
1206 2544 1211 2598 Ι
1239 2539 1481 2595 θεστόριος
1506 2541 1575 2596 V}
1602 2539 1704 2585 τότε
1736 2537 1841 2598 οὖν]

160 2601 345 2654 „malim
376 2599 458 2656 μὲν
490 2601 748 2656 interponi“
781 2601 849 2644 Re
970 2606 995 2645 5
1029 2601 1090 2652 ὡς
1112 2601 1214 2644 Mor
1260 2600 1539 2656 „mal-&mdis-
1569 2599 1635 2650 εἰς
1664 2601 1841 2644 ἀετῶν“

158 2635 226 2702 ,Re
253 2660 259 2716 1
288 2658 431 2702 αὐτὸν
456 2658 571 2701 Plan
693 2664 718 2702 6
751 2659 868 2715 ὁρᾶν
900 2660 1065 2716 scripsi
1089 2673 1145 2703 ex
1180 2660 1263 2705 UP
1291 2659 1373 2703 sed
1396 2659 1445 2701 in
1468 2658 1556 2702 hoc
1586 2658 1636 2701 in
1658 2672 1734 2702 ras
1758 2658 1841 2712 m²‚

159 2719 191 2760 Ι
219 2718 301 2761 sed
331 2718 381 2761 in
412 2718 500 2761 hoc
532 2731 587 2761 ex
619 2717 740 2773 ἐρεῖν
774 2732 874 2762 corr
935 2719 1057 2774 ἐρεῖν
1089 2718 1258 2775 reliqui
1289 2717 1398 2761 libri
1428 2717 1546 2761 Plan
1578 2718 1669 2762 edd
1731 2722 1843 2771 „aut

159 2777 310 2831 εὑρεῖν
343 2782 424 2821 aut
449 2778 607 2832 potius
638 2776 788 2833 αἱρεῖν
818 2779 886 2822 vel
917 2777 1035 2823 ἑλεῖν
1067 2778 1330 2835 leyendum“
1363 2777 1430 2820 Re
1604 2781 1627 2819 ’1
1666 2776 1840 2820 ἄκοντα

158 2837 232 2879 Ρα
260 2838 265 2892 Ι
293 2835 395 2890 ἤδει
427 2849 483 2880 ex
507 2835 598 2892 ἤδη
632 2850 732 2880 corr
755 2838 786 2879 1
844 2834 932 2895 ᾔδη
957 2837 1058 2880 Mor
1180 2841 1231 2879 11
1267 2836 1297 2879 ἀ
1299 2834 1482 2892 χιλλέως
1504 2833 1539 2879 Ι
1564 2835 1646 2879 sed
1677 2834 1762 2885 έως
1791 2834 1842 2877 in

159 2907 235 2937 ras
258 2894 328 2938 m²
450 2899 502 2938 17
535 2894 770 2952 προλέγων
795 2883 897 2939 Mor
1018 2900 1073 2939 20
1105 2895 1219 2951 μηδε
1243 2912 1297 2951 γρ
1299 2853 1435 2947 χ,Μω“
1468 2896 1516 2939 et
1547 2894 1635 2938 Sav
1670 2895 1675 2952 Ι
1711 2909 1840 2950 γενο-

159 2951 315 3009 μένοις
344 2954 412 2997 Re
534 2959 587 2997 21
622 2953 795 3011 αὐχένα
819 2981 877 2986 -
902 2954 1073 3013 σιδήρῳ
1107 2954 1224 2998 citat
1252 2953 1371 2997 Plan
1401 2953 1430 2996 l.
1449 2953 1478 2997 1.
1509 2956 1515 3010 Ι
1543 2953 1594 2997 δὲ
1626 2967 1700 2997 om
1722 2952 1841 2996 Plan
