2054 3140
714 100 942 144 LIBANII
974 99 1198 144 ORATIO
1231 100 1316 143 XII
1787 101 1851 153 17

171 244 361 292 λυσαν.
436 237 522 290 22.
563 235 711 289 ὅσων
749 243 891 304 γοῦν
929 239 1187 303 μαλακῶν
1225 234 1288 289 ἐν
1318 235 1508 307 ἀρχαῖς
1538 234 1854 304 γενομένων

167 329 223 381 αἱ
279 336 390 380 τῶν
440 330 740 394 συνθηκῶν
794 324 1132 393 ἀναγνώσεις
1186 323 1539 393 ἐπεισάγουσι
1593 325 1853 394 τοῦνομα,

168 414 573 484 συνεισέρχεται
619 413 708 466 καὶ
757 412 786 466 6
832 421 944 466 τῶν
989 422 1173 466 κακῶν
1220 415 1406 482 ὄχλος,
1456 414 1548 466 καὶ
1593 414 1654 466 τὸ
1700 412 1856 477 τέλος

169 503 356 566 αὐτοῖς
386 505 633 572 γίγνεται
665 509 761 570 τῆς
793 503 1167 572 λαμπρότητος
1199 504 1369 570 ζημία.
1447 501 1532 555 23.
1571 505 1719 555 τίσιν
1751 497 1856 556 οὖν

168 592 311 646 οὕτω
360 590 627 661 συμφέρει
676 588 767 644 καὶ
814 591 915 659 τὴν
969 589 1178 658 ἐσθῆτα
1226 591 1431 660 ταύτην
1484 590 1712 644 ἐνδῦναι
1765 591 1854 644 καὶ

167 682 228 734 τὸ
269 688 550 750 σκῆπτρον
591 678 837 747 ἐνεγκεῖν
875 679 966 732 καὶ
1005 680 1065 731 τὸ
1103 679 1395 749 φάρμακον
1432 682 1646 748 μνήμης
1684 679 1858 733 ἀπαύ-

167 783 302 823 στου
341 770 479 838 πρὸς
517 769 578 821 τὸ
617 767 820 835 μέλλον
855 767 1102 837 ἀφεῖναι;
1143 768 1231 820 σοὶ
1261 766 1352 821 καὶ
1385 767 1535 830 ὅστις
1567 767 1656 821 σοὶ
1688 782 1857 838 προσ-

167 859 355 927 όμοιος
378 856 410 926 ἢ
444 856 675 925 γέγονεν
699 857 732 926 ἦ
757 859 1057 926 γενήσεται.
1113 857 1306 919 παῖδες
1330 855 1395 909 δέ
1415 871 1503 910 σοι
1527 856 1618 909 καὶ
1642 858 1857 910 παίδων

166 948 358 1009 παῖδες
389 944 481 999 καὶ
506 947 564 999 οὗ
584 943 674 998 ἀπ’
700 944 928 999 ἐκείνων
961 954 1074 998 τῶν
1099 954 1213 998 σῶν
1237 944 1487 1013 γένοιντο
1511 946 1601 998 καὶ
1627 944 1857 1014 ζηλωταὶ

167 1036 257 1088 καὶ
281 1037 628 1105 κληρονόμοι.
677 1034 764 1086 24.
788 1035 860 1103 μὴ
885 1035 988 1104 γάρ
1013 1053 1107 1101 μοι
1130 1041 1235 1096 πᾶς
1256 1034 1464 1097 ὕπατος
1486 1033 1736 1102 γενέσθω
1760 1036 1858 1102 βα-

167 1125 370 1193 σιλεύς,
409 1123 703 1193 ἐπειδήπερ
738 1121 910 1186 ἔξεστι
941 1123 1032 1175 καὶ
1065 1125 1216 1175 ἔστιν
1248 1123 1411 1186 αὐτὸς
1453 1123 1555 1192 μὲν
1586 1122 1615 1176 6
1649 1124 1857 1192 διδούς,

167 1212 334 1276 αὐτὸς
381 1213 443 1266 δὲ
490 1212 519 1266 6
568 1212 881 1281 λαμβάνων,
936 1210 1054 1265 ἀλλ’
1095 1211 1155 1275 ὃς
1207 1213 1345 1264 κατὰ
1389 1212 1487 1264 τὸν
1532 1212 1700 1265 πάλαι
1746 1221 1858 1266 τῶν

165 1301 393 1354 ὑπάτων
446 1303 620 1368 νόμον
674 1301 816 1354 οὕτω
863 1301 1110 1370 προῦστη
1164 1309 1260 1370 τῆς
1304 1302 1607 1369 βασιλείας,
1662 1301 1735 1364 ὡς
1780 1302 1859 1363 εἰς

168 1390 414 1453 εὐθύνας
452 1391 927 1458 καταστησόμενος
972 1397 1067 1457 τῆς
1117 1389 1309 1459 ἀρχῆς,
1356 1382 1472 1452 οἶος
1516 1389 1650 1458 ἡμῖν
1695 1389 1857 1453 αὐτὸς

171 1476 422 1541 δέδειξαι.
502 1477 588 1531 25.
648 1479 739 1531 καὶ
792 1479 896 1548 γὰρ
953 1479 1001 1531 εἰ
1050 1480 1248 1546 μείζων
1298 1482 1570 1546 λογιστῶν
1619 1476 1711 1530 καὶ
1756 1485 1857 1531 τοῦ

170 1567 387 1619 διδόναι
426 1568 595 1635 λόγον
637 1566 953 1637 ἀνθρώπων
990 1564 1137 1619 τισὶν
1175 1567 1209 1635 ἡ
1256 1554 1419 1635 Τύχη,
1458 1565 1629 1629 θεούς
1667 1564 1733 1634 γέ
1769 1580 1858 1619 σοι

170 1659 457 1722 καθῆσθαι
524 1655 762 1723 νομίζων
823 1654 1154 1722 δοκιμαστὰς
1224 1652 1387 1716 ἀξίως
1452 1662 1564 1706 τῶν
1632 1652 1859 1707 ἐκείνων

173 1742 485 1811 ὀφθαλμῶν
510 1743 723 1795 ἅπαντα
745 1741 836 1795 καὶ
868 1742 1122 1813 πράττεις
1152 1742 1243 1794 καὶ
1276 1741 1466 1811 λέγεις,
1499 1743 1573 1806 ὡς
1604 1744 1731 1796 οὔτε
1761 1744 1860 1797 τὸν

172 1831 333 1899 ἥλιον
372 1831 499 1884 οὔτε
539 1832 640 1899 τὴν
678 1832 850 1884 νύκτα
887 1832 1086 1899 λήσων.
1162 1829 1479 1899 λαμβανέτω
1528 1831 1589 1884 δὲ
1626 1833 1715 1885 καὶ
1755 1841 1859 1895 πᾶς

174 1919 203 1972 6
242 1921 581 1987 βουλόμενος
621 1917 865 1982 ἐξέτασιν
903 1919 1103 1988 ὁμοίως
1141 1917 1232 1971 καὶ
1271 1917 1396 1982 νέος
1434 1917 1524 1972 καὶ
1563 1918 1756 1989 γέρων.

282 2008 368 2060 26.
413 2006 552 2078 Ἐρῶ
594 2008 656 2060 δὲ
695 2006 801 2076 ἐγὼ
842 2009 1181 2077 φαυλότερος
1219 2007 1358 2078 ὑπὲρ
1399 2007 1659 2079 ὀξυτέρου
1700 2009 1858 2078 ῥήτο-

173 2116 268 2167 ρος
306 2096 408 2150 οὐκ
446 2095 538 2149 ἀπ’
579 2097 747 2165 αὐτῆς
792 2104 886 2166 τῆς
934 2098 1216 2164 βασιλείας
1254 2095 1571 2166 ἀρξάμενος,
1611 2095 1727 2151 ἀλλ’
1767 2096 1857 2151 ἐπὶ

290 2306 315 2345 6
351 2301 469 2345 Plat.
488 2301 684 2345 Phaedr.
710 2317 754 2358 p.
774 2306 860 2345 274
884 2301 934 2345 Ε.
961 2305 1046 2345 275
1064 2301 1105 2344 Α
1239 2306 1265 2345 8
1298 2301 1349 2345 11.
1375 2318 1404 2345 v
1429 2305 1514 2345 308
1648 2306 1700 2346 17
1726 2301 1859 2346 Dem.

172 2374 210 2404 ο.
242 2359 354 2404 Mid.
390 2366 414 2414 ς
443 2364 524 2404 127
558 2375 601 2417 p.
629 2365 729 2416 556,
751 2366 803 2404 17

294 2557 316 2596 1
350 2551 666 2610 γεγενημένων
690 2553 736 2596 Β
856 2558 884 2597 4
915 2551 1092 2611 γίνεται
1126 2554 1169 2598 V
1283 2558 1309 2596 5
1343 2552 1488 2604 ὄντως
1518 2566 1575 2596 ex
1606 2567 1725 2596 ουτω
1759 2565 1860 2595 corr

171 2610 244 2655 Ρ*
367 2616 390 2654 7
424 2613 618 2667 ἀφεῖναι
643 2614 911 2669 corruptum
934 2612 1128 2665 videtur,
1159 2612 1250 2655 nisi
1274 2611 1389 2668 quid
1413 2613 1521 2656 anfie
1544 2611 1661 2666 πρὸς
1684 2610 1861 2654 excidit

233 2674 288 2713 10
326 2669 527 2727 γινέσθω
562 2672 606 2716 V
688 2669 918 2728 γιγνέσθω
960 2671 1101 2715 MBI
1140 2671 1222 2714 sed.
1252 2671 1301 2714 in
1332 2670 1420 2715 hoe
1460 2687 1504 2728 ιγ
1543 2671 1593 2713 in
1623 2683 1698 2713 ras
1730 2668 1801 2712 m'

176 2732 227 2772 11
263 2729 384 2773 ἐστὶν
415 2730 483 2774 Re
606 2734 659 2773 13
696 2729 840 2787 νόμον
872 2743 897 2774 e
928 2728 1083 2787 νόμων
1115 2744 1216 2773 corr
1242 2730 1300 2775 (7ει
1422 2688 1504 2774 14γ
1509 2728 1648 2780 αυτὸς
1677 2728 1788 2785 ἡμῖν
1812 2729 1859 2772 Β

234 2791 288 2831 16
331 2787 360 2844 ἡ
394 2788 448 2844 σὴ
479 2788 594 2847 τύχη
626 2789 731 2833 coni
755 2789 822 2832 Re
1004 2794 1057 2832 17
1089 2791 1310 2845 καθῆσθε
1336 2789 1398 2832 Μ
1432 2788 1514 2832 sed
1545 2805 1595 2832 αι
1630 2799 1856 2843 suprascr.

175 2845 243 2888 m³
302 2849 409 2902 post
438 2850 688 2903 καθῆσθαι
717 2861 880 2892 rasura
906 2848 1047 2891 trium
1072 2847 1372 2892 litterarum
1359 2862 1408 2890 m
1431 2848 1467 2890 I
1494 2850 1499 2878 ¹
1529 2844 1750 2896 δικαστάς
1774 2845 1859 2889 VB

235 2907 289 2947 21
337 2903 382 2949 δ’
418 2906 487 2949 Re
528 2906 535 2964 Ι
578 2906 664 2964 ἐγὼ
697 2905 721 2950 ὁ
754 2905 1037 2963 φαυλότερος
1062 2907 1105 2951 V
1217 2911 1273 2950 22
1306 2907 1386 2950 καὶ
1417 2880 1502 2950 οὐκΙ
1535 2907 1594 2950 Μ

268 2986 465 3019 Lamnus
490 2987 547 3020 ed.
570 2988 809 3021 Foerster.
846 2989 898 3020 Π.
1566 2983 1591 3020 2

1882 1055 1925 1088 10

1882 1498 1924 1532 15

1883 1942 1926 1974 20
