<?xml version="1.0" encoding="UTF-8"?>
<!DOCTYPE html PUBLIC "-//W3C//DTD XHTML 1.0 Transitional//EN"
    "http://www.w3.org/TR/xhtml1/DTD/xhtml1-transitional.dtd">
<html xmlns="http://www.w3.org/1999/xhtml" xml:lang="en" lang="en">
 <head>
  <title>
</title>
<meta http-equiv="Content-Type" content="text/html;charset=utf-8" />
  <meta name='ocr-system' content='tesseract 3.04.00' />
  <meta name='ocr-capabilities' content='ocr_page ocr_carea ocr_par ocr_line ocrx_word'/>
</head>
<body>
  <div class='ocr_page' id='page_1' title='image "./operarecensuitri02libauoft_0075.png"; bbox 0 0 2072 3162; ppageno 0'>
   <div class='ocr_carea' id='block_1_1' title="bbox 639 125 1791 181">
    <p class='ocr_par' dir='ltr' id='par_1_1' title="bbox 639 125 1791 181">
     <span class='ocr_line' id='line_1_1' title="bbox 639 125 1791 181; baseline 0 -10"><span class='ocrx_word' id='word_1_1' title='bbox 639 127 866 171; x_wconf 86' lang='lat' dir='ltr'>LIBANII</span> <span class='ocrx_word' id='word_1_2' title='bbox 897 125 1119 171; x_wconf 88' lang='lat' dir='ltr'><strong>ORATIO</strong></span> <span class='ocrx_word' id='word_1_3' title='bbox 1152 127 1258 171; x_wconf 91' lang='lat' dir='ltr'>XIII</span> <span class='ocrx_word' id='word_1_4' title='bbox 1721 129 1791 181; x_wconf 82' lang='grc'><em>65</em></span> 
     </span>
    </p>
   </div>
   <div class='ocr_carea' id='block_1_2' title="bbox 103 256 1873 2196">
    <p class='ocr_par' dir='ltr' id='par_1_2' title="bbox 103 256 1873 2196">
     <span class='ocr_line' id='line_1_2' title="bbox 108 256 1792 333; baseline -0.001 -15"><span class='ocrx_word' id='word_1_5' title='bbox 108 263 201 318; x_wconf 85' lang='grc' dir='ltr'><em>καὶ</em></span> <span class='ocrx_word' id='word_1_6' title='bbox 254 265 320 317; x_wconf 86' lang='grc' dir='ltr'><em>τὰ</em></span> <span class='ocrx_word' id='word_1_7' title='bbox 372 262 598 332; x_wconf 86' lang='grc' dir='ltr'><em>μέγιστα</em></span> <span class='ocrx_word' id='word_1_8' title='bbox 652 262 954 331; x_wconf 79' lang='grc' dir='ltr'><em>ἀποφήνας.</em></span> <span class='ocrx_word' id='word_1_9' title='bbox 1032 263 1078 315; x_wconf 89' lang='grc'><em>6.</em></span> <span class='ocrx_word' id='word_1_10' title='bbox 1135 256 1258 316; x_wconf 82' lang='grc' dir='ltr'><em>οἷον</em></span> <span class='ocrx_word' id='word_1_11' title='bbox 1311 263 1415 333; x_wconf 77' lang='grc' dir='ltr'><em>γάρ</em></span> <span class='ocrx_word' id='word_1_12' title='bbox 1467 283 1519 316; x_wconf 91' lang='grc' dir='ltr'><em>τι</em></span> <span class='ocrx_word' id='word_1_13' title='bbox 1568 264 1629 316; x_wconf 89' lang='grc' dir='ltr'><em>τὸ</em></span> <span class='ocrx_word' id='word_1_14' title='bbox 1681 273 1792 317; x_wconf 83' lang='grc' dir='ltr'><em>τῶν</em></span> 
     </span>
     <span class='ocr_line' id='line_1_3' title="bbox 109 349 1791 422; baseline 0.001 -17"><span class='ocrx_word' id='word_1_15' title='bbox 109 354 393 406; x_wconf 83' lang='grc' dir='ltr'><strong><em>Αἰακιδῶν</em></strong></span> <span class='ocrx_word' id='word_1_16' title='bbox 431 350 692 419; x_wconf 83' lang='grc' dir='ltr'><em>γενέσθαι</em></span> <span class='ocrx_word' id='word_1_17' title='bbox 733 353 922 420; x_wconf 85' lang='grc' dir='ltr'><em>φασίν,</em></span> <span class='ocrx_word' id='word_1_18' title='bbox 970 350 1180 419; x_wconf 80' lang='grc' dir='ltr'><em>ἀγαθὸς</em></span> <span class='ocrx_word' id='word_1_19' title='bbox 1225 349 1327 421; x_wconf 73' lang='grc' dir='ltr'><em>μὲν</em></span> <span class='ocrx_word' id='word_1_20' title='bbox 1366 353 1528 415; x_wconf 86' lang='grc' dir='ltr'><em>αὐτὸς</em></span> <span class='ocrx_word' id='word_1_21' title='bbox 1566 354 1791 422; x_wconf 86' lang='grc' dir='ltr'><em>Αἰακός,</em></span> 
     </span>
     <span class='ocr_line' id='line_1_4' title="bbox 108 438 1792 511; baseline -0.001 -16"><span class='ocrx_word' id='word_1_22' title='bbox 108 443 161 495; x_wconf 83' lang='grc' dir='ltr'><em>οὶ</em></span> <span class='ocrx_word' id='word_1_23' title='bbox 201 438 263 494; x_wconf 75' lang='grc' dir='ltr'><em>δὲ</em></span> <span class='ocrx_word' id='word_1_24' title='bbox 298 439 351 504; x_wconf 84' lang='grc' dir='ltr'><em>ἐξ</em></span> <span class='ocrx_word' id='word_1_25' title='bbox 385 441 598 494; x_wconf 86' lang='grc' dir='ltr'><em>ἐκείνου</em></span> <span class='ocrx_word' id='word_1_26' title='bbox 630 441 1037 511; x_wconf 75' lang='grc' dir='ltr'><em>γνωριμώτεροι</em></span> <span class='ocrx_word' id='word_1_27' title='bbox 1068 449 1183 504; x_wconf 86' lang='grc' dir='ltr'><em>τοῖς</em></span> <span class='ocrx_word' id='word_1_28' title='bbox 1214 443 1412 511; x_wconf 79' lang='grc' dir='ltr'><em>ἔργοις,</em></span> <span class='ocrx_word' id='word_1_29' title='bbox 1452 443 1530 504; x_wconf 84' lang='grc' dir='ltr'><em>εἰς</em></span> <span class='ocrx_word' id='word_1_30' title='bbox 1552 440 1792 510; x_wconf 78' lang='grc' dir='ltr'><em>Ἀχιλλέα</em></span> 
     </span>
     <span class='ocr_line' id='line_1_5' title="bbox 109 527 1791 599; baseline 0.001 -17"><span class='ocrx_word' id='word_1_31' title='bbox 109 527 170 582; x_wconf 77' lang='grc' dir='ltr'><em>δὲ</em></span> <span class='ocrx_word' id='word_1_32' title='bbox 208 531 268 582; x_wconf 91' lang='grc' dir='ltr'><em>τὸ</em></span> <span class='ocrx_word' id='word_1_33' title='bbox 309 528 520 599; x_wconf 85' lang='grc' dir='ltr'><em>σπέρμα</em></span> <span class='ocrx_word' id='word_1_34' title='bbox 557 530 773 599; x_wconf 78' lang='grc' dir='ltr'><em>προβὰν</em></span> <span class='ocrx_word' id='word_1_35' title='bbox 818 528 947 582; x_wconf 82' lang='grc' dir='ltr'><em>καθ’</em></span> <span class='ocrx_word' id='word_1_36' title='bbox 984 529 1301 599; x_wconf 85' lang='grc' dir='ltr'><em>ὑπερβολὴν</em></span> <span class='ocrx_word' id='word_1_37' title='bbox 1347 528 1634 599; x_wconf 77' lang='grc' dir='ltr'><em>ἐξέλαμψε,</em></span> <span class='ocrx_word' id='word_1_38' title='bbox 1681 549 1791 584; x_wconf 90' lang='grc' dir='ltr'><em>τοι-</em></span> 
     </span>
     <span class='ocr_line' id='line_1_6' title="bbox 107 616 1857 689; baseline 0.001 -18"><span class='ocrx_word' id='word_1_39' title='bbox 107 620 276 672; x_wconf 86' lang='grc' dir='ltr'><em>οῦτόν</em></span> <span class='ocrx_word' id='word_1_40' title='bbox 313 638 366 671; x_wconf 91' lang='grc' dir='ltr'><em>τι</em></span> <span class='ocrx_word' id='word_1_41' title='bbox 404 618 493 670; x_wconf 79' lang='grc' dir='ltr'><em>καὶ</em></span> <span class='ocrx_word' id='word_1_42' title='bbox 525 619 585 671; x_wconf 92' lang='grc' dir='ltr'><em>τὸ</em></span> <span class='ocrx_word' id='word_1_43' title='bbox 619 626 745 671; x_wconf 88' lang='grc' dir='ltr'><em>νῦν·</em></span> <span class='ocrx_word' id='word_1_44' title='bbox 786 627 1032 685; x_wconf 86' lang='grc' dir='ltr'><em>γενναῖοι</em></span> <span class='ocrx_word' id='word_1_45' title='bbox 1064 621 1450 689; x_wconf 74' lang='grc' dir='ltr'><em>γενναιότερον</em></span> <span class='ocrx_word' id='word_1_46' title='bbox 1480 616 1669 672; x_wconf 81' lang='grc' dir='ltr'><em>ἔτεκον</em></span> <span class='ocrx_word' id='word_1_47' title='bbox 1699 617 1790 672; x_wconf 85' lang='grc' dir='ltr'><em>καὶ</em></span> <span class='ocrx_word' id='word_1_48' title='bbox 1837 640 1857 673; x_wconf 82' lang='grc'>5</span> 
     </span>
     <span class='ocr_line' id='line_1_7' title="bbox 106 704 1790 776; baseline 0.001 -17"><span class='ocrx_word' id='word_1_49' title='bbox 106 708 207 776; x_wconf 80' lang='grc' dir='ltr'><em>τὴν</em></span> <span class='ocrx_word' id='word_1_50' title='bbox 230 707 462 775; x_wconf 78' lang='grc' dir='ltr'><em>ἡδίστην</em></span> <span class='ocrx_word' id='word_1_51' title='bbox 491 704 660 776; x_wconf 81' lang='grc' dir='ltr'><em>ἧτταν</em></span> <span class='ocrx_word' id='word_1_52' title='bbox 689 707 1007 776; x_wconf 80' lang='grc' dir='ltr'><em>ἡττήθησαν</em></span> <span class='ocrx_word' id='word_1_53' title='bbox 1038 708 1128 760; x_wconf 81' lang='grc' dir='ltr'><em>καὶ</em></span> <span class='ocrx_word' id='word_1_54' title='bbox 1159 709 1356 776; x_wconf 86' lang='grc' dir='ltr'><em>κοινὴν</em></span> <span class='ocrx_word' id='word_1_55' title='bbox 1386 709 1592 776; x_wconf 87' lang='grc' dir='ltr'><em>ταύτην</em></span> <span class='ocrx_word' id='word_1_56' title='bbox 1621 708 1790 761; x_wconf 73' lang='grc' dir='ltr'><em>ἁπάν-</em></span> 
     </span>
     <span class='ocr_line' id='line_1_8' title="bbox 104 793 1792 866; baseline 0.001 -18"><span class='ocrx_word' id='word_1_57' title='bbox 104 815 217 848; x_wconf 86' lang='grc' dir='ltr'><em>των</em></span> <span class='ocrx_word' id='word_1_58' title='bbox 255 793 532 864; x_wconf 79' lang='grc' dir='ltr'><em>ἐποίησαν.</em></span> <span class='ocrx_word' id='word_1_59' title='bbox 595 795 729 849; x_wconf 83' lang='grc' dir='ltr'><em>ὅταν</em></span> <span class='ocrx_word' id='word_1_60' title='bbox 768 797 871 866; x_wconf 80' lang='grc' dir='ltr'><em>γὰρ</em></span> <span class='ocrx_word' id='word_1_61' title='bbox 913 797 963 848; x_wconf 79' lang='grc' dir='ltr'><em>οἱ</em></span> <span class='ocrx_word' id='word_1_62' title='bbox 1004 805 1115 849; x_wconf 84' lang='grc' dir='ltr'><em>τῶν</em></span> <span class='ocrx_word' id='word_1_63' title='bbox 1154 797 1337 848; x_wconf 81' lang='grc' dir='ltr'><em>ἄλλων</em></span> <span class='ocrx_word' id='word_1_64' title='bbox 1369 796 1629 865; x_wconf 81' lang='grc' dir='ltr'><em>ἀμείνους</em></span> <span class='ocrx_word' id='word_1_65' title='bbox 1667 797 1792 850; x_wconf 87' lang='grc' dir='ltr'><em>δεύ-</em></span> 
     </span>
     <span class='ocr_line' id='line_1_9' title="bbox 104 884 1790 954; baseline 0.001 -17"><span class='ocrx_word' id='word_1_66' title='bbox 104 887 260 952; x_wconf 87' lang='grc' dir='ltr'><em>τεροί</em></span> <span class='ocrx_word' id='word_1_67' title='bbox 292 905 391 938; x_wconf 93' lang='grc' dir='ltr'><em>του</em></span> <span class='ocrx_word' id='word_1_68' title='bbox 431 884 724 953; x_wconf 73' lang='grc' dir='ltr'><em>γένωνται,</em></span> <span class='ocrx_word' id='word_1_69' title='bbox 763 886 1021 953; x_wconf 80' lang='grc' dir='ltr'><em>μειζόνως</em></span> <span class='ocrx_word' id='word_1_70' title='bbox 1058 886 1289 947; x_wconf 83' lang='grc' dir='ltr'><em>τούτους</em></span> <span class='ocrx_word' id='word_1_71' title='bbox 1328 885 1617 954; x_wconf 77' lang='grc' dir='ltr'><em>ἀπέφηναν</em></span> <span class='ocrx_word' id='word_1_72' title='bbox 1657 885 1790 939; x_wconf 82' lang='grc' dir='ltr'><em>ἐκεί-</em></span> 
     </span>
     <span class='ocr_line' id='line_1_10' title="bbox 104 969 1790 1044; baseline 0.001 -19"><span class='ocrx_word' id='word_1_73' title='bbox 104 993 208 1025; x_wconf 84' lang='grc' dir='ltr'><em>νου</em></span> <span class='ocrx_word' id='word_1_74' title='bbox 242 973 550 1043; x_wconf 85' lang='grc' dir='ltr'><em>δευτέρους,</em></span> <span class='ocrx_word' id='word_1_75' title='bbox 588 970 666 1027; x_wconf 77' lang='grc' dir='ltr'><em>ὧν</em></span> <span class='ocrx_word' id='word_1_76' title='bbox 696 969 837 1041; x_wconf 73' lang='grc' dir='ltr'><em>ἦσαν</em></span> <span class='ocrx_word' id='word_1_77' title='bbox 868 972 1025 1026; x_wconf 83' lang='grc' dir='ltr'><em>αὐτοὶ</em></span> <span class='ocrx_word' id='word_1_78' title='bbox 1055 976 1328 1037; x_wconf 78' lang='grc' dir='ltr'><em>καλλίους.</em></span> <span class='ocrx_word' id='word_1_79' title='bbox 1407 974 1453 1026; x_wconf 85' lang='lat'><em>7.</em></span> <span class='ocrx_word' id='word_1_80' title='bbox 1492 977 1790 1044; x_wconf 80' lang='grc' dir='ltr'><em>πόρρωθεν</em></span> 
     </span>
     <span class='ocr_line' id='line_1_11' title="bbox 106 1059 1854 1134; baseline 0.001 -20"><span class='ocrx_word' id='word_1_81' title='bbox 106 1059 169 1114; x_wconf 77' lang='grc' dir='ltr'><em>δὲ</em></span> <span class='ocrx_word' id='word_1_82' title='bbox 209 1064 314 1131; x_wconf 79' lang='grc' dir='ltr'><em>ἄρα</em></span> <span class='ocrx_word' id='word_1_83' title='bbox 353 1063 443 1115; x_wconf 84' lang='grc' dir='ltr'><em>καὶ</em></span> <span class='ocrx_word' id='word_1_84' title='bbox 482 1064 587 1133; x_wconf 91' lang='grc' dir='ltr'><em>πρὸ</em></span> <span class='ocrx_word' id='word_1_85' title='bbox 626 1071 721 1130; x_wconf 81' lang='grc' dir='ltr'><em>τῆς</em></span> <span class='ocrx_word' id='word_1_86' title='bbox 759 1065 1038 1131; x_wconf 86' lang='grc' dir='ltr'><em>βασιλείας</em></span> <span class='ocrx_word' id='word_1_87' title='bbox 1075 1061 1219 1132; x_wconf 72' lang='grc' dir='ltr'><em>ἤρξω</em></span> <span class='ocrx_word' id='word_1_88' title='bbox 1258 1072 1493 1133; x_wconf 81' lang='grc' dir='ltr'><em>κρατεῖν.</em></span> <span class='ocrx_word' id='word_1_89' title='bbox 1570 1064 1636 1116; x_wconf 85' lang='grc' dir='ltr'><em>οὐ</em></span> <span class='ocrx_word' id='word_1_90' title='bbox 1684 1065 1789 1134; x_wconf 81' lang='grc' dir='ltr'><em>γὰρ</em></span> <span class='ocrx_word' id='word_1_91' title='bbox 1815 1083 1854 1116; x_wconf 79' lang='lat'><em>10</em></span> 
     </span>
     <span class='ocr_line' id='line_1_12' title="bbox 105 1150 1790 1221; baseline 0.001 -18"><span class='ocrx_word' id='word_1_92' title='bbox 105 1150 266 1218; x_wconf 83' lang='grc' dir='ltr'><em>ὅμοια</em></span> <span class='ocrx_word' id='word_1_93' title='bbox 315 1153 380 1205; x_wconf 78' lang='grc' dir='ltr'><em>τὰ</em></span> <span class='ocrx_word' id='word_1_94' title='bbox 431 1150 492 1204; x_wconf 81' lang='grc' dir='ltr'><em>ἐν</em></span> <span class='ocrx_word' id='word_1_95' title='bbox 541 1152 696 1204; x_wconf 81' lang='grc' dir='ltr'><em>παισὶ</em></span> <span class='ocrx_word' id='word_1_96' title='bbox 748 1155 842 1204; x_wconf 90' lang='grc' dir='ltr'><em>σοί</em></span> <span class='ocrx_word' id='word_1_97' title='bbox 883 1171 939 1204; x_wconf 87' lang='grc' dir='ltr'><em>τε</em></span> <span class='ocrx_word' id='word_1_98' title='bbox 985 1152 1075 1204; x_wconf 81' lang='grc' dir='ltr'><em>καὶ</em></span> <span class='ocrx_word' id='word_1_99' title='bbox 1125 1160 1241 1214; x_wconf 90' lang='grc' dir='ltr'><em>τοῖς</em></span> <span class='ocrx_word' id='word_1_100' title='bbox 1291 1153 1500 1221; x_wconf 82' lang='grc' dir='ltr'><em>ἄλλοις,</em></span> <span class='ocrx_word' id='word_1_101' title='bbox 1556 1152 1688 1206; x_wconf 82' lang='grc' dir='ltr'><em>οὐδὲ</em></span> <span class='ocrx_word' id='word_1_102' title='bbox 1734 1153 1790 1205; x_wconf 84' lang='grc' dir='ltr'><em>αἱ</em></span> 
     </span>
     <span class='ocr_line' id='line_1_13' title="bbox 103 1240 1790 1311; baseline 0.002 -20"><span class='ocrx_word' id='word_1_103' title='bbox 103 1240 364 1307; x_wconf 82' lang='grc' dir='ltr'><em>κρηπῖδες</em></span> <span class='ocrx_word' id='word_1_104' title='bbox 401 1242 786 1310; x_wconf 87' lang='grc' dir='ltr'><em>παραπλήσιαι.</em></span> <span class='ocrx_word' id='word_1_105' title='bbox 863 1249 974 1293; x_wconf 85' lang='grc' dir='ltr'><em>τῶν</em></span> <span class='ocrx_word' id='word_1_106' title='bbox 1019 1261 1082 1309; x_wconf 92' lang='grc' dir='ltr'><em>γε</em></span> <span class='ocrx_word' id='word_1_107' title='bbox 1131 1242 1240 1310; x_wconf 84' lang='grc' dir='ltr'><em>μὴν</em></span> <span class='ocrx_word' id='word_1_108' title='bbox 1279 1241 1452 1303; x_wconf 80' lang='grc' dir='ltr'><em>εὐθὺς</em></span> <span class='ocrx_word' id='word_1_109' title='bbox 1491 1241 1551 1294; x_wconf 82' lang='grc' dir='ltr'><em>ἐν</em></span> <span class='ocrx_word' id='word_1_110' title='bbox 1591 1241 1790 1311; x_wconf 81' lang='grc' dir='ltr'><em>ἁλουρ-</em></span> 
     </span>
     <span class='ocr_line' id='line_1_14' title="bbox 104 1328 1873 1399; baseline 0.003 -20"><span class='ocrx_word' id='word_1_111' title='bbox 104 1329 221 1395; x_wconf 87' lang='grc' dir='ltr'><em>γίσι</em></span> <span class='ocrx_word' id='word_1_112' title='bbox 273 1328 595 1398; x_wconf 84' lang='grc' dir='ltr'><em>τραφέντων</em></span> <span class='ocrx_word' id='word_1_113' title='bbox 651 1330 657 1397; x_wconf 88' lang='grc' dir='ltr'>Ι</span> <span class='ocrx_word' id='word_1_114' title='bbox 714 1329 742 1383; x_wconf 88' lang='grc' dir='ltr'>ὁ</span> <span class='ocrx_word' id='word_1_115' title='bbox 789 1330 854 1382; x_wconf 80' lang='grc' dir='ltr'><em>τα</em></span> <span class='ocrx_word' id='word_1_116' title='bbox 901 1339 1091 1399; x_wconf 84' lang='grc' dir='ltr'><em>πρῶτα</em></span> <span class='ocrx_word' id='word_1_117' title='bbox 1136 1330 1418 1399; x_wconf 86' lang='grc' dir='ltr'><em>μετασχὼν</em></span> <span class='ocrx_word' id='word_1_118' title='bbox 1465 1331 1689 1383; x_wconf 86' lang='grc' dir='ltr'><em>ἰδιώτου</em></span> <span class='ocrx_word' id='word_1_119' title='bbox 1729 1343 1873 1386; x_wconf 78' lang='lat' dir='ltr'>R407</span> 
     </span>
     <span class='ocr_line' id='line_1_15' title="bbox 103 1415 1789 1489; baseline 0.002 -21"><span class='ocrx_word' id='word_1_120' title='bbox 103 1415 302 1480; x_wconf 80' lang='grc' dir='ltr'><em>τάξεως</em></span> <span class='ocrx_word' id='word_1_121' title='bbox 351 1416 732 1487; x_wconf 83' lang='grc' dir='ltr'><em>ἐμπειρότερος</em></span> <span class='ocrx_word' id='word_1_122' title='bbox 782 1420 860 1481; x_wconf 79' lang='grc' dir='ltr'><em>εἰς</em></span> <span class='ocrx_word' id='word_1_123' title='bbox 906 1417 1095 1488; x_wconf 77' lang='grc' dir='ltr'><em>ἀρχήν,</em></span> <span class='ocrx_word' id='word_1_124' title='bbox 1151 1417 1204 1481; x_wconf 79' lang='grc' dir='ltr'><em>ἐξ</em></span> <span class='ocrx_word' id='word_1_125' title='bbox 1252 1418 1458 1489; x_wconf 78' lang='grc' dir='ltr'><em>ἀγορᾶς</em></span> <span class='ocrx_word' id='word_1_126' title='bbox 1503 1421 1643 1488; x_wconf 83' lang='grc' dir='ltr'><em>ἔχων</em></span> <span class='ocrx_word' id='word_1_127' title='bbox 1687 1420 1789 1487; x_wconf 85' lang='grc' dir='ltr'><em>τὴν</em></span> 
     </span>
     <span class='ocr_line' id='line_1_16' title="bbox 104 1501 1853 1576; baseline 0.002 -20"><span class='ocrx_word' id='word_1_128' title='bbox 104 1505 350 1573; x_wconf 81' lang='grc' dir='ltr'><em>μάθησιν</em></span> <span class='ocrx_word' id='word_1_129' title='bbox 388 1501 467 1558; x_wconf 79' lang='grc' dir='ltr'><em>ὧν</em></span> <span class='ocrx_word' id='word_1_130' title='bbox 513 1507 818 1575; x_wconf 90' lang='grc' dir='ltr'><em>διοικήσειν</em></span> <span class='ocrx_word' id='word_1_131' title='bbox 863 1504 1100 1573; x_wconf 77' lang='grc' dir='ltr'><em>ἔμελλεν.</em></span> <span class='ocrx_word' id='word_1_132' title='bbox 1178 1507 1224 1559; x_wconf 86' lang='grc'><em>8.</em></span> <span class='ocrx_word' id='word_1_133' title='bbox 1280 1505 1483 1559; x_wconf 88' lang='grc' dir='ltr'><em>οὑτωσὶ</em></span> <span class='ocrx_word' id='word_1_134' title='bbox 1528 1508 1630 1576; x_wconf 82' lang='grc' dir='ltr'><em>μὲν</em></span> <span class='ocrx_word' id='word_1_135' title='bbox 1674 1516 1787 1559; x_wconf 83' lang='grc' dir='ltr'><em>τῶν</em></span> <span class='ocrx_word' id='word_1_136' title='bbox 1812 1527 1853 1560; x_wconf 87' lang='lat'><em>15</em></span> 
     </span>
     <span class='ocr_line' id='line_1_17' title="bbox 104 1591 1787 1665; baseline 0.002 -21"><span class='ocrx_word' id='word_1_137' title='bbox 104 1591 240 1662; x_wconf 87' lang='grc' dir='ltr'><em>πρὶν</em></span> <span class='ocrx_word' id='word_1_138' title='bbox 276 1592 309 1660; x_wconf 78' lang='grc' dir='ltr'>ἢ</span> <span class='ocrx_word' id='word_1_139' title='bbox 350 1597 653 1647; x_wconf 86' lang='grc' dir='ltr'><em>λυσιτελεῖν</em></span> <span class='ocrx_word' id='word_1_140' title='bbox 687 1595 1133 1662; x_wconf 75' lang='grc' dir='ltr'><em>βασιλευσάντων</em></span> <span class='ocrx_word' id='word_1_141' title='bbox 1162 1603 1393 1665; x_wconf 85' lang='grc' dir='ltr'><em>κρατεῖς,</em></span> <span class='ocrx_word' id='word_1_142' title='bbox 1434 1594 1511 1647; x_wconf 82' lang='grc' dir='ltr'><em>ὅτ’</em></span> <span class='ocrx_word' id='word_1_143' title='bbox 1544 1596 1787 1663; x_wconf 77' lang='grc' dir='ltr'><em>ἄμεινον,</em></span> 
     </span>
     <span class='ocr_line' id='line_1_18' title="bbox 105 1678 1788 1753; baseline 0.002 -21"><span class='ocrx_word' id='word_1_144' title='bbox 105 1679 193 1732; x_wconf 79' lang='grc' dir='ltr'><em>ἐπὶ</em></span> <span class='ocrx_word' id='word_1_145' title='bbox 232 1688 395 1734; x_wconf 86' lang='grc' dir='ltr'><em>τοῦτο</em></span> <span class='ocrx_word' id='word_1_146' title='bbox 428 1683 596 1750; x_wconf 79' lang='grc' dir='ltr'><em>ἥκων·</em></span> <span class='ocrx_word' id='word_1_147' title='bbox 637 1685 766 1745; x_wconf 88' lang='grc' dir='ltr'><em>τοὺς</em></span> <span class='ocrx_word' id='word_1_148' title='bbox 806 1681 853 1735; x_wconf 90' lang='grc' dir='ltr'><em>δ’</em></span> <span class='ocrx_word' id='word_1_149' title='bbox 887 1678 955 1735; x_wconf 85' lang='grc' dir='ltr'><em>αὗ</em></span> <span class='ocrx_word' id='word_1_150' title='bbox 995 1684 1128 1750; x_wconf 81' lang='grc' dir='ltr'><em>μετὰ</em></span> <span class='ocrx_word' id='word_1_151' title='bbox 1162 1690 1266 1736; x_wconf 86' lang='grc' dir='ltr'><em>νοῦ</em></span> <span class='ocrx_word' id='word_1_152' title='bbox 1299 1691 1463 1736; x_wconf 89' lang='grc' dir='ltr'><em>τοῦτο</em></span> <span class='ocrx_word' id='word_1_153' title='bbox 1496 1682 1788 1753; x_wconf 78' lang='grc' dir='ltr'><em>ἐσχηκότας</em></span> 
     </span>
     <span class='ocr_line' id='line_1_19' title="bbox 104 1768 1786 1839; baseline 0.002 -18"><span class='ocrx_word' id='word_1_154' title='bbox 104 1775 262 1839; x_wconf 80' lang='grc' dir='ltr'><em>νικᾷς</em></span> <span class='ocrx_word' id='word_1_155' title='bbox 301 1769 588 1839; x_wconf 76' lang='grc' dir='ltr'><em>ἑτέρωθεν,</em></span> <span class='ocrx_word' id='word_1_156' title='bbox 628 1776 837 1837; x_wconf 86' lang='grc' dir='ltr'><em>μᾶλλον</em></span> <span class='ocrx_word' id='word_1_157' title='bbox 876 1768 937 1824; x_wconf 78' lang='grc' dir='ltr'><em>δὲ</em></span> <span class='ocrx_word' id='word_1_158' title='bbox 972 1770 1061 1823; x_wconf 84' lang='grc' dir='ltr'><em>καὶ</em></span> <span class='ocrx_word' id='word_1_159' title='bbox 1094 1772 1324 1834; x_wconf 86' lang='grc' dir='ltr'><em>τούτους</em></span> <span class='ocrx_word' id='word_1_160' title='bbox 1361 1772 1649 1835; x_wconf 81' lang='grc' dir='ltr'><em>κάκείνους</em></span> <span class='ocrx_word' id='word_1_161' title='bbox 1681 1772 1786 1825; x_wconf 80' lang='grc' dir='ltr'><em>ἀπὸ</em></span> 
     </span>
     <span class='ocr_line' id='line_1_20' title="bbox 103 1854 1787 1930; baseline 0.003 -21"><span class='ocrx_word' id='word_1_162' title='bbox 103 1866 215 1909; x_wconf 84' lang='grc' dir='ltr'><em>τῶν</em></span> <span class='ocrx_word' id='word_1_163' title='bbox 255 1858 436 1911; x_wconf 83' lang='grc' dir='ltr'><em>αὐτῶν</em></span> <span class='ocrx_word' id='word_1_164' title='bbox 474 1866 655 1930; x_wconf 81' lang='grc' dir='ltr'><em>νικᾷς,</em></span> <span class='ocrx_word' id='word_1_165' title='bbox 698 1858 802 1929; x_wconf 84' lang='grc' dir='ltr'><em>[ἐκ]</em></span> <span class='ocrx_word' id='word_1_166' title='bbox 843 1861 1090 1923; x_wconf 89' lang='grc' dir='ltr'><em>παιδείας</em></span> <span class='ocrx_word' id='word_1_167' title='bbox 1128 1861 1217 1913; x_wconf 83' lang='grc' dir='ltr'><em>καὶ</em></span> <span class='ocrx_word' id='word_1_168' title='bbox 1257 1862 1454 1929; x_wconf 89' lang='grc' dir='ltr'><em>λόγων,</em></span> <span class='ocrx_word' id='word_1_169' title='bbox 1493 1854 1576 1923; x_wconf 85' lang='grc' dir='ltr'><em>οἷς</em></span> <span class='ocrx_word' id='word_1_170' title='bbox 1614 1862 1787 1924; x_wconf 81' lang='grc' dir='ltr'><em>εὐθὺς</em></span> 
     </span>
     <span class='ocr_line' id='line_1_21' title="bbox 105 1944 1853 2017; baseline 0.003 -20"><span class='ocrx_word' id='word_1_171' title='bbox 105 1944 164 1997; x_wconf 82' lang='grc' dir='ltr'><em>ἐκ</em></span> <span class='ocrx_word' id='word_1_172' title='bbox 202 1944 332 1998; x_wconf 83' lang='grc' dir='ltr'><em>νέου</em></span> <span class='ocrx_word' id='word_1_173' title='bbox 371 1947 472 2015; x_wconf 86' lang='grc' dir='ltr'><em>τὴν</em></span> <span class='ocrx_word' id='word_1_174' title='bbox 509 1949 693 2017; x_wconf 78' lang='grc' dir='ltr'><em>ψυχὴν</em></span> <span class='ocrx_word' id='word_1_175' title='bbox 724 1948 1027 2017; x_wconf 78' lang='grc' dir='ltr'><em>ἀρδόμενος</em></span> <span class='ocrx_word' id='word_1_176' title='bbox 1057 1948 1164 2001; x_wconf 87' lang='grc' dir='ltr'><em>ὑπὸ</em></span> <span class='ocrx_word' id='word_1_177' title='bbox 1204 1958 1315 2002; x_wconf 84' lang='grc' dir='ltr'><em>τῶν</em></span> <span class='ocrx_word' id='word_1_178' title='bbox 1346 1951 1407 2002; x_wconf 89' lang='grc' dir='ltr'><em>τὸ</em></span> <span class='ocrx_word' id='word_1_179' title='bbox 1440 1948 1640 2016; x_wconf 87' lang='grc' dir='ltr'><em>μέλλον</em></span> <span class='ocrx_word' id='word_1_180' title='bbox 1673 1949 1785 2002; x_wconf 82' lang='grc' dir='ltr'><em>ἐπι-</em></span> <span class='ocrx_word' id='word_1_181' title='bbox 1810 1971 1853 2003; x_wconf 80' lang='lat'><em>20</em></span> 
     </span>
     <span class='ocr_line' id='line_1_22' title="bbox 103 2034 1786 2107; baseline 0.002 -21"><span class='ocrx_word' id='word_1_182' title='bbox 103 2034 387 2102; x_wconf 87' lang='grc' dir='ltr'><em>σταμένων</em></span> <span class='ocrx_word' id='word_1_183' title='bbox 425 2041 575 2088; x_wconf 82' lang='grc' dir='ltr'><em>θεῶν</em></span> <span class='ocrx_word' id='word_1_184' title='bbox 613 2038 910 2106; x_wconf 82' lang='grc' dir='ltr'><em>πόρρωθεν</em></span> <span class='ocrx_word' id='word_1_185' title='bbox 942 2036 1313 2107; x_wconf 81' lang='grc' dir='ltr'><em>ἐδημιουργοῦ</em></span> <span class='ocrx_word' id='word_1_186' title='bbox 1346 2038 1481 2107; x_wconf 90' lang='grc' dir='ltr'><em>πρὸς</em></span> <span class='ocrx_word' id='word_1_187' title='bbox 1519 2039 1620 2105; x_wconf 83' lang='grc' dir='ltr'><em>τὴν</em></span> <span class='ocrx_word' id='word_1_188' title='bbox 1649 2056 1786 2106; x_wconf 91' lang='grc' dir='ltr'><em>παρ-</em></span> 
     </span>
     <span class='ocr_line' id='line_1_23' title="bbox 103 2122 1784 2196; baseline 0.002 -22"><span class='ocrx_word' id='word_1_189' title='bbox 103 2129 279 2175; x_wconf 86' lang='grc' dir='ltr'><em>οῦσαν</em></span> <span class='ocrx_word' id='word_1_190' title='bbox 317 2124 488 2192; x_wconf 88' lang='grc' dir='ltr'><em>τύχην</em></span> <span class='ocrx_word' id='word_1_191' title='bbox 528 2125 714 2177; x_wconf 89' lang='grc' dir='ltr'><em>δεινὸν</em></span> <span class='ocrx_word' id='word_1_192' title='bbox 755 2124 1095 2194; x_wconf 85' lang='grc' dir='ltr'><em>ἡγουμένων,</em></span> <span class='ocrx_word' id='word_1_193' title='bbox 1144 2128 1194 2178; x_wconf 85' lang='grc' dir='ltr'><em>εἰ</em></span> <span class='ocrx_word' id='word_1_194' title='bbox 1230 2126 1328 2178; x_wconf 87' lang='grc' dir='ltr'><em>τὸν</em></span> <span class='ocrx_word' id='word_1_195' title='bbox 1366 2122 1474 2196; x_wconf 25' lang='grc' dir='ltr'><em>μὲν.</em></span> <span class='ocrx_word' id='word_1_196' title='bbox 1514 2124 1603 2195; x_wconf 79' lang='grc' dir='ltr'><em>ἐφ’</em></span> <span class='ocrx_word' id='word_1_197' title='bbox 1641 2126 1784 2196; x_wconf 75' lang='grc' dir='ltr'><em>ἅρμα</em></span> 
     </span>
    </p>
   </div>
   <div class='ocr_carea' id='block_1_3' title="bbox 224 2268 786 2327">
    <p class='ocr_par' dir='ltr' id='par_1_3' title="bbox 224 2268 786 2327">
     <span class='ocr_line' id='line_1_24' title="bbox 224 2268 786 2327; baseline 0.004 -16"><span class='ocrx_word' id='word_1_198' title='bbox 224 2272 276 2311; x_wconf 83' lang='grc'><em>17</em></span> <span class='ocrx_word' id='word_1_199' title='bbox 308 2268 426 2313; x_wconf 77' lang='lat' dir='ltr'>Plat.</span> <span class='ocrx_word' id='word_1_200' title='bbox 452 2270 572 2314; x_wconf 86' lang='lat' dir='ltr'>Men.</span> <span class='ocrx_word' id='word_1_201' title='bbox 606 2286 649 2327; x_wconf 90' lang='lat' dir='ltr'><em>p.</em></span> <span class='ocrx_word' id='word_1_202' title='bbox 677 2274 732 2314; x_wconf 84' lang='grc'><em>88</em></span> <span class='ocrx_word' id='word_1_203' title='bbox 750 2271 786 2313; x_wconf 93' lang='grc' dir='ltr'>Β</span> 
     </span>
    </p>
   </div>
   <div class='ocr_carea' id='block_1_4' title="bbox 101 2402 1782 2873">
    <p class='ocr_par' dir='ltr' id='par_1_4' title="bbox 101 2402 1782 2873">
     <span class='ocr_line' id='line_1_25' title="bbox 222 2402 1724 2462; baseline 0.001 -16"><span class='ocrx_word' id='word_1_204' title='bbox 222 2407 244 2445; x_wconf 88' lang='grc'><strong>1</strong></span> <span class='ocrx_word' id='word_1_205' title='bbox 279 2403 358 2446; x_wconf 82' lang='grc' dir='ltr'><em>καὶ</em></span> <span class='ocrx_word' id='word_1_206' title='bbox 390 2418 465 2446; x_wconf 90' lang='lat' dir='ltr'><em>om</em></span> <span class='ocrx_word' id='word_1_207' title='bbox 488 2403 525 2446; x_wconf 92' lang='lat' dir='ltr'><strong>B</strong></span> <span class='ocrx_word' id='word_1_208' title='bbox 645 2408 674 2446; x_wconf 85' lang='lat'>4</span> <span class='ocrx_word' id='word_1_209' title='bbox 705 2403 770 2453; x_wconf 84' lang='grc' dir='ltr'><em>εἰς</em></span> <span class='ocrx_word' id='word_1_210' title='bbox 802 2404 837 2448; x_wconf 99' lang='lat' dir='ltr'><strong><em>S</em></strong></span> <span class='ocrx_word' id='word_1_211' title='bbox 863 2404 964 2447; x_wconf 84' lang='lat' dir='ltr'><em>Mor</em></span> <span class='ocrx_word' id='word_1_212' title='bbox 991 2404 996 2462; x_wconf 90' lang='grc' dir='ltr'>Ι</span> <span class='ocrx_word' id='word_1_213' title='bbox 1024 2403 1206 2448; x_wconf 85' lang='grc' dir='ltr'><em>τοιοῦτό</em></span> <span class='ocrx_word' id='word_1_214' title='bbox 1239 2405 1275 2447; x_wconf 93' lang='grc' dir='ltr'><em>Ι</em></span> <span class='ocrx_word' id='word_1_215' title='bbox 1299 2405 1381 2447; x_wconf 83' lang='lat' dir='ltr'><em>sed</em></span> <span class='ocrx_word' id='word_1_216' title='bbox 1413 2402 1437 2448; x_wconf 90' lang='grc' dir='ltr'><em>ό</em></span> <span class='ocrx_word' id='word_1_217' title='bbox 1474 2404 1524 2447; x_wconf 90' lang='lat' dir='ltr'><em>in</em></span> <span class='ocrx_word' id='word_1_218' title='bbox 1554 2417 1630 2447; x_wconf 81' lang='lat' dir='ltr'><em>ras</em></span> <span class='ocrx_word' id='word_1_219' title='bbox 1654 2403 1724 2447; x_wconf 83' lang='lat' dir='ltr'><em>m²</em></span> 
     </span>
     <span class='ocr_line' id='line_1_26' title="bbox 104 2458 1782 2519; baseline 0.002 -15"><span class='ocrx_word' id='word_1_220' title='bbox 104 2464 130 2503; x_wconf 76' lang='lat'>7</span> <span class='ocrx_word' id='word_1_221' title='bbox 156 2458 267 2505; x_wconf 77' lang='grc' dir='ltr'><em>’ὅταν</em></span> <span class='ocrx_word' id='word_1_222' title='bbox 286 2487 340 2493; x_wconf 81' lang='lat'><em>-—</em></span> <span class='ocrx_word' id='word_1_223' title='bbox 360 2467 384 2505; x_wconf 88' lang='lat'><strong>9</strong></span> <span class='ocrx_word' id='word_1_224' title='bbox 410 2459 624 2513; x_wconf 83' lang='grc' dir='ltr'><em>καλλίους</em></span> <span class='ocrx_word' id='word_1_225' title='bbox 641 2462 757 2506; x_wconf 72' lang='lat' dir='ltr'>citat</span> <span class='ocrx_word' id='word_1_226' title='bbox 774 2463 943 2506; x_wconf 86' lang='lat' dir='ltr'>omisso</span> <span class='ocrx_word' id='word_1_227' title='bbox 961 2462 1047 2519; x_wconf 76' lang='grc' dir='ltr'><em>γὰρ</em></span> <span class='ocrx_word' id='word_1_228' title='bbox 1066 2462 1297 2506; x_wconf 77' lang='lat' dir='ltr'>Macarius</span> <span class='ocrx_word' id='word_1_229' title='bbox 1313 2463 1392 2507; x_wconf 88' lang='lat' dir='ltr'>fol.</span> <span class='ocrx_word' id='word_1_230' title='bbox 1411 2468 1488 2506; x_wconf 74' lang='lat' dir='ltr'><em>&#39;7¹7v</em></span> <span class='ocrx_word' id='word_1_231' title='bbox 1610 2468 1636 2507; x_wconf 89' lang='lat'>8</span> <span class='ocrx_word' id='word_1_232' title='bbox 1662 2479 1782 2518; x_wconf 72' lang='lat' dir='ltr'><em>„nov</em></span> 
     </span>
     <span class='ocr_line' id='line_1_27' title="bbox 105 2519 1781 2579; baseline 0.001 -15"><span class='ocrx_word' id='word_1_233' title='bbox 105 2519 210 2564; x_wconf 83' lang='lat' dir='ltr'><strong><em>God.</em></strong></span> <span class='ocrx_word' id='word_1_234' title='bbox 235 2526 359 2565; x_wconf 77' lang='lat' dir='ltr'><strong><em>vetus</em></strong></span> <span class='ocrx_word' id='word_1_235' title='bbox 383 2522 522 2579; x_wconf 74' lang='lat' dir='ltr'><strong><em>Rey.“</em></strong></span> <span class='ocrx_word' id='word_1_236' title='bbox 547 2521 647 2565; x_wconf 85' lang='lat' dir='ltr'><em>Mor</em></span> <span class='ocrx_word' id='word_1_237' title='bbox 770 2526 822 2565; x_wconf 90' lang='lat'><em>10</em></span> <span class='ocrx_word' id='word_1_238' title='bbox 855 2520 900 2567; x_wconf 78' lang='grc' dir='ltr'><em>δ’</em></span> <span class='ocrx_word' id='word_1_239' title='bbox 930 2522 997 2564; x_wconf 82' lang='lat' dir='ltr'><em>Re</em></span> <span class='ocrx_word' id='word_1_240' title='bbox 1120 2527 1172 2565; x_wconf 89' lang='lat'><em>11</em></span> <span class='ocrx_word' id='word_1_241' title='bbox 1207 2529 1331 2577; x_wconf 83' lang='grc' dir='ltr'><em>,,τοῐς</em></span> <span class='ocrx_word' id='word_1_242' title='bbox 1363 2522 1467 2567; x_wconf 82' lang='lat' dir='ltr'><strong><em>Cod.</em></strong></span> <span class='ocrx_word' id='word_1_243' title='bbox 1493 2528 1618 2566; x_wconf 78' lang='lat' dir='ltr'><em>vetus</em></span> <span class='ocrx_word' id='word_1_244' title='bbox 1642 2523 1781 2579; x_wconf 77' lang='lat' dir='ltr'>Re9.“</span> 
     </span>
     <span class='ocr_line' id='line_1_28' title="bbox 101 2576 1782 2638; baseline 0.001 -17"><span class='ocrx_word' id='word_1_245' title='bbox 101 2576 204 2622; x_wconf 83' lang='lat' dir='ltr'><em>Mor</em></span> <span class='ocrx_word' id='word_1_246' title='bbox 234 2579 315 2634; x_wconf 91' lang='lat' dir='ltr'><em>qui</em></span> <span class='ocrx_word' id='word_1_247' title='bbox 346 2594 422 2623; x_wconf 87' lang='lat' dir='ltr'><em>om</em></span> <span class='ocrx_word' id='word_1_248' title='bbox 584 2585 637 2624; x_wconf 85' lang='lat'><em>12</em></span> <span class='ocrx_word' id='word_1_249' title='bbox 669 2578 889 2637; x_wconf 83' lang='grc' dir='ltr'><em>κρηπίδες</em></span> <span class='ocrx_word' id='word_1_250' title='bbox 930 2582 1080 2626; x_wconf 88' lang='lat' dir='ltr'><em>VBM</em></span> <span class='ocrx_word' id='word_1_251' title='bbox 1116 2583 1121 2637; x_wconf 79' lang='grc' dir='ltr'>Ι</span> <span class='ocrx_word' id='word_1_252' title='bbox 1157 2597 1206 2638; x_wconf 82' lang='grc' dir='ltr'><em>γε</em></span> <span class='ocrx_word' id='word_1_253' title='bbox 1237 2581 1319 2638; x_wconf 82' lang='grc' dir='ltr'><em>μὲν</em></span> <span class='ocrx_word' id='word_1_254' title='bbox 1355 2582 1393 2626; x_wconf 81' lang='lat' dir='ltr'><em>C</em></span> <span class='ocrx_word' id='word_1_255' title='bbox 1419 2581 1499 2624; x_wconf 83' lang='lat' dir='ltr'><em>sed</em></span> <span class='ocrx_word' id='word_1_256' title='bbox 1532 2598 1552 2625; x_wconf 84' lang='grc' dir='ltr'><em>ε</em></span> <span class='ocrx_word' id='word_1_257' title='bbox 1584 2581 1782 2625; x_wconf 77' lang='lat' dir='ltr'>alterum</span> 
     </span>
     <span class='ocr_line' id='line_1_29' title="bbox 102 2635 1782 2697; baseline 0.003 -18"><span class='ocrx_word' id='word_1_258' title='bbox 102 2635 152 2680; x_wconf 89' lang='lat' dir='ltr'><em>in</em></span> <span class='ocrx_word' id='word_1_259' title='bbox 182 2655 210 2694; x_wconf 88' lang='grc' dir='ltr'><em>η</em></span> <span class='ocrx_word' id='word_1_260' title='bbox 244 2652 344 2681; x_wconf 83' lang='lat' dir='ltr'>corr</span> <span class='ocrx_word' id='word_1_261' title='bbox 365 2640 395 2694; x_wconf 83' lang='lat' dir='ltr'><em>f</em></span> <span class='ocrx_word' id='word_1_262' title='bbox 447 2637 530 2695; x_wconf 82' lang='grc' dir='ltr'><em>μέν</em></span> <span class='ocrx_word' id='word_1_263' title='bbox 561 2656 611 2696; x_wconf 77' lang='grc' dir='ltr'><em>γε</em></span> <span class='ocrx_word' id='word_1_264' title='bbox 634 2641 678 2684; x_wconf 88' lang='lat' dir='ltr'><strong><em>A</em></strong></span> <span class='ocrx_word' id='word_1_265' title='bbox 711 2640 811 2696; x_wconf 84' lang='lat' dir='ltr'>(sed</span> <span class='ocrx_word' id='word_1_266' title='bbox 841 2640 891 2683; x_wconf 89' lang='lat' dir='ltr'><em>in</em></span> <span class='ocrx_word' id='word_1_267' title='bbox 920 2653 995 2683; x_wconf 83' lang='lat' dir='ltr'><em>ras</em></span> <span class='ocrx_word' id='word_1_268' title='bbox 1027 2640 1112 2697; x_wconf 74' lang='lat' dir='ltr'><em>m2)</em></span> <span class='ocrx_word' id='word_1_269' title='bbox 1137 2641 1234 2684; x_wconf 90' lang='lat' dir='ltr'><em>PV</em></span> <span class='ocrx_word' id='word_1_270' title='bbox 1258 2641 1326 2684; x_wconf 81' lang='lat' dir='ltr'><em>Re</em></span> <span class='ocrx_word' id='word_1_271' title='bbox 1386 2639 1469 2696; x_wconf 79' lang='grc' dir='ltr'><em>μὲν</em></span> <span class='ocrx_word' id='word_1_272' title='bbox 1502 2639 1587 2697; x_wconf 79' lang='grc' dir='ltr'><em>γὰρ</em></span> <span class='ocrx_word' id='word_1_273' title='bbox 1620 2642 1703 2684; x_wconf 89' lang='lat' dir='ltr'><em>Mo</em></span> <span class='ocrx_word' id='word_1_274' title='bbox 1735 2641 1782 2684; x_wconf 71' lang='lat' dir='ltr'><em>et</em></span> 
     </span>
     <span class='ocr_line' id='line_1_30' title="bbox 102 2695 1780 2756; baseline 0.003 -18"><span class='ocrx_word' id='word_1_275' title='bbox 102 2695 152 2738; x_wconf 84' lang='lat' dir='ltr'><em>in</em></span> <span class='ocrx_word' id='word_1_276' title='bbox 181 2710 256 2740; x_wconf 81' lang='lat' dir='ltr'><em>ras</em></span> <span class='ocrx_word' id='word_1_277' title='bbox 287 2699 322 2740; x_wconf 91' lang='lat' dir='ltr'>I</span> <span class='ocrx_word' id='word_1_278' title='bbox 451 2702 505 2741; x_wconf 88' lang='lat'><em>13</em></span> <span class='ocrx_word' id='word_1_279' title='bbox 539 2701 648 2742; x_wconf 73' lang='lat' dir='ltr'><strong>ante</strong></span> <span class='ocrx_word' id='word_1_280' title='bbox 680 2699 867 2743; x_wconf 84' lang='grc' dir='ltr'><em>ἰδιώτου</em></span> <span class='ocrx_word' id='word_1_281' title='bbox 899 2712 974 2742; x_wconf 80' lang='lat' dir='ltr'><em>ras</em></span> <span class='ocrx_word' id='word_1_282' title='bbox 1007 2705 1032 2742; x_wconf 84' lang='lat'>2</span> <span class='ocrx_word' id='word_1_283' title='bbox 1064 2699 1143 2742; x_wconf 74' lang='lat' dir='ltr'><em>litt</em></span> <span class='ocrx_word' id='word_1_284' title='bbox 1174 2701 1210 2742; x_wconf 89' lang='lat' dir='ltr'>I</span> <span class='ocrx_word' id='word_1_285' title='bbox 1347 2704 1401 2742; x_wconf 82' lang='lat'><em>14</em></span> <span class='ocrx_word' id='word_1_286' title='bbox 1433 2699 1498 2749; x_wconf 88' lang='grc' dir='ltr'><em>εἰς</em></span> <span class='ocrx_word' id='word_1_287' title='bbox 1529 2699 1675 2756; x_wconf 82' lang='grc' dir='ltr'><em>ἀρχὴν</em></span> <span class='ocrx_word' id='word_1_288' title='bbox 1707 2699 1780 2755; x_wconf 81' lang='grc' dir='ltr'><em>ἐμ-</em></span> 
     </span>
     <span class='ocr_line' id='line_1_31' title="bbox 101 2754 1779 2816; baseline 0.003 -19"><span class='ocrx_word' id='word_1_289' title='bbox 101 2754 366 2812; x_wconf 82' lang='grc' dir='ltr'><em>πειρότερος</em></span> <span class='ocrx_word' id='word_1_290' title='bbox 390 2757 474 2801; x_wconf 90' lang='lat' dir='ltr'><em>Mo</em></span> <span class='ocrx_word' id='word_1_291' title='bbox 597 2761 649 2800; x_wconf 88' lang='lat'><em>15</em></span> <span class='ocrx_word' id='word_1_292' title='bbox 683 2765 852 2814; x_wconf 78' lang='grc' dir='ltr'><em>γνῶσιν</em></span> <span class='ocrx_word' id='word_1_293' title='bbox 877 2758 918 2801; x_wconf 94' lang='lat' dir='ltr'><strong><em>V</em></strong></span> <span class='ocrx_word' id='word_1_294' title='bbox 1037 2763 1090 2802; x_wconf 89' lang='grc'><em>16</em></span> <span class='ocrx_word' id='word_1_295' title='bbox 1124 2758 1260 2812; x_wconf 77' lang='lat' dir='ltr'><em>„Cod.</em></span> <span class='ocrx_word' id='word_1_296' title='bbox 1289 2759 1378 2803; x_wconf 81' lang='lat' dir='ltr'><strong><em>Vet.</em></strong></span> <span class='ocrx_word' id='word_1_297' title='bbox 1404 2758 1779 2816; x_wconf 55' lang='grc' dir='ltr'><em>βουλευσάντων*</em></span> 
     </span>
     <span class='ocr_line' id='line_1_32' title="bbox 103 2811 1781 2873; baseline 0.004 -18"><span class='ocrx_word' id='word_1_298' title='bbox 103 2811 203 2856; x_wconf 86' lang='lat' dir='ltr'><em>Mor</em></span> <span class='ocrx_word' id='word_1_299' title='bbox 251 2817 257 2871; x_wconf 86' lang='grc' dir='ltr'>Ι</span> <span class='ocrx_word' id='word_1_300' title='bbox 308 2814 381 2859; x_wconf 85' lang='grc' dir='ltr'><em>ὅτε</em></span> <span class='ocrx_word' id='word_1_301' title='bbox 413 2815 448 2859; x_wconf 95' lang='lat' dir='ltr'><strong><em>S</em></strong></span> <span class='ocrx_word' id='word_1_302' title='bbox 476 2816 578 2860; x_wconf 84' lang='lat' dir='ltr'><em>Mor</em></span> <span class='ocrx_word' id='word_1_303' title='bbox 758 2822 808 2860; x_wconf 84' lang='lat'><em>17</em></span> <span class='ocrx_word' id='word_1_304' title='bbox 853 2814 990 2860; x_wconf 76' lang='grc' dir='ltr'><em>τοῦθ’</em></span> <span class='ocrx_word' id='word_1_305' title='bbox 1019 2816 1055 2861; x_wconf 90' lang='lat' dir='ltr'><strong><em>S</em></strong></span> <span class='ocrx_word' id='word_1_306' title='bbox 1084 2817 1173 2860; x_wconf 86' lang='lat' dir='ltr'><em>edd</em></span> <span class='ocrx_word' id='word_1_307' title='bbox 1223 2818 1229 2872; x_wconf 91' lang='grc' dir='ltr'>Ι</span> <span class='ocrx_word' id='word_1_308' title='bbox 1279 2824 1364 2862; x_wconf 86' lang='grc' dir='ltr'><em>νοῦ</em></span> <span class='ocrx_word' id='word_1_309' title='bbox 1397 2817 1561 2873; x_wconf 80' lang='lat' dir='ltr'>scripsi</span> <span class='ocrx_word' id='word_1_310' title='bbox 1594 2819 1781 2861; x_wconf 76' lang='lat' dir='ltr'><strong>auctore</strong></span> 
     </span>
    </p>
   </div>
   <div class='ocr_carea' id='block_1_5' title="bbox 103 2868 1720 2987">
    <p class='ocr_par' dir='ltr' id='par_1_5' title="bbox 103 2868 1720 2987">
     <span class='ocr_line' id='line_1_33' title="bbox 103 2868 1720 2934; baseline 0.002 -19"><span class='ocrx_word' id='word_1_311' title='bbox 103 2868 275 2917; x_wconf 74' lang='lat' dir='ltr'><strong>Cobeto</strong></span> <span class='ocrx_word' id='word_1_312' title='bbox 307 2873 534 2918; x_wconf 80' lang='lat' dir='ltr'><strong>Mnem.V</strong></span> <span class='ocrx_word' id='word_1_313' title='bbox 561 2879 643 2918; x_wconf 81' lang='lat'><em>112</em></span> <span class='ocrx_word' id='word_1_314' title='bbox 677 2874 805 2932; x_wconf 86' lang='lat' dir='ltr'>(Con.</span> <span class='ocrx_word' id='word_1_315' title='bbox 836 2878 935 2932; x_wconf 88' lang='lat'>108)</span> <span class='ocrx_word' id='word_1_316' title='bbox 998 2883 1078 2919; x_wconf 86' lang='grc' dir='ltr'><em>σοῦ</em></span> <span class='ocrx_word' id='word_1_317' title='bbox 1109 2875 1220 2919; x_wconf 87' lang='lat' dir='ltr'>libri</span> <span class='ocrx_word' id='word_1_318' title='bbox 1250 2876 1341 2919; x_wconf 84' lang='lat' dir='ltr'><em>edd</em></span> <span class='ocrx_word' id='word_1_319' title='bbox 1379 2876 1385 2934; x_wconf 78' lang='grc' dir='ltr'>Ι</span> <span class='ocrx_word' id='word_1_320' title='bbox 1420 2873 1545 2919; x_wconf 85' lang='grc' dir='ltr'><em>τοῦτ’</em></span> <span class='ocrx_word' id='word_1_321' title='bbox 1567 2876 1602 2920; x_wconf 89' lang='lat' dir='ltr'><strong><em>S</em></strong></span> <span class='ocrx_word' id='word_1_322' title='bbox 1631 2876 1720 2920; x_wconf 83' lang='lat' dir='ltr'><em>edd</em></span> 
     </span>
     <span class='ocr_line' id='line_1_34' title="bbox 106 2931 1076 2987; baseline 0.005 -15"><span class='ocrx_word' id='word_1_323' title='bbox 106 2933 160 2972; x_wconf 86' lang='grc'><em>19</em></span> <span class='ocrx_word' id='word_1_324' title='bbox 193 2931 242 2975; x_wconf 79' lang='grc' dir='ltr'><em>ἐκ</em></span> <span class='ocrx_word' id='word_1_325' title='bbox 273 2934 458 2987; x_wconf 80' lang='lat' dir='ltr'><em>„malim</em></span> <span class='ocrx_word' id='word_1_326' title='bbox 488 2934 662 2978; x_wconf 83' lang='lat' dir='ltr'><em>abesse“</em></span> <span class='ocrx_word' id='word_1_327' title='bbox 694 2935 762 2978; x_wconf 81' lang='lat' dir='ltr'><em>Re</em></span> <span class='ocrx_word' id='word_1_328' title='bbox 824 2934 1076 2978; x_wconf 84' lang='lat' dir='ltr'>cancellavi</span> 
     </span>
    </p>
   </div>
   <div class='ocr_carea' id='block_1_6' title="bbox 192 3012 1512 3049">
    <p class='ocr_par' dir='ltr' id='par_1_6' title="bbox 192 3012 1512 3049">
     <span class='ocr_line' id='line_1_35' title="bbox 192 3012 1512 3049; baseline 0.005 -6"><span class='ocrx_word' id='word_1_329' title='bbox 192 3012 386 3046; x_wconf 63' lang='lat' dir='ltr'>Lmnzms</span> <span class='ocrx_word' id='word_1_330' title='bbox 411 3015 468 3047; x_wconf 80' lang='lat' dir='ltr'><em>ed.</em></span> <span class='ocrx_word' id='word_1_331' title='bbox 492 3015 726 3047; x_wconf 79' lang='lat' dir='ltr'>Foorster.</span> <span class='ocrx_word' id='word_1_332' title='bbox 765 3016 816 3047; x_wconf 91' lang='lat'><em>11.</em></span> <span class='ocrx_word' id='word_1_333' title='bbox 1488 3012 1512 3049; x_wconf 77' lang='grc' dir='ltr'><em>ὃ</em></span> 
     </span>
    </p>
   </div>
  </div>
 </body>
</html>
