<?xml version="1.0" encoding="UTF-8"?>
<!DOCTYPE html PUBLIC "-//W3C//DTD XHTML 1.0 Transitional//EN"
    "http://www.w3.org/TR/xhtml1/DTD/xhtml1-transitional.dtd">
<html xmlns="http://www.w3.org/1999/xhtml" xml:lang="en" lang="en">
 <head>
  <title>
</title>
<meta http-equiv="Content-Type" content="text/html;charset=utf-8" />
  <meta name='ocr-system' content='tesseract 3.04.00' />
  <meta name='ocr-capabilities' content='ocr_page ocr_carea ocr_par ocr_line ocrx_word'/>
</head>
<body>
  <div class='ocr_page' id='page_1' title='image "./operarecensuitri02libauoft_0279.png"; bbox 0 0 2060 3162; ppageno 0'>
   <div class='ocr_carea' id='block_1_1' title="bbox 0 1576 44 3074">
    <p class='ocr_par' dir='ltr' id='par_1_1' title="bbox 0 1576 44 3074">
     <span class='ocr_line' id='line_1_1' title="bbox 0 1576 35 3034; textangle 90"><span class='ocrx_word' id='word_1_1' title='bbox 10 2894 35 3034; x_wconf 47' lang='lat' dir='ltr'><strong><em>&amp;ma-‘nov</em></strong></span> <span class='ocrx_word' id='word_1_2' title='bbox 4 2810 21 2873; x_wconf 54' lang='lat' dir='ltr'><strong><em>&#39;mu‘-</em></strong></span> <span class='ocrx_word' id='word_1_3' title='bbox 0 2619 21 2779; x_wconf 51' lang='grc' dir='ltr'><em>.··.·’«“,(.ν-.·“.</em></span> <span class='ocrx_word' id='word_1_4' title='bbox 1 2444 21 2571; x_wconf 48' lang='grc' dir='ltr'><strong><em>ν-ιίῶιω·</em></strong></span> <span class='ocrx_word' id='word_1_5' title='bbox 5 2347 7 2349; x_wconf 91' lang='grc'><strong><em>·</em></strong></span> <span class='ocrx_word' id='word_1_6' title='bbox 13 2319 20 2322; x_wconf 82' lang='grc'>-</span> <span class='ocrx_word' id='word_1_7' title='bbox 8 2272 14 2294; x_wconf 91' lang='grc'><strong><em>·-</em></strong></span> <span class='ocrx_word' id='word_1_8' title='bbox 0 2196 18 2237; x_wconf 55' lang='lat'><strong><em>-41</em></strong></span> <span class='ocrx_word' id='word_1_9' title='bbox 0 2157 10 2163; x_wconf 65' lang='lat'>²</span> <span class='ocrx_word' id='word_1_10' title='bbox 0 2072 14 2124; x_wconf 51' lang='lat'><strong><em>‘&#39;³&#39;‘</em></strong></span> <span class='ocrx_word' id='word_1_11' title='bbox 0 1997 12 2026; x_wconf 35' lang='grc' dir='ltr'><strong><em>’ὅ</em></strong></span> <span class='ocrx_word' id='word_1_12' title='bbox 0 1875 2 1877; x_wconf 75' lang='grc'>’</span> <span class='ocrx_word' id='word_1_13' title='bbox 7 1840 10 1844; x_wconf 92' lang='grc'><strong><em>·</em></strong></span> <span class='ocrx_word' id='word_1_14' title='bbox 4 1783 13 1812; x_wconf 72' lang='grc'><strong><em>’··</em></strong></span> <span class='ocrx_word' id='word_1_15' title='bbox 0 1727 11 1745; x_wconf 78' lang='grc'><em>·“”·</em></span> <span class='ocrx_word' id='word_1_16' title='bbox 2 1645 7 1648; x_wconf 74' lang='grc'>’</span> <span class='ocrx_word' id='word_1_17' title='bbox 11 1576 13 1578; x_wconf 96' lang='grc'>-</span> 
     </span>
     <span class='ocr_line' id='line_1_2' title="bbox 30 2991 44 3074; textangle 90"><span class='ocrx_word' id='word_1_18' title='bbox 30 3044 44 3074; x_wconf 67' lang='grc'><strong><em>.,</em></strong></span> <span class='ocrx_word' id='word_1_19' title='bbox 31 2991 33 2993; x_wconf 83' lang='lat'>·</span> 
     </span>
    </p>
   </div>
   <div class='ocr_carea' id='block_1_2' title="bbox 723 140 1882 193">
    <p class='ocr_par' dir='ltr' id='par_1_2' title="bbox 723 140 1882 193">
     <span class='ocr_line' id='line_1_3' title="bbox 723 140 1882 193; baseline 0.008 -9"><span class='ocrx_word' id='word_1_20' title='bbox 723 141 952 185; x_wconf 86' lang='lat' dir='ltr'><strong>LIBANII</strong></span> <span class='ocrx_word' id='word_1_21' title='bbox 984 140 1209 185; x_wconf 85' lang='lat' dir='ltr'><strong>ORATIO</strong></span> <span class='ocrx_word' id='word_1_22' title='bbox 1241 140 1390 185; x_wconf 91' lang='lat' dir='ltr'><strong>XVIII</strong></span> <span class='ocrx_word' id='word_1_23' title='bbox 1774 141 1882 193; x_wconf 83' lang='lat'><strong><em>269</em></strong></span> 
     </span>
    </p>
   </div>
   <div class='ocr_carea' id='block_1_3' title="bbox 192 274 1972 2206">
    <p class='ocr_par' dir='ltr' id='par_1_3' title="bbox 192 274 1972 2206">
     <span class='ocr_line' id='line_1_4' title="bbox 192 274 1885 346; baseline -0.001 -14"><span class='ocrx_word' id='word_1_24' title='bbox 192 279 329 332; x_wconf 81' lang='grc' dir='ltr'><strong><em>ὅλον</em></strong></span> <span class='ocrx_word' id='word_1_25' title='bbox 360 277 534 341; x_wconf 82' lang='grc' dir='ltr'><strong><em>οὕτως</em></strong></span> <span class='ocrx_word' id='word_1_26' title='bbox 565 274 868 345; x_wconf 79' lang='grc' dir='ltr'><strong><em>ἐξέπληξεν,</em></strong></span> <span class='ocrx_word' id='word_1_27' title='bbox 909 275 1033 330; x_wconf 82' lang='grc' dir='ltr'><strong><em>ὥστ’</em></strong></span> <span class='ocrx_word' id='word_1_28' title='bbox 1065 275 1259 345; x_wconf 84' lang='grc' dir='ltr'><strong><em>ἠξίουν</em></strong></span> <span class='ocrx_word' id='word_1_29' title='bbox 1290 286 1565 345; x_wconf 81' lang='grc' dir='ltr'><em>μετοικεῖν</em></span> <span class='ocrx_word' id='word_1_30' title='bbox 1598 275 1690 329; x_wconf 89' lang='grc' dir='ltr'><strong><em>καὶ</em></strong></span> <span class='ocrx_word' id='word_1_31' title='bbox 1721 275 1885 346; x_wconf 82' lang='grc' dir='ltr'><strong><em>μέρος</em></strong></span> 
     </span>
     <span class='ocr_line' id='line_1_5' title="bbox 195 364 1972 436; baseline 0.001 -16"><span class='ocrx_word' id='word_1_32' title='bbox 195 364 339 420; x_wconf 84' lang='grc' dir='ltr'><strong><em>εἶναι</em></strong></span> <span class='ocrx_word' id='word_1_33' title='bbox 376 374 470 436; x_wconf 82' lang='grc' dir='ltr'><strong><em>τῆς</em></strong></span> <span class='ocrx_word' id='word_1_34' title='bbox 510 366 682 419; x_wconf 85' lang='grc' dir='ltr'><strong><em>αὐτοῦ</em></strong></span> <span class='ocrx_word' id='word_1_35' title='bbox 726 364 732 436; x_wconf 89' lang='grc' dir='ltr'>Ι</span> <span class='ocrx_word' id='word_1_36' title='bbox 775 367 1054 433; x_wconf 78' lang='grc' dir='ltr'><strong><em>βασιλείας</em></strong></span> <span class='ocrx_word' id='word_1_37' title='bbox 1091 374 1187 434; x_wconf 80' lang='grc' dir='ltr'><strong><em>τῆς</em></strong></span> <span class='ocrx_word' id='word_1_38' title='bbox 1226 367 1430 428; x_wconf 84' lang='grc' dir='ltr'><strong><em>οἰκείας</em></strong></span> <span class='ocrx_word' id='word_1_39' title='bbox 1467 366 1529 418; x_wconf 91' lang='grc' dir='ltr'><strong><em>τὸ</em></strong></span> <span class='ocrx_word' id='word_1_40' title='bbox 1564 368 1660 434; x_wconf 81' lang='grc' dir='ltr'><strong><em>ζῆν</em></strong></span> <span class='ocrx_word' id='word_1_41' title='bbox 1693 364 1786 417; x_wconf 84' lang='grc' dir='ltr'><strong><em>ὑπ’</em></strong></span> <span class='ocrx_word' id='word_1_42' title='bbox 1825 378 1972 422; x_wconf 79' lang='lat' dir='ltr'>R547</span> 
     </span>
     <span class='ocr_line' id='line_1_6' title="bbox 195 452 1886 527; baseline -0.002 -18"><span class='ocrx_word' id='word_1_43' title='bbox 195 456 385 527; x_wconf 80' lang='grc' dir='ltr'><strong><em>ἐκείνῳ</em></strong></span> <span class='ocrx_word' id='word_1_44' title='bbox 418 456 702 525; x_wconf 81' lang='grc' dir='ltr'><strong><em>κρίνοντες</em></strong></span> <span class='ocrx_word' id='word_1_45' title='bbox 739 455 904 522; x_wconf 77' lang='grc' dir='ltr'><strong><em>ἥδιον</em></strong></span> <span class='ocrx_word' id='word_1_46' title='bbox 941 454 1031 506; x_wconf 82' lang='grc' dir='ltr'><strong><em>καὶ</em></strong></span> <span class='ocrx_word' id='word_1_47' title='bbox 1072 462 1178 522; x_wconf 82' lang='grc' dir='ltr'><strong><em>γῆν</em></strong></span> <span class='ocrx_word' id='word_1_48' title='bbox 1216 453 1389 523; x_wconf 80' lang='grc' dir='ltr'><strong><em>ᾔτουν</em></strong></span> <span class='ocrx_word' id='word_1_49' title='bbox 1427 452 1518 506; x_wconf 87' lang='grc' dir='ltr'><strong><em>καὶ</em></strong></span> <span class='ocrx_word' id='word_1_50' title='bbox 1559 453 1886 523; x_wconf 80' lang='grc' dir='ltr'><strong><em>ἐλάμβανον.</em></strong></span> 
     </span>
     <span class='ocr_line' id='line_1_7' title="bbox 195 541 1888 649; baseline -0.002 -51"><span class='ocrx_word' id='word_1_51' title='bbox 195 544 286 598; x_wconf 84' lang='grc' dir='ltr'><strong><em>καὶ</em></strong></span> <span class='ocrx_word' id='word_1_52' title='bbox 340 543 640 614; x_wconf 77' lang='grc' dir='ltr'><strong><em>βαρβάροις</em></strong></span> <span class='ocrx_word' id='word_1_53' title='bbox 693 541 782 596; x_wconf 84' lang='grc' dir='ltr'><strong><em>ἐπὶ</em></strong></span> <span class='ocrx_word' id='word_1_54' title='bbox 836 542 1152 613; x_wconf 79' lang='grc' dir='ltr'><strong><em>βαρβάρους</em></strong></span> <span class='ocrx_word' id='word_1_55' title='bbox 1206 541 1399 649; x_wconf 86' lang='grc' dir='ltr'><strong><em>ἐχρῆτο</em></strong></span> <span class='ocrx_word' id='word_1_56' title='bbox 1462 544 1606 595; x_wconf 90' lang='grc' dir='ltr'><strong><em>πολὺ</em></strong></span> <span class='ocrx_word' id='word_1_57' title='bbox 1660 543 1888 595; x_wconf 91' lang='grc' dir='ltr'><strong><em>κάλλιον</em></strong></span> 
     </span>
     <span class='ocr_line' id='line_1_8' title="bbox 196 629 1955 702; baseline -0.001 -16"><span class='ocrx_word' id='word_1_58' title='bbox 196 631 527 702; x_wconf 80' lang='grc' dir='ltr'><strong><em>ἡγουμένοις</em></strong></span> <span class='ocrx_word' id='word_1_59' title='bbox 571 632 706 700; x_wconf 82' lang='grc' dir='ltr'><strong><em>μετὰ</em></strong></span> <span class='ocrx_word' id='word_1_60' title='bbox 743 631 946 684; x_wconf 89' lang='grc' dir='ltr'><strong><em>τούτου</em></strong></span> <span class='ocrx_word' id='word_1_61' title='bbox 995 632 1219 683; x_wconf 81' lang='grc' dir='ltr'><strong><em>διώκειν</em></strong></span> <span class='ocrx_word' id='word_1_62' title='bbox 1266 631 1298 700; x_wconf 83' lang='grc' dir='ltr'>ἢ</span> <span class='ocrx_word' id='word_1_63' title='bbox 1338 629 1452 698; x_wconf 90' lang='grc' dir='ltr'><strong><em>μετ’</em></strong></span> <span class='ocrx_word' id='word_1_64' title='bbox 1486 630 1714 684; x_wconf 89' lang='grc' dir='ltr'><strong><em>ἐκείνων</em></strong></span> <span class='ocrx_word' id='word_1_65' title='bbox 1761 631 1890 699; x_wconf 86' lang='grc' dir='ltr'><strong><em>φεύ·</em></strong></span> <span class='ocrx_word' id='word_1_66' title='bbox 1936 651 1955 684; x_wconf 85' lang='lat'><strong>5</strong></span> 
     </span>
     <span class='ocr_line' id='line_1_9' title="bbox 196 718 1890 790; baseline -0.002 -15"><span class='ocrx_word' id='word_1_67' title='bbox 196 742 331 790; x_wconf 84' lang='grc' dir='ltr'><strong><em>γειν.</em></strong></span> <span class='ocrx_word' id='word_1_68' title='bbox 409 720 493 773; x_wconf 87' lang='grc'><strong><em>76.</em></strong></span> <span class='ocrx_word' id='word_1_69' title='bbox 533 719 626 773; x_wconf 83' lang='grc' dir='ltr'><strong><em>καὶ</em></strong></span> <span class='ocrx_word' id='word_1_70' title='bbox 664 718 822 773; x_wconf 87' lang='grc' dir='ltr'><strong><em>ταυτὶ</em></strong></span> <span class='ocrx_word' id='word_1_71' title='bbox 860 740 962 787; x_wconf 92' lang='grc' dir='ltr'><strong><em>μεν</em></strong></span> <span class='ocrx_word' id='word_1_72' title='bbox 1001 719 1210 789; x_wconf 89' lang='grc' dir='ltr'><strong><em>ἀμαχεί,</em></strong></span> <span class='ocrx_word' id='word_1_73' title='bbox 1256 722 1426 787; x_wconf 88' lang='grc' dir='ltr'><strong><em>γνοὺς</em></strong></span> <span class='ocrx_word' id='word_1_74' title='bbox 1465 720 1527 772; x_wconf 85' lang='grc' dir='ltr'><strong><em>δὲ</em></strong></span> <span class='ocrx_word' id='word_1_75' title='bbox 1565 720 1733 772; x_wconf 88' lang='grc' dir='ltr'><strong><em>πάλιν</em></strong></span> <span class='ocrx_word' id='word_1_76' title='bbox 1772 721 1890 772; x_wconf 91' lang='grc' dir='ltr'><strong><em>δια-</em></strong></span> 
     </span>
     <span class='ocr_line' id='line_1_10' title="bbox 197 807 1891 879; baseline -0.001 -17"><span class='ocrx_word' id='word_1_77' title='bbox 197 812 413 879; x_wconf 87' lang='grc' dir='ltr'><strong><em>βαίνειν</em></strong></span> <span class='ocrx_word' id='word_1_78' title='bbox 451 807 542 862; x_wconf 86' lang='grc' dir='ltr'><strong><em>καὶ</em></strong></span> <span class='ocrx_word' id='word_1_79' title='bbox 583 809 777 861; x_wconf 83' lang='grc' dir='ltr'><strong><em>σπάνει</em></strong></span> <span class='ocrx_word' id='word_1_80' title='bbox 816 810 1026 861; x_wconf 82' lang='grc' dir='ltr'><strong><em>πλοίων</em></strong></span> <span class='ocrx_word' id='word_1_81' title='bbox 1061 809 1264 871; x_wconf 81' lang='grc' dir='ltr'><strong><em>ἵππους</em></strong></span> <span class='ocrx_word' id='word_1_82' title='bbox 1302 827 1360 860; x_wconf 90' lang='grc' dir='ltr'><strong><em>τε</em></strong></span> <span class='ocrx_word' id='word_1_83' title='bbox 1391 809 1482 860; x_wconf 85' lang='grc' dir='ltr'><strong><em>καὶ</em></strong></span> <span class='ocrx_word' id='word_1_84' title='bbox 1514 807 1739 871; x_wconf 84' lang='grc' dir='ltr'><strong><em>ὁπλίτας</em></strong></span> <span class='ocrx_word' id='word_1_85' title='bbox 1770 817 1891 860; x_wconf 88' lang='grc' dir='ltr'><strong><em>νεῖν</em></strong></span> 
     </span>
     <span class='ocr_line' id='line_1_11' title="bbox 198 895 1891 967; baseline -0.002 -16"><span class='ocrx_word' id='word_1_86' title='bbox 198 899 510 966; x_wconf 78' lang='grc' dir='ltr'><strong><em>ἀναγκάσας</em></strong></span> <span class='ocrx_word' id='word_1_87' title='bbox 547 896 743 967; x_wconf 82' lang='grc' dir='ltr'><strong><em>προῄει</em></strong></span> <span class='ocrx_word' id='word_1_88' title='bbox 781 898 849 950; x_wconf 78' lang='grc' dir='ltr'><strong><em>τὰ</em></strong></span> <span class='ocrx_word' id='word_1_89' title='bbox 886 896 987 966; x_wconf 80' lang='grc' dir='ltr'><strong><em>μὲν</em></strong></span> <span class='ocrx_word' id='word_1_90' title='bbox 1027 898 1194 967; x_wconf 81' lang='grc' dir='ltr'><strong><em>δῃῶν,</em></strong></span> <span class='ocrx_word' id='word_1_91' title='bbox 1232 898 1298 949; x_wconf 79' lang='grc' dir='ltr'><strong><em>τὰ</em></strong></span> <span class='ocrx_word' id='word_1_92' title='bbox 1338 897 1400 949; x_wconf 79' lang='grc' dir='ltr'><strong><em>δὲ</em></strong></span> <span class='ocrx_word' id='word_1_93' title='bbox 1430 898 1721 965; x_wconf 83' lang='grc' dir='ltr'><strong><em>κτώμενος,</em></strong></span> <span class='ocrx_word' id='word_1_94' title='bbox 1761 895 1891 948; x_wconf 85' lang='grc' dir='ltr'><strong><em>ἐκώ-</em></strong></span> 
     </span>
     <span class='ocr_line' id='line_1_12' title="bbox 199 983 1893 1055; baseline -0.001 -15"><span class='ocrx_word' id='word_1_95' title='bbox 199 992 296 1040; x_wconf 86' lang='grc' dir='ltr'><strong><em>λυε</em></strong></span> <span class='ocrx_word' id='word_1_96' title='bbox 348 987 410 1039; x_wconf 83' lang='grc' dir='ltr'><strong><em>δὲ</em></strong></span> <span class='ocrx_word' id='word_1_97' title='bbox 463 986 662 1049; x_wconf 85' lang='grc' dir='ltr'><strong><em>οὐδείς.</em></strong></span> <span class='ocrx_word' id='word_1_98' title='bbox 741 983 842 1050; x_wconf 77' lang='grc' dir='ltr'><strong><em>ὀψὲ</em></strong></span> <span class='ocrx_word' id='word_1_99' title='bbox 898 985 963 1038; x_wconf 90' lang='grc' dir='ltr'><strong><em>δέ</em></strong></span> <span class='ocrx_word' id='word_1_100' title='bbox 1013 1003 1145 1038; x_wconf 89' lang='grc' dir='ltr'><strong><em>ποτε</em></strong></span> <span class='ocrx_word' id='word_1_101' title='bbox 1196 987 1247 1038; x_wconf 82' lang='grc' dir='ltr'><strong><em>οἱ</em></strong></span> <span class='ocrx_word' id='word_1_102' title='bbox 1301 987 1590 1055; x_wconf 80' lang='grc' dir='ltr'><strong><em>δυστυχεῖς</em></strong></span> <span class='ocrx_word' id='word_1_103' title='bbox 1645 985 1893 1038; x_wconf 77' lang='grc' dir='ltr'><strong><em>ἱκέτευον</em></strong></span> 
     </span>
     <span class='ocr_line' id='line_1_13' title="bbox 199 1074 1960 1145; baseline 0.001 -17"><span class='ocrx_word' id='word_1_104' title='bbox 199 1075 330 1128; x_wconf 89' lang='grc' dir='ltr'><strong><em>δέον</em></strong></span> <span class='ocrx_word' id='word_1_105' title='bbox 369 1076 475 1145; x_wconf 88' lang='grc' dir='ltr'><strong><em>πρὸ</em></strong></span> <span class='ocrx_word' id='word_1_106' title='bbox 508 1083 607 1128; x_wconf 87' lang='grc' dir='ltr'><strong><em>τοῦ</em></strong></span> <span class='ocrx_word' id='word_1_107' title='bbox 639 1077 828 1145; x_wconf 86' lang='grc' dir='ltr'><strong><em>πυρός.</em></strong></span> <span class='ocrx_word' id='word_1_108' title='bbox 884 1075 969 1127; x_wconf 92' lang='grc'><strong><em>77.</em></strong></span> <span class='ocrx_word' id='word_1_109' title='bbox 1002 1074 1031 1128; x_wconf 85' lang='grc' dir='ltr'>ὁ</span> <span class='ocrx_word' id='word_1_110' title='bbox 1064 1075 1126 1128; x_wconf 80' lang='grc' dir='ltr'><strong><em>δὲ</em></strong></span> <span class='ocrx_word' id='word_1_111' title='bbox 1163 1076 1319 1143; x_wconf 81' lang='grc' dir='ltr'><strong><em>ἥκειν</em></strong></span> <span class='ocrx_word' id='word_1_112' title='bbox 1357 1076 1459 1143; x_wconf 87' lang='grc' dir='ltr'><strong><em>τὴν</em></strong></span> <span class='ocrx_word' id='word_1_113' title='bbox 1492 1074 1700 1144; x_wconf 80' lang='grc' dir='ltr'><strong><em>ἡμέραν</em></strong></span> <span class='ocrx_word' id='word_1_114' title='bbox 1739 1076 1894 1142; x_wconf 88' lang='grc' dir='ltr'><strong><em>νομί-</em></strong></span> <span class='ocrx_word' id='word_1_115' title='bbox 1918 1097 1960 1129; x_wconf 92' lang='lat'><strong><em>10</em></strong></span> 
     </span>
     <span class='ocr_line' id='line_1_14' title="bbox 199 1161 1894 1233; baseline -0.001 -17"><span class='ocrx_word' id='word_1_116' title='bbox 199 1178 322 1232; x_wconf 90' lang='grc' dir='ltr'><strong><em>σας,</em></strong></span> <span class='ocrx_word' id='word_1_117' title='bbox 369 1164 402 1232; x_wconf 81' lang='grc' dir='ltr'>ἢ</span> <span class='ocrx_word' id='word_1_118' title='bbox 443 1165 508 1216; x_wconf 77' lang='grc' dir='ltr'><strong><em>τὰ</em></strong></span> <span class='ocrx_word' id='word_1_119' title='bbox 546 1173 658 1217; x_wconf 90' lang='grc' dir='ltr'><strong><em>τῶν</em></strong></span> <span class='ocrx_word' id='word_1_120' title='bbox 698 1166 962 1216; x_wconf 82' lang='grc' dir='ltr'><strong><em>Γαλατῶν</em></strong></span> <span class='ocrx_word' id='word_1_121' title='bbox 999 1165 1372 1233; x_wconf 81' lang='grc' dir='ltr'><strong><em>θεραπεύσειν</em></strong></span> <span class='ocrx_word' id='word_1_122' title='bbox 1418 1161 1633 1232; x_wconf 79' lang='grc' dir='ltr'><strong><em>ἔμελλε,</em></strong></span> <span class='ocrx_word' id='word_1_123' title='bbox 1683 1165 1745 1216; x_wconf 93' lang='grc' dir='ltr'><strong><em>τὸ</em></strong></span> <span class='ocrx_word' id='word_1_124' title='bbox 1792 1163 1894 1232; x_wconf 83' lang='grc' dir='ltr'><strong><em>μὲν</em></strong></span> 
     </span>
     <span class='ocr_line' id='line_1_15' title="bbox 201 1248 1894 1322; baseline -0.001 -17"><span class='ocrx_word' id='word_1_125' title='bbox 201 1263 423 1322; x_wconf 91' lang='grc' dir='ltr'><strong><em>πρῶτον</em></strong></span> <span class='ocrx_word' id='word_1_126' title='bbox 474 1253 674 1315; x_wconf 87' lang='grc' dir='ltr'><strong><em>αὐτοὺς</em></strong></span> <span class='ocrx_word' id='word_1_127' title='bbox 722 1252 924 1321; x_wconf 80' lang='grc' dir='ltr'><strong><em>ἀτίμως</em></strong></span> <span class='ocrx_word' id='word_1_128' title='bbox 972 1252 1303 1321; x_wconf 71' lang='grc' dir='ltr'><strong><em>ἀπέπεμψεν,</em></strong></span> <span class='ocrx_word' id='word_1_129' title='bbox 1351 1254 1424 1315; x_wconf 86' lang='grc' dir='ltr'><strong><em>ὡς</em></strong></span> <span class='ocrx_word' id='word_1_130' title='bbox 1463 1251 1512 1304; x_wconf 88' lang='grc' dir='ltr'><strong><em>δ’</em></strong></span> <span class='ocrx_word' id='word_1_131' title='bbox 1544 1248 1712 1314; x_wconf 81' lang='grc' dir='ltr'><strong><em>αὖθις</em></strong></span> <span class='ocrx_word' id='word_1_132' title='bbox 1756 1248 1894 1320; x_wconf 77' lang='grc' dir='ltr'><strong><em>ἧκον</em></strong></span> 
     </span>
     <span class='ocr_line' id='line_1_16' title="bbox 200 1340 1896 1410; baseline -0.001 -16"><span class='ocrx_word' id='word_1_133' title='bbox 200 1342 407 1403; x_wconf 84' lang='grc' dir='ltr'><strong><em>αὐτοὺς</em></strong></span> <span class='ocrx_word' id='word_1_134' title='bbox 446 1343 674 1409; x_wconf 80' lang='grc' dir='ltr'><strong><em>ἄγοντες</em></strong></span> <span class='ocrx_word' id='word_1_135' title='bbox 715 1341 892 1404; x_wconf 86' lang='grc' dir='ltr'><strong><em>ἱκέτας</em></strong></span> <span class='ocrx_word' id='word_1_136' title='bbox 930 1343 1060 1404; x_wconf 83' lang='grc' dir='ltr'><strong><em>τοὺς</em></strong></span> <span class='ocrx_word' id='word_1_137' title='bbox 1098 1344 1343 1409; x_wconf 89' lang='grc' dir='ltr'><strong><em>βασιλεῖς</em></strong></span> <span class='ocrx_word' id='word_1_138' title='bbox 1384 1340 1475 1394; x_wconf 88' lang='grc' dir='ltr'><strong><em>καὶ</em></strong></span> <span class='ocrx_word' id='word_1_139' title='bbox 1514 1342 1575 1393; x_wconf 92' lang='grc' dir='ltr'><strong><em>τὸ</em></strong></span> <span class='ocrx_word' id='word_1_140' title='bbox 1617 1349 1896 1410; x_wconf 82' lang='grc' dir='ltr'><strong><em>σκῆπτρον</em></strong></span> 
     </span>
     <span class='ocr_line' id='line_1_17' title="bbox 202 1428 1896 1506; baseline -0.001 -24"><span class='ocrx_word' id='word_1_141' title='bbox 202 1428 421 1499; x_wconf 78' lang='grc' dir='ltr'><strong><em>ἔχοντες</em></strong></span> <span class='ocrx_word' id='word_1_142' title='bbox 454 1431 531 1506; x_wconf 85' lang='grc' dir='ltr'><strong><em>εἰς</em></strong></span> <span class='ocrx_word' id='word_1_143' title='bbox 562 1437 669 1498; x_wconf 81' lang='grc' dir='ltr'><strong><em>γῆν</em></strong></span> <span class='ocrx_word' id='word_1_144' title='bbox 700 1432 957 1498; x_wconf 83' lang='grc' dir='ltr'><strong><em>ἔκυπτον,</em></strong></span> <span class='ocrx_word' id='word_1_145' title='bbox 990 1429 1307 1498; x_wconf 84' lang='grc' dir='ltr'><strong><em>ἀναμνήσας</em></strong></span> <span class='ocrx_word' id='word_1_146' title='bbox 1334 1437 1430 1497; x_wconf 81' lang='grc' dir='ltr'><strong><em>τῆς</em></strong></span> <span class='ocrx_word' id='word_1_147' title='bbox 1453 1433 1660 1496; x_wconf 81' lang='grc' dir='ltr'><strong><em>πολλῆς</em></strong></span> <span class='ocrx_word' id='word_1_148' title='bbox 1682 1429 1896 1498; x_wconf 80' lang='grc' dir='ltr'><strong><em>ὕβρεως</em></strong></span> 
     </span>
     <span class='ocr_line' id='line_1_18' title="bbox 202 1518 1963 1587; baseline 0.001 -17"><span class='ocrx_word' id='word_1_149' title='bbox 202 1519 294 1570; x_wconf 86' lang='grc' dir='ltr'><strong><em>καὶ</em></strong></span> <span class='ocrx_word' id='word_1_150' title='bbox 349 1527 461 1571; x_wconf 92' lang='grc' dir='ltr'><strong><em>τῶν</em></strong></span> <span class='ocrx_word' id='word_1_151' title='bbox 514 1520 730 1587; x_wconf 87' lang='grc' dir='ltr'><strong><em>μυρίων</em></strong></span> <span class='ocrx_word' id='word_1_152' title='bbox 783 1519 1127 1587; x_wconf 82' lang='grc' dir='ltr'><strong><em>παθημάτων</em></strong></span> <span class='ocrx_word' id='word_1_153' title='bbox 1188 1519 1455 1571; x_wconf 84' lang='grc' dir='ltr'><strong><em>ὠνεῖσθαι</em></strong></span> <span class='ocrx_word' id='word_1_154' title='bbox 1516 1519 1617 1586; x_wconf 86' lang='grc' dir='ltr'><strong><em>τὴν</em></strong></span> <span class='ocrx_word' id='word_1_155' title='bbox 1671 1518 1897 1587; x_wconf 84' lang='grc' dir='ltr'><strong><em>εἰρήνην</em></strong></span> <span class='ocrx_word' id='word_1_156' title='bbox 1921 1538 1963 1572; x_wconf 86' lang='lat'><strong><em>15</em></strong></span> 
     </span>
     <span class='ocr_line' id='line_1_19' title="bbox 205 1603 1897 1675; baseline -0.001 -17"><span class='ocrx_word' id='word_1_157' title='bbox 205 1605 419 1659; x_wconf 80' lang='grc' dir='ltr'><strong><em>ἐκέλευε</em></strong></span> <span class='ocrx_word' id='word_1_158' title='bbox 459 1614 553 1675; x_wconf 83' lang='grc' dir='ltr'><strong><em>τῆς</em></strong></span> <span class='ocrx_word' id='word_1_159' title='bbox 594 1607 787 1669; x_wconf 85' lang='grc' dir='ltr'><strong><em>ἰάσεως</em></strong></span> <span class='ocrx_word' id='word_1_160' title='bbox 824 1616 936 1659; x_wconf 93' lang='grc' dir='ltr'><strong><em>τῶν</em></strong></span> <span class='ocrx_word' id='word_1_161' title='bbox 974 1616 1160 1659; x_wconf 84' lang='grc' dir='ltr'><strong><em>κακῶν</em></strong></span> <span class='ocrx_word' id='word_1_162' title='bbox 1198 1609 1384 1669; x_wconf 89' lang='grc' dir='ltr'><strong><em>πόλεις</em></strong></span> <span class='ocrx_word' id='word_1_163' title='bbox 1421 1603 1523 1674; x_wconf 76' lang='grc' dir='ltr'><strong><em>μὲν</em></strong></span> <span class='ocrx_word' id='word_1_164' title='bbox 1565 1605 1897 1675; x_wconf 88' lang='grc' dir='ltr'><strong><em>ἐγείροντας,</em></strong></span> 
     </span>
     <span class='ocr_line' id='line_1_20' title="bbox 205 1692 1898 1763; baseline -0.001 -16"><span class='ocrx_word' id='word_1_165' title='bbox 205 1696 427 1762; x_wconf 84' lang='grc' dir='ltr'><strong><em>σώματα</em></strong></span> <span class='ocrx_word' id='word_1_166' title='bbox 468 1695 528 1747; x_wconf 79' lang='grc' dir='ltr'><strong><em>δὲ</em></strong></span> <span class='ocrx_word' id='word_1_167' title='bbox 561 1696 809 1763; x_wconf 77' lang='grc' dir='ltr'><strong><em>ἄγοντας.</em></strong></span> <span class='ocrx_word' id='word_1_168' title='bbox 882 1696 966 1748; x_wconf 85' lang='grc'><strong><em>78.</em></strong></span> <span class='ocrx_word' id='word_1_169' title='bbox 1007 1697 1059 1748; x_wconf 79' lang='grc' dir='ltr'><strong><em>οἱ</em></strong></span> <span class='ocrx_word' id='word_1_170' title='bbox 1100 1692 1162 1747; x_wconf 73' lang='grc' dir='ltr'><strong><em>δὲ</em></strong></span> <span class='ocrx_word' id='word_1_171' title='bbox 1201 1695 1529 1763; x_wconf 83' lang='grc' dir='ltr'><strong><em>ὡμολόγουν</em></strong></span> <span class='ocrx_word' id='word_1_172' title='bbox 1567 1714 1625 1747; x_wconf 92' lang='grc' dir='ltr'><strong><em>τε</em></strong></span> <span class='ocrx_word' id='word_1_173' title='bbox 1663 1692 1755 1747; x_wconf 88' lang='grc' dir='ltr'><strong><em>καὶ</em></strong></span> <span class='ocrx_word' id='word_1_174' title='bbox 1796 1693 1898 1746; x_wconf 87' lang='grc' dir='ltr'><strong><em>οὐκ</em></strong></span> 
     </span>
     <span class='ocr_line' id='line_1_21' title="bbox 208 1782 1900 1852; baseline -0.001 -16"><span class='ocrx_word' id='word_1_175' title='bbox 208 1782 527 1852; x_wconf 79' lang='grc' dir='ltr'><strong><em>ἐψεύδοντο,</em></strong></span> <span class='ocrx_word' id='word_1_176' title='bbox 570 1782 661 1836; x_wconf 85' lang='grc' dir='ltr'><strong><em>καὶ</em></strong></span> <span class='ocrx_word' id='word_1_177' title='bbox 701 1782 974 1851; x_wconf 81' lang='grc' dir='ltr'><strong><em>ἐκομίζετο</em></strong></span> <span class='ocrx_word' id='word_1_178' title='bbox 1014 1784 1116 1852; x_wconf 82' lang='grc' dir='ltr'><strong><em>μὲν</em></strong></span> <span class='ocrx_word' id='word_1_179' title='bbox 1155 1782 1292 1846; x_wconf 89' lang='grc' dir='ltr'><strong><em>ξύλα</em></strong></span> <span class='ocrx_word' id='word_1_180' title='bbox 1330 1803 1386 1836; x_wconf 93' lang='grc' dir='ltr'><strong><em>τε</em></strong></span> <span class='ocrx_word' id='word_1_181' title='bbox 1425 1782 1516 1836; x_wconf 86' lang='grc' dir='ltr'><strong><em>καὶ</em></strong></span> <span class='ocrx_word' id='word_1_182' title='bbox 1557 1785 1783 1852; x_wconf 90' lang='grc' dir='ltr'><strong><em>σίδηρος</em></strong></span> <span class='ocrx_word' id='word_1_183' title='bbox 1823 1783 1900 1845; x_wconf 84' lang='grc' dir='ltr'><strong><em>εἰς</em></strong></span> 
     </span>
     <span class='ocr_line' id='line_1_22' title="bbox 208 1869 1901 1940; baseline 0 -17"><span class='ocrx_word' id='word_1_184' title='bbox 208 1871 513 1924; x_wconf 85' lang='grc' dir='ltr'><strong><em>ἀνάστασιν</em></strong></span> <span class='ocrx_word' id='word_1_185' title='bbox 554 1873 762 1940; x_wconf 78' lang='grc' dir='ltr'><strong><em>οἰκιῶν,</em></strong></span> <span class='ocrx_word' id='word_1_186' title='bbox 802 1870 1024 1924; x_wconf 85' lang='grc' dir='ltr'><strong><em>ἐλέλυτο</em></strong></span> <span class='ocrx_word' id='word_1_187' title='bbox 1062 1869 1124 1924; x_wconf 76' lang='grc' dir='ltr'><strong><em>δὲ</em></strong></span> <span class='ocrx_word' id='word_1_188' title='bbox 1154 1880 1260 1934; x_wconf 84' lang='grc' dir='ltr'><strong><em>πᾶς</em></strong></span> <span class='ocrx_word' id='word_1_189' title='bbox 1292 1873 1370 1934; x_wconf 83' lang='grc' dir='ltr'><strong><em>εἰς</em></strong></span> <span class='ocrx_word' id='word_1_190' title='bbox 1401 1871 1679 1925; x_wconf 86' lang='grc' dir='ltr'><strong><em>ἐπάνοδον</em></strong></span> <span class='ocrx_word' id='word_1_191' title='bbox 1711 1871 1901 1940; x_wconf 87' lang='grc' dir='ltr'><strong><em>αἰχμά-</em></strong></span> 
     </span>
     <span class='ocr_line' id='line_1_23' title="bbox 210 1960 1968 2030; baseline 0.001 -18"><span class='ocrx_word' id='word_1_192' title='bbox 210 1964 380 2023; x_wconf 82' lang='grc' dir='ltr'><strong><em>λωτος</em></strong></span> <span class='ocrx_word' id='word_1_193' title='bbox 425 1960 533 2012; x_wconf 84' lang='grc' dir='ltr'><strong><em>ὑπὸ</em></strong></span> <span class='ocrx_word' id='word_1_194' title='bbox 583 1968 681 2012; x_wconf 87' lang='grc' dir='ltr'><strong><em>τοῦ</em></strong></span> <span class='ocrx_word' id='word_1_195' title='bbox 729 1967 1127 2028; x_wconf 85' lang='grc' dir='ltr'><strong><em>μαστιγοῦντος</em></strong></span> <span class='ocrx_word' id='word_1_196' title='bbox 1176 1962 1449 2030; x_wconf 86' lang='grc' dir='ltr'><strong><em>πρότερον</em></strong></span> <span class='ocrx_word' id='word_1_197' title='bbox 1493 1962 1900 2029; x_wconf 89' lang='grc' dir='ltr'><strong><em>θωπευόμενος,</em></strong></span> <span class='ocrx_word' id='word_1_198' title='bbox 1925 1982 1968 2014; x_wconf 82' lang='lat'><strong><em>20</em></strong></span> 
     </span>
     <span class='ocr_line' id='line_1_24' title="bbox 210 2044 1902 2120; baseline 0.001 -20"><span class='ocrx_word' id='word_1_199' title='bbox 210 2048 356 2110; x_wconf 85' lang='grc' dir='ltr'><strong><em>ὅπως</em></strong></span> <span class='ocrx_word' id='word_1_200' title='bbox 395 2049 541 2120; x_wconf 81' lang='grc' dir='ltr'><strong><em>αὐτῷ</em></strong></span> <span class='ocrx_word' id='word_1_201' title='bbox 575 2049 647 2117; x_wconf 87' lang='grc' dir='ltr'><strong><em>μὴ</em></strong></span> <span class='ocrx_word' id='word_1_202' title='bbox 686 2051 1161 2118; x_wconf 89' lang='grc' dir='ltr'><strong><em>μνησικακήσειεν,</em></strong></span> <span class='ocrx_word' id='word_1_203' title='bbox 1213 2049 1312 2112; x_wconf 85' lang='grc' dir='ltr'><strong><em>οὓς</em></strong></span> <span class='ocrx_word' id='word_1_204' title='bbox 1351 2046 1412 2102; x_wconf 73' lang='grc' dir='ltr'><strong><em>δὲ</em></strong></span> <span class='ocrx_word' id='word_1_205' title='bbox 1453 2049 1555 2102; x_wconf 85' lang='grc' dir='ltr'><strong><em>οὐκ</em></strong></span> <span class='ocrx_word' id='word_1_206' title='bbox 1595 2050 1782 2116; x_wconf 76' lang='grc' dir='ltr'><strong><em>ἄγοιεν</em></strong></span> <span class='ocrx_word' id='word_1_207' title='bbox 1823 2044 1902 2101; x_wconf 79' lang='grc' dir='ltr'><strong><em>ὧν</em></strong></span> 
     </span>
     <span class='ocr_line' id='line_1_25' title="bbox 211 2134 1903 2206; baseline -0.001 -17"><span class='ocrx_word' id='word_1_208' title='bbox 211 2138 523 2205; x_wconf 81' lang='grc' dir='ltr'><strong><em>εἰλήφεσαν,</em></strong></span> <span class='ocrx_word' id='word_1_209' title='bbox 585 2142 893 2200; x_wconf 83' lang='grc' dir='ltr'><strong><em>τεθνεῶτας</em></strong></span> <span class='ocrx_word' id='word_1_210' title='bbox 954 2137 1260 2206; x_wconf 88' lang='grc' dir='ltr'><strong><em>ἐδείκνυον,</em></strong></span> <span class='ocrx_word' id='word_1_211' title='bbox 1322 2139 1384 2190; x_wconf 89' lang='grc' dir='ltr'><strong><em>τὸ</em></strong></span> <span class='ocrx_word' id='word_1_212' title='bbox 1449 2134 1510 2190; x_wconf 76' lang='grc' dir='ltr'><strong><em>δὲ</em></strong></span> <span class='ocrx_word' id='word_1_213' title='bbox 1569 2136 1631 2190; x_wconf 89' lang='grc' dir='ltr'><strong><em>ἐν</em></strong></span> <span class='ocrx_word' id='word_1_214' title='bbox 1683 2138 1903 2199; x_wconf 90' lang='grc' dir='ltr'><strong><em>τούτοις</em></strong></span> 
     </span>
    </p>
   </div>
   <div class='ocr_carea' id='block_1_4' title="bbox 331 2282 1432 2339">
    <p class='ocr_par' dir='ltr' id='par_1_4' title="bbox 331 2282 1432 2339">
     <span class='ocr_line' id='line_1_26' title="bbox 331 2282 1432 2339; baseline 0 -13"><span class='ocrx_word' id='word_1_215' title='bbox 331 2287 358 2326; x_wconf 92' lang='grc'>8</span> <span class='ocrx_word' id='word_1_216' title='bbox 389 2283 539 2325; x_wconf 90' lang='lat' dir='ltr'><strong>Amm.</strong></span> <span class='ocrx_word' id='word_1_217' title='bbox 565 2282 693 2326; x_wconf 89' lang='lat' dir='ltr'><strong>XVII</strong></span> <span class='ocrx_word' id='word_1_218' title='bbox 719 2287 787 2337; x_wconf 91' lang='grc'><strong><em>10,</em></strong></span> <span class='ocrx_word' id='word_1_219' title='bbox 806 2287 831 2325; x_wconf 86' lang='grc'>6</span> <span class='ocrx_word' id='word_1_220' title='bbox 956 2288 1010 2326; x_wconf 89' lang='grc'><strong><em>10</em></strong></span> <span class='ocrx_word' id='word_1_221' title='bbox 1042 2284 1192 2326; x_wconf 89' lang='lat' dir='ltr'><strong>Amm.</strong></span> <span class='ocrx_word' id='word_1_222' title='bbox 1218 2283 1296 2326; x_wconf 89' lang='grc'>1.1.</span> <span class='ocrx_word' id='word_1_223' title='bbox 1325 2287 1432 2339; x_wconf 78' lang='lat' dir='ltr'><strong><em>Ssq.</em></strong></span> 
     </span>
    </p>
   </div>
   <div class='ocr_carea' id='block_1_5' title="bbox 305 2368 566 2372">
    <p class='ocr_par' dir='ltr' id='par_1_5' title="bbox 305 2368 566 2372">
     <span class='ocr_line' id='line_1_27' title="bbox 305 2368 566 2372; baseline 0 0"><span class='ocrx_word' id='word_1_224' title='bbox 305 2368 566 2372; x_wconf 95' lang='lat' dir='ltr'><strong><em> </em></strong></span> 
     </span>
    </p>
   </div>
   <div class='ocr_carea' id='block_1_6' title="bbox 212 2412 1908 2899">
    <p class='ocr_par' dir='ltr' id='par_1_6' title="bbox 332 2412 1903 2473">
     <span class='ocr_line' id='line_1_28' title="bbox 332 2412 1903 2473; baseline 0.001 -16"><span class='ocrx_word' id='word_1_225' title='bbox 332 2420 358 2457; x_wconf 96' lang='grc'>2</span> <span class='ocrx_word' id='word_1_226' title='bbox 392 2415 556 2472; x_wconf 84' lang='grc' dir='ltr'><strong><em>αὐτοῦ]</em></strong></span> <span class='ocrx_word' id='word_1_227' title='bbox 589 2412 770 2459; x_wconf 83' lang='grc' dir='ltr'><strong><em>ἐκείνου</em></strong></span> <span class='ocrx_word' id='word_1_228' title='bbox 802 2415 870 2458; x_wconf 84' lang='lat' dir='ltr'><strong><em>Re</em></strong></span> <span class='ocrx_word' id='word_1_229' title='bbox 898 2415 904 2473; x_wconf 81' lang='grc' dir='ltr'>Ι</span> <span class='ocrx_word' id='word_1_230' title='bbox 932 2413 1013 2458; x_wconf 80' lang='grc' dir='ltr'><strong><em>ὑπ’</em></strong></span> <span class='ocrx_word' id='word_1_231' title='bbox 1043 2416 1077 2458; x_wconf 93' lang='grc' dir='ltr'><em>Ι</em></span> <span class='ocrx_word' id='word_1_232' title='bbox 1103 2415 1185 2460; x_wconf 85' lang='lat' dir='ltr'><strong><em>sed</em></strong></span> <span class='ocrx_word' id='word_1_233' title='bbox 1215 2416 1281 2459; x_wconf 83' lang='grc' dir='ltr'><strong><em>ὑπ</em></strong></span> <span class='ocrx_word' id='word_1_234' title='bbox 1312 2415 1361 2458; x_wconf 90' lang='lat' dir='ltr'><strong><em>in</em></strong></span> <span class='ocrx_word' id='word_1_235' title='bbox 1385 2430 1460 2459; x_wconf 86' lang='lat' dir='ltr'><strong><em>ras</em></strong></span> <span class='ocrx_word' id='word_1_236' title='bbox 1484 2415 1554 2459; x_wconf 78' lang='lat'><strong>111²</strong></span> <span class='ocrx_word' id='word_1_237' title='bbox 1675 2419 1700 2458; x_wconf 87' lang='lat'>5</span> <span class='ocrx_word' id='word_1_238' title='bbox 1736 2422 1903 2471; x_wconf 78' lang='grc' dir='ltr'><strong><em>φυγεῖν</em></strong></span> 
     </span>
    </p>

    <p class='ocr_par' dir='ltr' id='par_1_7' title="bbox 212 2473 1907 2590">
     <span class='ocr_line' id='line_1_29' title="bbox 212 2473 1907 2531; baseline 0.001 -15"><span class='ocrx_word' id='word_1_239' title='bbox 212 2474 281 2517; x_wconf 84' lang='lat' dir='ltr'><strong><em>Re</em></strong></span> <span class='ocrx_word' id='word_1_240' title='bbox 425 2477 449 2515; x_wconf 79' lang='lat'><strong>7</strong></span> <span class='ocrx_word' id='word_1_241' title='bbox 494 2474 574 2517; x_wconf 81' lang='grc' dir='ltr'><strong><em>καὶ</em></strong></span> <span class='ocrx_word' id='word_1_242' title='bbox 606 2475 668 2530; x_wconf 88' lang='grc'><strong><em>(1)</em></strong></span> <span class='ocrx_word' id='word_1_243' title='bbox 701 2487 775 2517; x_wconf 91' lang='lat' dir='ltr'><strong><em>om</em></strong></span> <span class='ocrx_word' id='word_1_244' title='bbox 802 2474 862 2518; x_wconf 89' lang='lat' dir='ltr'><em>M</em></span> <span class='ocrx_word' id='word_1_245' title='bbox 894 2476 900 2529; x_wconf 91' lang='grc' dir='ltr'>Ι</span> <span class='ocrx_word' id='word_1_246' title='bbox 927 2481 1027 2519; x_wconf 85' lang='grc' dir='ltr'><strong><em>νεῖν</em></strong></span> <span class='ocrx_word' id='word_1_247' title='bbox 1060 2476 1168 2518; x_wconf 76' lang='lat' dir='ltr'>ante</span> <span class='ocrx_word' id='word_1_248' title='bbox 1201 2473 1472 2531; x_wconf 81' lang='grc' dir='ltr'><strong><em>ἀναγκάσας</em></strong></span> <span class='ocrx_word' id='word_1_249' title='bbox 1503 2476 1581 2519; x_wconf 87' lang='grc' dir='ltr'><strong><em>Βα</em></strong></span> <span class='ocrx_word' id='word_1_250' title='bbox 1611 2474 1735 2517; x_wconf 81' lang='lat' dir='ltr'><strong>Fabr</strong></span> <span class='ocrx_word' id='word_1_251' title='bbox 1758 2474 1826 2517; x_wconf 82' lang='lat' dir='ltr'><strong><em>Re</em></strong></span> <span class='ocrx_word' id='word_1_252' title='bbox 1859 2475 1907 2517; x_wconf 72' lang='lat' dir='ltr'><strong><em>eb</em></strong></span> 
     </span>
     <span class='ocr_line' id='line_1_30' title="bbox 213 2531 1848 2599; baseline 0 -24"><span class='ocrx_word' id='word_1_253' title='bbox 213 2532 339 2575; x_wconf 85' lang='lat' dir='ltr'>inser</span> <span class='ocrx_word' id='word_1_254' title='bbox 372 2533 446 2584; x_wconf 89' lang='lat' dir='ltr'><strong><em>V,</em></strong></span> <span class='ocrx_word' id='word_1_255' title='bbox 479 2534 587 2588; x_wconf 74' lang='lat' dir='ltr'><strong><em>post</em></strong></span> <span class='ocrx_word' id='word_1_256' title='bbox 617 2531 888 2599; x_wconf 80' lang='grc' dir='ltr'><strong><em>ἀναγκάσας</em></strong></span> <span class='ocrx_word' id='word_1_257' title='bbox 918 2533 968 2576; x_wconf 88' lang='lat' dir='ltr'><strong><em>in</em></strong></span> <span class='ocrx_word' id='word_1_258' title='bbox 999 2547 1133 2590; x_wconf 86' lang='lat' dir='ltr'>marg</span> <span class='ocrx_word' id='word_1_259' title='bbox 1164 2533 1222 2577; x_wconf 77' lang='lat'><strong><em>1²</em></strong></span> <span class='ocrx_word' id='word_1_260' title='bbox 1297 2548 1373 2577; x_wconf 91' lang='lat' dir='ltr'><strong><em>om</em></strong></span> <span class='ocrx_word' id='word_1_261' title='bbox 1403 2533 1574 2589; x_wconf 81' lang='lat' dir='ltr'>reliqui</span> <span class='ocrx_word' id='word_1_262' title='bbox 1603 2533 1716 2576; x_wconf 86' lang='lat' dir='ltr'>libri</span> <span class='ocrx_word' id='word_1_263' title='bbox 1746 2532 1848 2576; x_wconf 88' lang='lat' dir='ltr'><strong><em>Mor</em></strong></span> 
     </span>
    </p>

    <p class='ocr_par' dir='ltr' id='par_1_8' title="bbox 214 2589 1908 2666">
     <span class='ocr_line' id='line_1_31' title="bbox 214 2589 1908 2666; baseline 0.001 -33"><span class='ocrx_word' id='word_1_264' title='bbox 214 2594 241 2633; x_wconf 91' lang='grc'>8</span> <span class='ocrx_word' id='word_1_265' title='bbox 274 2608 328 2647; x_wconf 87' lang='grc' dir='ltr'><strong><em>γρ</em></strong></span> <span class='ocrx_word' id='word_1_266' title='bbox 346 2590 610 2647; x_wconf 81' lang='grc' dir='ltr'><strong><em>ἀναγκάσαι</em></strong></span> <span class='ocrx_word' id='word_1_267' title='bbox 634 2591 684 2634; x_wconf 88' lang='lat' dir='ltr'><strong><em>in</em></strong></span> <span class='ocrx_word' id='word_1_268' title='bbox 693 2604 841 2664; x_wconf 48' lang='lat' dir='ltr'><strong>‘marg</strong></span> <span class='ocrx_word' id='word_1_269' title='bbox 856 2592 957 2635; x_wconf 85' lang='lat' dir='ltr'><strong><em>Mor</em></strong></span> <span class='ocrx_word' id='word_1_270' title='bbox 1078 2597 1103 2635; x_wconf 88' lang='grc'><strong>9</strong></span> <span class='ocrx_word' id='word_1_271' title='bbox 1129 2589 1175 2636; x_wconf 84' lang='grc' dir='ltr'><strong><em>δ’</em></strong></span> <span class='ocrx_word' id='word_1_272' title='bbox 1197 2593 1266 2635; x_wconf 83' lang='lat' dir='ltr'><strong><em>Re</em></strong></span> <span class='ocrx_word' id='word_1_273' title='bbox 1380 2597 1404 2635; x_wconf 87' lang='lat'>9</span> <span class='ocrx_word' id='word_1_274' title='bbox 1431 2609 1486 2636; x_wconf 92' lang='grc' dir='ltr'><strong><em>ου</em></strong></span> <span class='ocrx_word' id='word_1_275' title='bbox 1506 2593 1590 2636; x_wconf 87' lang='lat' dir='ltr'><strong><em>Mo</em></strong></span> <span class='ocrx_word' id='word_1_276' title='bbox 1706 2597 1759 2635; x_wconf 94' lang='grc'><strong><em>11</em></strong></span> <span class='ocrx_word' id='word_1_277' title='bbox 1774 2589 1813 2666; x_wconf 61' lang='grc' dir='ltr'><strong><em>τἣ</em></strong></span> <span class='ocrx_word' id='word_1_278' title='bbox 1831 2592 1908 2635; x_wconf 85' lang='lat' dir='ltr'><strong><em>La</em></strong></span> 
     </span>
    </p>

    <p class='ocr_par' dir='ltr' id='par_1_9' title="bbox 216 2645 1907 2725">
     <span class='ocr_line' id='line_1_32' title="bbox 216 2645 1907 2725; baseline 0.001 -33"><span class='ocrx_word' id='word_1_279' title='bbox 216 2650 298 2693; x_wconf 83' lang='lat' dir='ltr'><strong><em>sed</em></strong></span> <span class='ocrx_word' id='word_1_280' title='bbox 330 2650 438 2705; x_wconf 85' lang='lat' dir='ltr'><strong><em>spir.</em></strong></span> <span class='ocrx_word' id='word_1_281' title='bbox 468 2663 564 2705; x_wconf 86' lang='lat' dir='ltr'><strong><em>asp.</em></strong></span> <span class='ocrx_word' id='word_1_282' title='bbox 590 2665 622 2692; x_wconf 68' lang='lat' dir='ltr'><strong><em>‘n</em></strong></span> <span class='ocrx_word' id='word_1_283' title='bbox 684 2645 713 2703; x_wconf 88' lang='grc' dir='ltr'>ἧ</span> <span class='ocrx_word' id='word_1_284' title='bbox 741 2650 872 2693; x_wconf 89' lang='lat' dir='ltr'><strong><em>VIM</em></strong></span> <span class='ocrx_word' id='word_1_285' title='bbox 927 2648 956 2706; x_wconf 84' lang='grc' dir='ltr'><strong>ἢ</strong></span> <span class='ocrx_word' id='word_1_286' title='bbox 983 2652 1067 2695; x_wconf 87' lang='lat' dir='ltr'><strong><em>Mo</em></strong></span> <span class='ocrx_word' id='word_1_287' title='bbox 1095 2651 1101 2708; x_wconf 91' lang='grc' dir='ltr'>Ι</span> <span class='ocrx_word' id='word_1_288' title='bbox 1129 2650 1288 2707; x_wconf 83' lang='grc' dir='ltr'><strong><em>ἤμελλε</em></strong></span> <span class='ocrx_word' id='word_1_289' title='bbox 1313 2651 1389 2696; x_wconf 88' lang='lat' dir='ltr'><strong><em>La</em></strong></span> <span class='ocrx_word' id='word_1_290' title='bbox 1512 2655 1564 2694; x_wconf 88' lang='lat'><strong><em>13</em></strong></span> <span class='ocrx_word' id='word_1_291' title='bbox 1598 2651 1680 2694; x_wconf 77' lang='grc' dir='ltr'><strong><em>καὶ</em></strong></span> <span class='ocrx_word' id='word_1_292' title='bbox 1703 2646 1907 2725; x_wconf 89' lang='grc' dir='ltr'><strong><em>&lt;ουτοι&gt;</em></strong></span> 
     </span>
    </p>

    <p class='ocr_par' dir='ltr' id='par_1_10' title="bbox 216 2707 1906 2775">
     <span class='ocr_line' id='line_1_33' title="bbox 216 2707 1906 2775; baseline 0 -24"><span class='ocrx_word' id='word_1_293' title='bbox 216 2708 268 2751; x_wconf 88' lang='grc' dir='ltr'><strong><em>τὸ</em></strong></span> <span class='ocrx_word' id='word_1_294' title='bbox 294 2708 399 2751; x_wconf 83' lang='lat' dir='ltr'>coni</span> <span class='ocrx_word' id='word_1_295' title='bbox 422 2709 492 2752; x_wconf 78' lang='lat' dir='ltr'><strong><em>Re</em></strong></span> <span class='ocrx_word' id='word_1_296' title='bbox 608 2713 662 2751; x_wconf 86' lang='grc'><strong><em>16</em></strong></span> <span class='ocrx_word' id='word_1_297' title='bbox 687 2707 767 2751; x_wconf 82' lang='grc' dir='ltr'><strong><em>διὰ</em></strong></span> <span class='ocrx_word' id='word_1_298' title='bbox 792 2710 901 2752; x_wconf 75' lang='lat' dir='ltr'>ante</span> <span class='ocrx_word' id='word_1_299' title='bbox 924 2715 1006 2764; x_wconf 86' lang='grc' dir='ltr'><strong><em>τῆς</em></strong></span> <span class='ocrx_word' id='word_1_300' title='bbox 1031 2710 1157 2753; x_wconf 83' lang='lat' dir='ltr'>inser</span> <span class='ocrx_word' id='word_1_301' title='bbox 1178 2709 1237 2753; x_wconf 81' lang='lat'><strong><em>1³</em></strong></span> <span class='ocrx_word' id='word_1_302' title='bbox 1264 2712 1270 2765; x_wconf 82' lang='lat'>1</span> <span class='ocrx_word' id='word_1_303' title='bbox 1299 2707 1571 2775; x_wconf 82' lang='grc' dir='ltr'><strong><em>ἀγείροντας</em></strong></span> <span class='ocrx_word' id='word_1_304' title='bbox 1588 2712 1633 2754; x_wconf 88' lang='grc' dir='ltr'><em>Β</em></span> <span class='ocrx_word' id='word_1_305' title='bbox 1742 2713 1793 2752; x_wconf 83' lang='grc'><strong><em>17</em></strong></span> <span class='ocrx_word' id='word_1_306' title='bbox 1821 2709 1906 2752; x_wconf 80' lang='grc' dir='ltr'><strong><em>σώ-</em></strong></span> 
     </span>
    </p>

    <p class='ocr_par' dir='ltr' id='par_1_11' title="bbox 216 2766 1906 2883">
     <span class='ocr_line' id='line_1_34' title="bbox 216 2766 1906 2842; baseline 0.001 -33"><span class='ocrx_word' id='word_1_307' title='bbox 216 2768 358 2824; x_wconf 88' lang='grc' dir='ltr'><strong><em>ματα]</em></strong></span> <span class='ocrx_word' id='word_1_308' title='bbox 392 2767 708 2824; x_wconf 83' lang='grc' dir='ltr'><strong><em>αἰχμαλώτους</em></strong></span> <span class='ocrx_word' id='word_1_309' title='bbox 734 2766 808 2809; x_wconf 86' lang='lat' dir='ltr'><strong><em>vel</em></strong></span> <span class='ocrx_word' id='word_1_310' title='bbox 839 2768 1026 2839; x_wconf 84' lang='grc' dir='ltr'><strong><em>σώματα</em></strong></span> <span class='ocrx_word' id='word_1_311' title='bbox 1057 2768 1108 2812; x_wconf 82' lang='grc' dir='ltr'><strong><em>δὲ</em></strong></span> <span class='ocrx_word' id='word_1_312' title='bbox 1135 2767 1474 2842; x_wconf 78' lang='grc' dir='ltr'><strong><em>(αἰχμάλωτα)</em></strong></span> <span class='ocrx_word' id='word_1_313' title='bbox 1507 2768 1770 2840; x_wconf 79' lang='lat' dir='ltr'>scripserim</span> <span class='ocrx_word' id='word_1_314' title='bbox 1802 2766 1906 2811; x_wconf 83' lang='lat' dir='ltr'><strong>coll.</strong></span> 
     </span>
     <span class='ocr_line' id='line_1_35' title="bbox 338 2822 1840 2899; baseline 0.001 -31.027"><span class='ocrx_word' id='word_1_315' title='bbox 338 2841 423 2882; x_wconf 89' lang='lat' dir='ltr'><strong><em>p.</em></strong></span> <span class='ocrx_word' id='word_1_316' title='bbox 450 2830 551 2880; x_wconf 82' lang='lat'>480,</span> <span class='ocrx_word' id='word_1_317' title='bbox 570 2830 624 2868; x_wconf 92' lang='grc'><strong><em>10</em></strong></span> <span class='ocrx_word' id='word_1_318' title='bbox 662 2823 889 2883; x_wconf 84' lang='grc' dir='ltr'><strong><em>τρισχίλια</em></strong></span> <span class='ocrx_word' id='word_1_319' title='bbox 929 2822 978 2869; x_wconf 79' lang='grc' dir='ltr'><strong><em>δ’</em></strong></span> <span class='ocrx_word' id='word_1_320' title='bbox 1006 2826 1272 2883; x_wconf 86' lang='grc' dir='ltr'><strong><em>αἰχμάλωτα</em></strong></span> <span class='ocrx_word' id='word_1_321' title='bbox 1312 2828 1500 2899; x_wconf 83' lang='grc' dir='ltr'><strong><em>σώματα</em></strong></span> <span class='ocrx_word' id='word_1_322' title='bbox 1539 2824 1668 2882; x_wconf 83' lang='grc' dir='ltr'><strong><em>δεῦρ’</em></strong></span> <span class='ocrx_word' id='word_1_323' title='bbox 1696 2825 1840 2883; x_wconf 85' lang='grc' dir='ltr'><strong><em>ἤγαγε</em></strong></span> 
     </span>
    </p>
   </div>
   <div class='ocr_carea' id='block_1_7' title="bbox 219 2882 1908 2998">
    <p class='ocr_par' dir='ltr' id='par_1_12' title="bbox 219 2882 1908 2998">
     <span class='ocr_line' id='line_1_36' title="bbox 220 2882 1908 2944; baseline 0.001 -19"><span class='ocrx_word' id='word_1_324' title='bbox 220 2888 273 2925; x_wconf 83' lang='lat'><strong><em>21</em></strong></span> <span class='ocrx_word' id='word_1_325' title='bbox 309 2882 435 2935; x_wconf 80' lang='grc' dir='ltr'><strong><em>ὅπως</em></strong></span> <span class='ocrx_word' id='word_1_326' title='bbox 465 2901 525 2928; x_wconf 90' lang='grc' dir='ltr'><strong><em>αν</em></strong></span> <span class='ocrx_word' id='word_1_327' title='bbox 558 2885 683 2944; x_wconf 80' lang='grc' dir='ltr'><strong><em>αὐτῷ</em></strong></span> <span class='ocrx_word' id='word_1_328' title='bbox 715 2884 810 2940; x_wconf 86' lang='grc' dir='ltr'><strong><em>(Βα</em></strong></span> <span class='ocrx_word' id='word_1_329' title='bbox 842 2886 906 2939; x_wconf 65' lang='lat' dir='ltr'><strong><em>eb)</em></strong></span> <span class='ocrx_word' id='word_1_330' title='bbox 938 2884 1060 2927; x_wconf 85' lang='lat' dir='ltr'><strong>Fabr</strong></span> <span class='ocrx_word' id='word_1_331' title='bbox 1195 2890 1249 2928; x_wconf 87' lang='lat'><strong><em>21</em></strong></span> <span class='ocrx_word' id='word_1_332' title='bbox 1284 2887 1331 2929; x_wconf 77' lang='lat' dir='ltr'><strong><em>et</em></strong></span> <span class='ocrx_word' id='word_1_333' title='bbox 1363 2891 1418 2928; x_wconf 82' lang='lat'><strong><em>22</em></strong></span> <span class='ocrx_word' id='word_1_334' title='bbox 1451 2882 1499 2929; x_wconf 88' lang='grc' dir='ltr'><strong><em>δ’</em></strong></span> <span class='ocrx_word' id='word_1_335' title='bbox 1526 2886 1594 2930; x_wconf 80' lang='lat' dir='ltr'><strong><em>Re</em></strong></span> <span class='ocrx_word' id='word_1_336' title='bbox 1734 2890 1789 2928; x_wconf 89' lang='grc'><strong><em>22</em></strong></span> <span class='ocrx_word' id='word_1_337' title='bbox 1822 2885 1908 2928; x_wconf 76' lang='grc' dir='ltr'><strong><em>οὐκ</em></strong></span> 
     </span>
     <span class='ocr_line' id='line_1_37' title="bbox 219 2939 573 2998; baseline 0.008 -15"><span class='ocrx_word' id='word_1_338' title='bbox 219 2939 279 2984; x_wconf 80' lang='grc' dir='ltr'><strong><em>ἀν</em></strong></span> <span class='ocrx_word' id='word_1_339' title='bbox 311 2942 472 2998; x_wconf 80' lang='grc' dir='ltr'><strong><em>ἄγοιεν</em></strong></span> <span class='ocrx_word' id='word_1_340' title='bbox 504 2943 573 2986; x_wconf 83' lang='lat' dir='ltr'><strong><em>Re</em></strong></span> 
     </span>
    </p>
   </div>
  </div>
 </body>
</html>
