2060 3162
229 126 339 181 224
751 114 982 166 LIBANH
1013 114 1236 160 ORATIO
1268 102 1418 162 xvm

226 284 350 316 anus
382 268 445 315 M.
471 267 614 314 XXII
641 268 723 328 13,
752 266 781 314 5
822 265 924 314 iam
964 283 1092 314 anno
1126 267 1229 314 362
1270 266 1482 316 Nicaeae
1516 264 1781 326 portionem
1817 279 1916 315 non

225 343 505 391 mediocrem
544 341 824 401 conlapsam
863 354 961 388 esse
999 343 1156 389 terrae
1192 344 1322 388 motu
1359 342 1582 389 testetur.

338 414 531 462 Pariter
569 414 720 462 verba
759 430 886 476 quae
926 416 1204 476 sequuntur
1241 431 1287 475 p.
1323 415 1443 476 621,
1473 414 1537 462 15
1588 412 1720 480 παρὰ
1760 411 1812 463 δὲ
1852 407 1916 463 αὖ

226 494 322 538 τῶν
353 483 518 554 Ὡρῶν
564 485 696 551 λιμοὶ
742 485 824 535 καὶ
863 485 1024 550 λοιμοὶ
1065 487 1358 554 φθείροντες
1397 484 1577 551 ὁμοίως
1616 485 1917 553 ἀνθρώπους

226 579 274 610 τε
313 559 396 609 καὶ
434 560 720 625 βοσκήματα
758 577 858 609 non
897 561 954 608 de
994 577 1175 622 magna
1219 562 1351 620 fame
1397 577 1526 623 quae
1565 563 1722 609 solam
1759 562 1916 622 Phry-

222 638 357 703 yc'am
387 650 514 682 anno
542 636 648 683 370
680 635 914 695 vastavit,
926 628 968 702 1)
1001 635 1085 682 sed
1117 634 1175 682 de
1205 635 1336 683 fame
1369 637 1418 683 et
1448 635 1733 697 pestilentia
1766 628 1916 701 (quae

226 713 386 757 terrae
423 708 640 756 motibus
679 708 1184 770 inundationibusque
1230 708 1416 770 ubique
1464 725 1489 756 e
1527 725 1692 756 rerum
1738 710 1918 756 natura

221 782 486 846 ,succedere
524 775 808 848 debuerint)
858 782 1062 830 aestatis
1102 782 1237 830 illius
1278 782 1395 829 anni
1438 783 1540 830 365
1582 781 1917 845 intellegenda

231 872 333 908 esse
374 871 559 904 censeo.
1674 865 1677 868 '

338 929 504 977 Verba
535 929 745 991 denique
777 932 960 977 κεῖνται
993 925 1044 977 δὲ
1071 922 1324 991 Ἑλλήνων
1362 927 1492 992 πλὴν
1532 936 1644 992 μιᾶς
1676 928 1731 976 αἱ
1765 936 1918 976 πᾶσαι

229 998 319 1070 (sc.
352 997 539 1070 πόλεις)
579 1005 693 1064 post
731 1018 916 1050 annum
955 1002 1151 1050 demum
1186 1004 1289 1050 375
1332 1002 1479 1051 scribi
1516 1003 1736 1064 potuisse
1775 1018 1917 1050 nemo

229 1077 371 1125 credo
419 1077 549 1125 dicet
587 1077 742 1124 fretus
788 1076 1073 1125 testimonio
1127 1077 1309 1124 Zosimi
1323 1070 1387 1143 2),
1441 1077 1528 1137 qui
1566 1076 1918 1124 Valentiniano

230 1153 430 1199 mortuo
463 1166 628 1198 omnes
655 1150 889 1198 Graeciae
923 1150 1067 1198 urbes
1101 1151 1315 1212 exceptis
1346 1150 1555 1198 Athenis
1586 1151 1748 1198 terrae
1779 1153 1919 1198 motu

228 1226 450 1275 vastatas
491 1239 594 1272 esse
641 1223 905 1271 memoriae
954 1224 1185 1287 prodidit.
1262 1224 1393 1271 Nam
1438 1223 1553 1271 huic
1591 1223 1735 1271 unico
1774 1224 1919 1271 huius

228 1298 300 1346 rei
332 1298 466 1358 testi,
505 1300 561 1344 ut
601 1297 872 1345 Sieversius
906 1298 1046 1359 vidit,
1084 1297 1204 1345 fides
1240 1314 1339 1346 non
1370 1297 1598 1345 habenda
1630 1299 1716 1346 est.
1780 1298 1918 1344 Tem-

229 1387 353 1434 pora
389 1371 612 1419 confudit
641 1373 901 1433 terraeque
940 1373 1130 1419 motum
1162 1371 1280 1418 anni
1314 1372 1417 1419 365
1460 1370 1522 1418 ad
1553 1373 1747 1433 tempus
1789 1370 1921 1432 quod

229 1444 573 1493 Valentiniani
611 1447 821 1493 mortem
860 1446 1084 1493 secutum
1124 1447 1198 1493 est
1236 1444 1508 1492 transtulit.

341 1518 585 1575 Quoniam
624 1534 740 1567 vero
779 1518 1036 1567 Glintonus
1074 1518 1197 1566 bene
1236 1518 1359 1565 mihi
1399 1518 1683 1567 observasse
1723 1517 1921 1566 videtur

229 1593 360 1645 inter
396 1593 530 1640 mala
568 1592 751 1640 Iuliani
791 1594 1001 1640 mortem
1041 1594 1208 1640 secuta
1249 1594 1400 1640 etiam
1439 1592 1694 1640 seditionis
1735 1608 1764 1639 a
1803 1591 1920 1639 Pro-

232 1667 373 1728 copio
427 1666 588 1714 factae
642 1668 944 1714 mentionem
989 1665 1254 1713 Libanium
1303 1666 1600 1713 iniecturum
1652 1665 1825 1726 fuisse,
1879 1663 1922 1712 si

232 1740 335 1787 eius
381 1740 614 1788 notitiam
658 1739 935 1802 habuisset,
982 1756 1080 1787 non
1126 1741 1199 1786 ita
1245 1740 1402 1787 multo
1451 1741 1563 1787 ante
1611 1740 1757 1786 finem
1804 1738 1920 1786 anni

234 1814 337 1861 365
366 1814 640 1862 orationem
673 1813 1002 1876 conscriptam
1035 1828 1137 1861 esse
1170 1813 1475 1861 coniecerim.
1488 1806 1529 1879 3)
1602 1813 1780 1861 Totam
1813 1827 1921 1860 eam

232 1902 451 1947 unquam
485 1889 746 1934 recitatam
786 1902 889 1934 esse
928 1887 1121 1935 ratione
1160 1887 1332 1935 habita
1369 1902 1468 1934 non
1509 1887 1667 1934 solum
1707 1885 1920 1934 ambitus

232 1959 387 2020 ipsius
439 1961 523 2007 sed
573 1962 725 2007 etiam
776 1961 1076 2008 condicionis
1126 1976 1289 2007 rerum
1338 1961 1596 2008 universae
1648 1959 1919 2020 salutisque

232 2032 430 2080 Libanii
446 2026 491 2099 4)
533 2049 562 2079 a
599 2033 841 2080 Waldeno
881 2033 1173 2082 dissentiens
1212 2034 1491 2096 negandum
1532 2033 1670 2080 duco.
1683 2026 1725 2098 ⁵)

344 2105 414 2153 Ut
433 2106 589 2153 multo
614 2106 773 2168 magis
797 2108 848 2153 in
866 2107 958 2154 hac
982 2107 1204 2154 oratione
1229 2123 1379 2167 quam
1402 2107 1455 2153 in
1470 2106 1704 2154 Monodia
1728 2105 1779 2151 id
1804 2106 1920 2168 egit,

233 2181 290 2226 ut
327 2181 484 2226 vitam
518 2181 667 2240 atque
699 2195 776 2227 res
809 2182 974 2242 gestas
1006 2179 1192 2227 Iuliani
1224 2181 1477 2227 enarraret
1502 2206 1568 2212 —
1596 2179 1724 2225 unde
1758 2179 1921 2226 evenit

234 2254 290 2300 ut
330 2255 480 2300 etiam
518 2253 872 2301 recentioribus
912 2252 1158 2301 historicis
1190 2246 1498 2318 poetisquess)
1540 2268 1628 2314 pro
1661 2252 1918 2314 potissimo

355 2395 396 2449 1)
429 2393 615 2437 Hieron.
641 2393 670 2435 1.
696 2393 725 2435 1
791 2391 856 2435 Cf
885 2391 1069 2436 Clinton
1101 2392 1128 2434 1.
1156 2392 1185 2435 1.
1219 2407 1263 2448 p.
1291 2397 1388 2435 474.
1438 2391 1640 2436 Walden
1672 2391 1756 2435 1.1.

339 2455 397 2523 2)
427 2452 491 2495 lV
510 2456 564 2495 18
597 2451 708 2495 ὥστε
740 2452 820 2495 καὶ
844 2451 926 2502 τὰς
956 2450 1126 2501 πολλὰς
1159 2453 1441 2507 διαρρυῆναι
1473 2458 1564 2495 τῶν
1595 2449 1772 2495 πόλεων
1800 2450 1919 2506 πλὴν

234 2516 314 2566 τῆς
339 2507 603 2566 Ἀθηναίων
634 2509 808 2560 πόλεως
839 2510 918 2553 καὶ
950 2515 1029 2565 τῆς
1051 2506 1260 2565 Ἀττικης.

355 2571 407 2625 3)
433 2569 657 2612 Similiter
688 2568 905 2612 Reiskius
937 2583 981 2624 p.
1008 2572 1092 2611 620
1125 2570 1219 2611 not.
1246 2573 1316 2623 22,
1351 2568 1613 2622 Clintonus,
1646 2567 1918 2621 Waldenus,

234 2626 310 2670 cui
342 2627 588 2671 nonnullos
619 2627 745 2671 locos
778 2641 805 2670 a
837 2627 1054 2680 Libanio‚
1094 2627 1366 2683 priusquam
1398 2627 1655 2671 orationem
1685 2626 1734 2668 in
1765 2625 1918 2682 publi-

237 2700 340 2729 cum
363 2686 564 2788 przdire
572 2686 797 2740 iussisset,
823 2685 1007 2730 additos
1034 2699 1132 2729 esse
1157 2686 1344 2742 putanti
1366 2684 1642 2741 adstipulari
1668 2698 1760 2727 non
1785 2697 1917 2740 queo.

356 2806 399 2859 5)
434 2803 534 2855 Qua
566 2804 622 2846 de
654 2817 703 2847 re
735 2804 830 2846 iam
861 2802 1077 2846 Reiskius
1109 2803 1174 2845 1.1
1214 2816 1313 2846 sese
1346 2802 1562 2845 dubitare
1593 2801 1830 2844 indicavit.

356 2864 399 2918 6)
438 2861 685 2905 Poetarum
719 2863 843 2905 inter
881 2875 996 2918 quos
1030 2862 1234 2904 eminent
1264 2861 1486 2916 Iosephus
1519 2861 1577 2904 de
1608 2858 1916 2913 Eichendorff‚

236 2919 464 2964 Henricus
495 2920 646 2974 Ibsen
679 2921 809 2964 Felix
841 2920 998 2974 Dahn‚
1039 2933 1181 2976 opera
1212 2920 1261 2962 in
1292 2919 1500 2963 oratione
1533 2918 1800 2962 academica
1833 2918 1917 2961 sub
