2060 3162
672 129 900 173 LIBANII
933 127 1158 173 ORATIO
1191 128 1318 171 XXII
1721 127 1829 180 485

141 277 349 322 κτεῖναι
387 269 579 336 κυρίω,
619 266 788 337 ψήφῳ
826 264 1094 333 βασιλέως
1135 262 1481 333 ἐφυλαξάτην
1520 264 1622 332 τὴν
1660 263 1833 330 τομὴν

141 358 238 426 (τὸ
277 355 412 424 μὲν)
456 354 640 408 αὐτῶν
681 354 741 407 ἐν
779 362 844 425 τῇ
884 355 1061 424 κρίσει
1101 356 1413 422 στήσαντες,
1453 353 1518 405 τὰ
1559 350 1608 405 δ’
1640 349 1833 420 ἐφεξῆς

143 454 207 516 τῇ
245 444 498 514 βασιλείᾳ
528 446 878 512 τηρήσαντες.
955 441 1042 495 25.
1081 449 1308 494 τοιαῦτα
1338 443 1534 494 τοίνυν
1566 440 1834 508 ὑπηρετη-

143 535 295 596 κότες
346 540 410 602 τῇ
467 533 591 602 δίκῃ
645 530 737 584 καὶ
788 532 855 585 οὐ
910 534 1238 600 ποιήσαντες
1293 528 1495 583 ἐλάττω
1550 529 1836 591 τοσούτοις

143 627 317 684 οἴκοις
353 622 455 689 τὴν
500 622 684 688 πόλιν,
734 620 907 673 ταύτὰ
956 617 1058 687 μὲν
1109 618 1506 687 βουληθέντες,
1558 618 1728 671 ταύτὰ
1774 614 1834 670 δὲ
1882 637 1902 669 5

142 708 527 772 ἐπαινέσαντες
586 709 764 779 πάσης
825 707 1010 780 ἔριδος
1071 706 1496 777 ἀπηλλαγμένην
1565 709 1838 776 βοήθειαν

141 799 545 868 βεβοηθηκότες
583 797 740 865 μέσοι
782 795 790 867 Ι
831 795 933 864 μὲν
972 796 1276 866 ἐγενέσθην
1313 798 1570 865 πλήθους
1607 803 1707 848 τοῦ
1747 807 1789 850 R
1810 807 1924 851 1117

145 888 253 959 πρὸ
293 895 392 941 τοῦ
434 888 793 957 δικαστηρίου
826 888 883 940 τί
909 896 1022 939 τῶν
1053 885 1313 940 ἁπάντων
1346 885 1412 939 οὐ
1445 882 1838 954 φθεγγομένου

144 977 336 1039 καινὰς
375 974 463 1030 ἐπὶ
502 984 622 1039 ταῖς
669 977 955 1038 εἰωθυίαις
1002 976 1258 1044 δεήσεσιν
1305 974 1672 1043 εὑρίσκοντος.
1749 973 1840 1025 καὶ

146 1067 175 1120 ὁ
229 1062 332 1134 μὲν
386 1067 586 1135 χρόνος
639 1074 753 1118 τῶν
808 1065 1055 1117 ὶκετειῶν
1107 1066 1281 1127 πολὺς
1341 1061 1432 1116 καὶ
1485 1063 1612 1132 περὶ
1673 1063 1840 1115 δύσιν
1865 1084 1907 1117 ιο

144 1156 323 1224 ἥλιος,
387 1155 552 1223 σιγὴν
603 1150 664 1207 δὲ
716 1151 899 1216 οὐδεὶς
950 1151 1206 1216 ἐπέταξεν
1255 1153 1382 1206 οὔτε
1434 1152 1663 1222 ῥάβδοις
1713 1151 1840 1204 οὔτε

147 1248 335 1306 ψιλαῖς
373 1251 492 1305 ταῖς
530 1244 735 1311 χερσίν.

258 1332 345 1384 26.
386 1330 542 1384 Ἀλλὰ
572 1338 672 1384 τοῦ
712 1331 837 1401 περὶ
877 1332 980 1400 τὴν
1019 1331 1182 1399 δίκην
1220 1332 1399 1383 πόνου
1433 1330 1692 1399 διάδοχος
1731 1327 1839 1381 ἕτε-

147 1440 241 1491 ρος
278 1417 350 1489 ἦν
395 1420 425 1474 ὁ
472 1418 598 1488 περὶ
647 1421 750 1488 τὴν
801 1419 1010 1472 στάσιν.
1087 1418 1178 1472 καὶ
1225 1428 1567 1489 περιερρεῖτο
1618 1421 1843 1480 πολλοῖς

145 1511 261 1578 μὲν·
293 1509 552 1579 ἀνδράσι,
606 1510 823 1562 πλείοσι
878 1509 940 1562 δὲ
992 1506 1212 1577 γυναιξὶ
1267 1510 1460 1577 μόνον.
1490 1507 1556 1561 οὐ
1607 1520 1840 1576 προσπι-
1866 1528 1907 1562 15

146 1600 413 1661 πτούσαις
459 1597 567 1650 ὑπὸ
614 1606 710 1666 τῆς
756 1596 1002 1650 ἐνταῦθα
1049 1597 1260 1665 ἀδείας,
1315 1596 1343 1650 ὁ
1385 1595 1434 1650 δ’
1467 1596 1632 1658 αὐτὸς
1682 1596 1749 1648 τά
1787 1614 1844 1648 τε

148 1689 416 1756 λεγόμενα
454 1684 567 1754 μετ’
600 1687 882 1755 εὐμενείας
920 1687 1177 1756 προσίετο
1217 1686 1309 1739 καὶ
1349 1682 1429 1739 ὧν
1465 1683 1589 1755 ᾔδει
1633 1684 1845 1752 πολλὴν

269 1912 290 1949 1
323 1905 386 1950 Io.
414 1904 570 1962 Chrys.
597 1905 720 1950 hom.
743 1905 870 1950 XVII
901 1906 994 1950 t.11
1017 1922 1060 1964 p.
1085 1911 1168 1951 174
1187 1908 1301 1963 Asq.

267 2119 289 2157 1
324 2111 465 2169 κυρία
495 2114 598 2158 Μοι·
631 2114 637 2172 Ι
672 2113 820 2175 ψήφῳ
852 2114 904 2160 δὲ
936 2115 1042 2159 coni
1065 2115 1133 2160 Re
1166 2118 1213 2160 et
1244 2115 1391 2160 Cobet
1423 2115 1536 2161 0011.
1557 2121 1641 2161 120
1681 2120 1686 2174 Ι
1726 2118 1838 2174 ἐφύ-

136 2173 260 2228 λαξα
303 2172 388 2229 τὴν
426 2159 462 2216 Ῑ
499 2174 580 2216 sed
623 2174 672 2217 in
713 2173 1007 2231 ἐφυλαξάτην
1048 2189 1150 2219 corr
1179 2175 1262 2230 m⁸‚
1310 2177 1442 2221 LMo
1519 2176 1716 2232 ἐφύλαξε
1753 2176 1839 2233 τὴν

141 2226 267 2288 Mor,
315 2233 397 2276 sed
435 2250 490 2290 γρ
517 2232 769 2289 ἐφύλαξαν,
817 2234 943 2289 quod
982 2247 1085 2278 corr
1121 2235 1191 2279 Re
1221 2235 1362 2279 Anim
1420 2238 1425 2293 Ι
1482 2236 1567 2291 τὴν
1606 2250 1681 2279 om
1706 2237 1839 2281 LMo

150 2292 153 2349 Ι
188 2291 273 2347 τὴν
303 2291 449 2348 τομὴν
482 2291 734 2336 delendum
765 2295 924 2337 censet
955 2292 1102 2338 Cobet
1131 2293 1209 2337 1.1.
1393 2299 1418 2337 2
1466 2295 1517 2339 τὸ
1549 2295 1632 2352 μὲν
1665 2296 1839 2339 inserui

147 2353 337 2395 auctore
368 2351 437 2395 Re
459 2352 615 2406 Anim,
648 2366 786 2408 quem
819 2354 1005 2396 secutus
1038 2354 1109 2396 est
1141 2351 1286 2398 Cobet
1317 2353 1393 2397 1.1.
1424 2354 1430 2412 Ι
1459 2354 1611 2398 αὑτῶν
1646 2355 1684 2399 C
1711 2355 1779 2398 Re

146 2410 300 2454 αὐτῶν
329 2409 500 2465 reliqui
531 2410 640 2454 libri
672 2411 775 2455 Mor
801 2414 807 2467 Ι
837 2411 1058 2467 στήσαντε
1090 2414 1138 2456 et
1170 2417 1194 2456 3
1226 2412 1481 2469 τηρήσαντε
1521 2414 1625 2457 coni
1658 2414 1726 2458 Re
1754 2415 1759 2470 Ι
1787 2414 1838 2458 δὲ

147 2469 216 2512 Re
339 2474 364 2512 5
396 2476 542 2512 ταῦτα
560 2471 622 2526 (1)
647 2471 721 2514 Ρα
736 2470 840 2514 Mor
866 2472 872 2527 Ι
899 2478 1045 2515 ταῦτα
1062 2474 1124 2528 (2)
1150 2473 1224 2516 Ρα
1239 2472 1342 2515 Mor
1373 2473 1420 2516 et
1452 2485 1476 2515 e
1508 2473 1654 2516 ταυτὰ
1686 2487 1789 2517 corr
1812 2475 1840 2516 1

207 2533 229 2571 7
263 2527 392 2584 μέσοι
423 2530 458 2571 Ι
483 2529 566 2572 sed
598 2545 644 2573 οι
674 2529 723 2572 in
747 2544 823 2573 ras
848 2529 918 2573 m²
979 2532 1132 2587 μεστοὶ
1165 2531 1268 2575 Mor
1403 2536 1430 2574 8
1461 2532 1505 2575 τὶ
1540 2532 1722 2576 GALV
1747 2532 1838 2576 edd

148 2599 154 2645 Ι
198 2585 526 2645 φθεγγομένου
559 2590 590 2631 Ι
634 2588 716 2632 sed
755 2605 811 2632 ov
850 2589 901 2632 in
931 2603 1007 2632 ras
1038 2589 1108 2632 m²
1229 2607 1264 2646 φ
1356 2588 1498 2647 μένου
1540 2604 1645 2634 cum
1674 2604 1838 2635 rasura

146 2650 261 2690 4—5
295 2646 376 2690 litt
406 2647 464 2699 L,
499 2660 602 2690 eum
633 2646 804 2691 lacuna,
836 2652 951 2692 4—5
983 2648 1064 2692 litt
1096 2649 1181 2694 Mo
1332 2654 1357 2691 9
1404 2656 1507 2700 ταῖς
1536 2652 1571 2693 Ι
1604 2650 1685 2695 sed
1717 2657 1759 2700 ῖς
1789 2650 1838 2693 in

144 2718 220 2749 ras
244 2705 315 2749 m²
405 2703 489 2755 τὰς
522 2706 559 2750 0
605 2708 611 2763 Ι
654 2705 835 2760 δεήσεις
866 2706 1012 2751 Cobet
1044 2706 1156 2752 Coll.
1187 2713 1269 2752 120
1320 2710 1325 2764 Ι
1377 2706 1667 2764 εὑρίσκοντες
1698 2710 1732 2752 Ι
1757 2709 1839 2752 sed

145 2779 165 2807 ε
199 2766 259 2821 (2)
293 2765 344 2807 in
376 2780 400 2807 ο
434 2778 535 2807 corr
558 2764 641 2818 αι’,
667 2766 798 2810 LMo
946 2772 998 2810 11
1033 2766 1057 2811 ὁ
1091 2765 1218 2823 ἥλιος
1248 2769 1323 2812 Ρα
1355 2766 1457 2811 Mor
1593 2773 1648 2812 14
1680 2768 1838 2812 κινού-

146 2839 285 2878 μενος
314 2824 424 2879 post
456 2823 615 2867 στάσιν
648 2824 772 2867 inser
799 2825 872 2869 0¹¹¹
899 2825 906 2884 Ι
933 2826 1077 2878 πολὺς
1102 2827 1147 2870 V
1262 2830 1316 2869 15
1350 2824 1502 2882 μόνον·
1527 2827 1583 2870 οὐ
1616 2827 1780 2883 scripsi
1813 2839 1837 2869 e

154 2881 228 2925 VI
251 2882 333 2926 sed
364 2882 414 2925 in
445 2882 533 2926 hoc
565 2882 613 2925 in
645 2884 848 2939 μονονοὺ
881 2898 982 2928 corr
1003 2884 1085 2940 m²‚
1120 2886 1192 2929 Pa
1284 2886 1487 2942 μονονοὺ
1526 2885 1697 2942 reliqui
1727 2885 1836 2929 libri

146 2939 237 2983 edd
360 2946 412 2985 17
447 2940 685 2998 εὐμενείας
719 2944 748 2985 Ι
777 2943 857 2985 sed
891 2941 987 2988 ενεί
1016 2943 1063 2986 in
1090 2958 1164 2987 ras
1190 2943 1259 2986 m²
