2060 3162
678 154 905 199 LIBANII
936 153 1159 199 ORATIO
1192 153 1340 199 XVIII
1720 154 1827 207 289

146 302 259 346 τῶν
304 293 485 346 ἄλλων
531 298 784 362 φροντιεῖ
828 291 919 343 καὶ
968 300 1080 344 τῶν
1126 310 1187 359 γε
1233 298 1332 359 τῆς
1372 298 1551 360 ψυχῆς
1601 289 1832 365 ἀγαθῶν

147 389 243 450 τῆς
295 380 574 448 εὐσεβείας
626 380 862 450 πρώτου.
947 379 1149 432 ταύτὸν
1209 380 1340 450 γάρ,
1401 379 1603 432 ταύτὸν
1663 379 1831 433 δύνα-

149 475 283 524 σθαι
320 469 528 537 ταύτην
558 487 621 536 γε
659 466 722 521 ἐν
761 467 1099 540 ἀνθρωπίνῳ
1139 469 1240 540 βίω
1273 466 1364 521 καὶ
1403 469 1600 538 τρόπιν
1638 467 1699 522 ἐν
1738 467 1830 537 νηὶ

151 556 242 612 καὶ
286 555 549 624 θεμέλιον
588 555 649 610 ἐν
688 558 848 628 οἰκίᾳ.
924 555 1014 610 καὶ
1066 558 1170 627 γὰρ
1218 558 1266 610 εἰ
1305 557 1512 620 πάντας
1556 554 1659 625 μὲν
1706 547 1834 610 ἀπέ-

149 665 326 717 φηνεν
363 644 775 716 εὐπορωτέρους
813 647 1031 714 Μίδου,
1078 648 1236 713 μείζω
1284 642 1346 699 δὲ
1390 648 1556 699 πόλιν
1602 643 1834 715 ἑκάστην
1880 667 1900 699 5
1968 684 1971 687 .

149 743 244 804 τῆς
279 734 411 788 ποτὲ
451 737 799 804 Βαβυλῶνος,
842 736 1050 797 πόλεως
1089 731 1151 787 δὲ
1191 732 1416 803 ἑκάστης
1453 740 1527 807 τῷ
1560 735 1834 807 περιβόλῳ
1869 775 1872 777 ψ

147 821 424 893 περιέτηξε
453 824 678 894 χρυσόν,
715 832 827 877 τῶν
859 822 909 876 δ’
950 821 957 895 Ι
999 819 1070 876 αὖ
1108 821 1233 893 περὶ
1271 823 1332 876 τὸ
1371 828 1533 876 θεῖον
1569 822 1738 894 ἡμαρ-
1775 836 1818 879 R
1838 839 1925 880 564

148 911 396 982 τημένων
440 911 771 982 ἑπηνώρθου
826 911 1013 981 μηδέν,
1071 916 1195 965 ἴσον
1246 910 1317 965 ἂν
1362 913 1625 981 ἔπραττεν
1677 912 1842 984 ἰατρῷ

148 1001 633 1072 παραλαμβάνοντι
686 998 788 1070 μὲν
837 1009 991 1068 σῶμα
1043 999 1171 1053 καθ’
1210 999 1443 1054 ἕκαστον
1494 1009 1606 1054 τῶν
1654 1009 1837 1071 μερῶν

150 1089 321 1160 γέμον
343 1099 543 1158 κακῶν,
576 1090 753 1142 πάντα
785 1087 834 1142 δ’
860 1088 1070 1161 ἰωμένῳ
1095 1090 1241 1158 πλὴν
1264 1089 1535 1158 ὀμμάτων.
1591 1088 1711 1142 125.
1745 1088 1838 1141 διὰ
1862 1113 1904 1145 10

149 1177 298 1232 τοῦτ’
328 1178 416 1232 ἐπὶ
460 1179 684 1249 πρώτην
730 1177 814 1250 ᾔει
860 1179 960 1247 τὴν
1002 1178 1286 1249 ἰάτρευσιν
1334 1187 1447 1232 τῶν
1484 1187 1678 1247 ψυχῶν
1715 1178 1839 1247 ἡγε-

152 1269 271 1337 μὼν
315 1269 642 1336 γιγνόμενος
687 1265 775 1319 ε’πὶ
824 1268 926 1336 τὴν
963 1276 1175 1335 γνῶσιν
1219 1277 1333 1320 τῶν
1371 1267 1443 1330 ὡς
1482 1266 1704 1334 ἀληθῶς
1741 1266 1840 1319 τὸν

153 1357 396 1424 οὐρανὸν
436 1355 673 1425 ἑχόντων
710 1356 799 1409 καὶ
832 1358 1071 1424 νομίζων
1102 1355 1286 1409 αὐτῶν
1319 1364 1609 1424 συγγενῶν
1640 1356 1840 1408 οἰκειο-

153 1444 347 1514 τέρους
384 1446 515 1507 τοὺς
551 1451 721 1497 ταῦτα
758 1443 1194 1514 παιδευομένους
1231 1442 1321 1497 καὶ
1354 1447 1523 1513 φίλον
1556 1440 1658 1512 μὲν
1690 1443 1840 1511 ἄγων

155 1534 252 1586 τὸν
275 1531 375 1585 Διὶ
408 1534 592 1601 φίλον,
633 1531 840 1601 ἐχθρὸν
872 1529 933 1585 δὲ
963 1533 1061 1585 τὸν
1093 1532 1298 1604 ἐκείνω,
1337 1537 1547 1600 μᾶλλον
1578 1528 1640 1584 δὲ
1671 1533 1840 1602 φίλον
1865 1556 1906 1588 15

156 1618 257 1691 μὲν
295 1622 395 1674 τὸν
433 1620 621 1693 ἐκείνῳ
661 1622 844 1689 φίλον,
885 1620 1091 1691 ἐχθρὸν
1129 1618 1190 1673 δὲ
1230 1621 1296 1674 οὐ
1331 1621 1511 1674 πάντα
1548 1622 1648 1674 τὸν
1686 1621 1839 1673 οὔπω

157 1708 257 1763 Διὶ
296 1711 478 1778 φίλον.
556 1708 654 1772 οὓς
692 1710 795 1778 γὰρ
836 1707 966 1781 ᾤετο
1005 1715 1079 1781 τῷ
1113 1711 1292 1782 χρόνῳ
1328 1712 1678 1779 μεταθήσειν,
1719 1707 1834 1762 οὔτ’

157 1797 438 1867 ἀπήλαυνε
475 1795 797 1869 κατεπᾴδων
835 1818 892 1851 τε
932 1796 1091 1867 ἐνῆγε
1128 1800 1229 1867 τὴν
1266 1799 1488 1869 πρώτην
1525 1817 1583 1851 τε
1620 1797 1842 1852 ἀναινο-

157 1885 359 1953 μένους
395 1885 520 1955 περὶ
558 1888 780 1955 βωμοὺς
817 1886 1053 1956 ὕστερον
1092 1888 1423 1956 χορεύοντας
1460 1884 1644 1950 ἔδειξε.

272 1975 391 2027 126.
433 1978 669 2044 Πρῶτον
706 1971 808 2044 μὲν
843 1971 964 2044 οὖν,
1004 1975 1136 2044 ὅπερ
1178 1978 1336 2044 ἔφην,
1376 1976 1557 2046 ὥσπερ
1598 1976 1841 2045 φυγάδα,
1866 1999 1910 2032 20

233 2184 315 2281 1023)
336 2177 455 2280 ligat.
483 2177 610 2223 criti.
644 2195 688 2236 p.
710 2184 794 2223 116
813 2180 849 2223 Β
1004 2185 1056 2224 15
1089 2180 1173 2225 Iul.
1200 2193 1271 2236 ep.
1293 2184 1317 2223 7
1480 2185 1533 2224 19
1567 2179 1623 2224 cf.
1650 2193 1712 2224 or.
1738 2180 1843 2224 XIV

159 2253 202 2295 p.
318 2273 329 2293 ,
418 2252 483 2294 sq.

280 2434 305 2471 2
336 2437 495 2484 πρῶτα
527 2431 621 2474 ΙΜ
647 2432 713 2486 (et
736 2431 829 2488 Ba)
861 2431 983 2475 Fabr
1018 2433 1023 2489 Ι
1058 2431 1229 2476 ταύτὸν
1255 2434 1315 2489 (2)
1347 2444 1448 2476 eras
1482 2432 1559 2485 VI,
1594 2431 1843 2475 delendum

162 2491 439 2533 censuerunt
454 2489 523 2532 Re
540 2488 696 2533 Gasda
797 2495 822 2534 3
847 2506 898 2548 γε
915 2490 1081 2547 scripsi
1098 2504 1122 2535 e
1139 2492 1229 2544 La,
1253 2492 1307 2534 ut
1323 2490 1428 2535 coni
1443 2490 1545 2534 Mor
1603 2506 1651 2534 τε
1674 2490 1843 2546 reliqui

160 2547 272 2591 libri
295 2548 387 2591 edd
492 2552 520 2591 4
544 2547 622 2592 εἰ
609 2563 658 2591 111
680 2562 757 2592 ras
774 2548 846 2593 Ρ*
906 2549 955 2594 εἴ
969 2566 1038 2600 τις
1061 2550 1165 2593 conj
1188 2549 1290 2594 Mor
1400 2554 1426 2593 5
1451 2548 1794 2605 εὐπορωτέρους
1816 2551 1846 2593 1

164 2606 246 2650 sed
278 2604 411 2662 έρους
440 2607 489 2650 111
513 2620 588 2650 ras
612 2607 682 2650 m⁸
804 2612 827 2651 7
860 2608 1023 2659 αὐταῖς
1045 2608 1147 2653 Μο1·
1170 2608 1237 2653 Re
1358 2614 1383 2652 9
1417 2610 1526 2652 ansse
1557 2615 1620 2652 σῶ
1716 2622 1790 2652 ras
1816 2613 1842 2651 2

163 2664 242 2708 litt
264 2666 310 2708 B
351 2666 358 2723 Ι
398 2664 694 2710 καθέκαστον
716 2667 786 2721 Vl
814 2669 958 2722 μελῶν
992 2667 1036 2711 V
1197 2671 1252 2711 10
1284 2665 1470 2723 γέμοντι
1501 2667 1551 2711 in
1581 2685 1608 2725 γ
1634 2683 1722 2724 μον
1752 2674 1844 2711 τῶν

165 2738 266 2768 corr
287 2723 353 2767 V²
380 2726 386 2780 Ι
414 2721 621 2770 διατοῦτ’
650 2725 881 2771 BVIMP
937 2723 1003 2769 δι’
1032 2727 1175 2770 αὐτοῦ
1199 2723 1243 2770 τ’
1267 2728 1350 2771 Mo
1464 2731 1517 2769 12
1543 2725 1784 2783 γινόμενος
1809 2727 1853 2770 V

168 2783 173 2816 ¹
207 2782 461 2839 ὡσαληθῶς
484 2785 529 2828 Β
651 2789 703 2826 13
737 2791 851 2827 νοῦν
881 2783 931 2827 111
962 2785 1165 2840 οὐρανὸν
1198 2799 1300 2829 corr
1321 2784 1387 2829 V’
1508 2790 1563 2829 14
1593 2786 1845 2829 πεπαιδευ-

165 2820 332 2897 μένους
356 2843 426 2898 V!
454 2840 591 2909 φίλον
619 2843 656 2887 C
684 2842 767 2886 sed
791 2859 815 2886 ο
841 2855 896 2886 ex
920 2861 954 2886 ω
980 2856 1080 2887 corr
1260 2848 1314 2888 18
1346 2844 1491 2900 ἀνῆγε
1516 2845 1590 2888 La
1617 2846 1624 2901 Ι
1650 2844 1732 2888 καὶ
1760 2843 1845 2899 τὴν

169 2899 208 2944 (J
234 2900 313 2943 sed
345 2901 424 2944 καὶ
455 2901 580 2944 inser
608 2916 666 2955 m,
699 2902 909 2945 BMoLa
947 2902 1038 2945 edd
1094 2904 1101 2959 Ι
1156 2902 1240 2959 τὴν
1270 2903 1457 2960 πρώτην
1495 2902 1545 2945 111
1574 2903 1845 2959 τηνπρώτην

167 2972 268 3002 corr
284 2958 353 3002 13²
379 2966 384 3010 Ι
410 2975 459 3003 τε
483 2973 558 3003 om
577 2936 745 3004 GB’Mo
762 2959 862 3003 Mor
878 2960 947 3003 Re
1047 2964 1099 3003 19
1118 2960 1289 3014 ἔδειξεν
1303 2962 1378 3006 La
1475 2965 1531 3004 20
1548 2960 1697 3015 ὥσπερ
1716 2973 1789 3004 0111
1810 2960 1854 3004 V

257 3039 455 3073 Laurus
480 3041 537 3074 ed.
560 3041 800 3074 Foerster.
839 3041 892 3072 11.
1527 3038 1580 3077 19
