2060 3162
67 87 89 96 “’
172 111 304 164 ‘328
648 65 650 67 Ι
715 111 943 155 LIBANII
975 111 1199 156 ORATIO
1230 106 1393 156 xvm-

199 259 298 330 μὲν
337 263 395 314 οἱ
431 262 620 330 σοφοί,
668 262 826 329 δηλοῖ
872 258 934 313 δὲ
979 262 1070 314 καὶ
1116 261 1144 315 ὁ
1191 268 1386 331 μῦθος.
1464 263 1598 331 αὕτη
1647 261 1737 316 καὶ
1783 264 1884 318 τὸν

198 352 391 417 βελτίω
430 350 520 402 καὶ
559 349 658 402 τὸν
697 352 858 419 χείρω
898 350 1034 420 πρὸς
1072 350 1401 404 τούναντίον
1448 350 1517 404 ἂν
1555 355 1883 422 μεταστῆσαι

198 445 271 510 τῷ
312 439 412 506 μὲν
457 440 657 507 χείρων
702 446 796 507 τῆς
843 439 1084 508 φύσεως,
1138 445 1212 511 τῷ
1255 435 1315 492 δὲ
1362 440 1595 493 δοθεῖσα
1636 443 1885 508 βελτίων.

109 540 150 582 R
173 543 256 583 593
291 526 426 594 αὕτη
459 525 550 579 καὶ
572 534 847 594 ’γυναῖκας
875 531 891 597 1
925 526 1009 595 ἐφ’
1033 527 1237 590 ἵππους
1268 527 1558 597 ἀνεβίβασε
1589 530 1679 582 καὶ
1709 531 1884 599 κρείτ-

156 639 173 669 5
200 635 329 678 τους
369 614 590 684 ἀνδρῶν
626 614 689 668 ἐν
721 608 912 678 ὅπλοις
947 615 1182 685 ἐποίησε,
1220 615 1324 669 κᾶν
1361 617 1461 669 τὸν
1493 617 1685 686 ἀρετῆς
1717 619 1884 687 φύσει

197 706 561 773 μετειληφότα
601 707 696 772 ζῆν
736 704 795 756 ἐν
841 705 1044 773 κώμοις
1089 703 1180 758 καὶ
1227 703 1423 773 μέθαις
1469 705 1802 776 ἀναγκάσῃς,
1849 706 1883 775 ἡ

199 794 301 862 μὲν
341 794 511 846 αὐτὸν
551 793 852 862 ἀπολείπει,
892 794 1092 863 μαθὼν
1131 794 1193 847 δὲ
1229 802 1399 847 ταῦτα
1439 793 1577 847 ἀντὶ
1600 805 1711 848 τῶν
1751 794 1887 848 ἐκεί-

200 903 298 951 νης
344 887 527 935 καλῶν
583 885 641 951 ζῇ
688 883 906 945 τούτοις
951 882 1244 951 ἡδόμενος,
1303 882 1475 952 ἐχθρὰ
1522 884 1583 936 δὲ
1629 884 1775 957 αὐτῷ
1819 885 1888 936 τὰ

137 1027 140 1030 ,
199 973 470 1042 πρότερα,
548 969 637 1023 καὶ
714 970 747 1038 ἡ
825 972 1099 1039 συνήθεια
1166 973 1266 1040 τὴν
1336 973 1510 1042 φύσιν
1586 971 1889 1042 ἐξέκρουσε.

135 1082 177 1114 10
201 1060 323 1112 210.
375 1062 629 1112 τοιοῦτόν
682 1061 739 1112 τί
781 1080 919 1129 φημι
973 1061 1063 1113 καὶ
1117 1063 1247 1123 τοὺς
1293 1059 1508 1114 ἐκείνου
1556 1061 1890 1130 στρατιώτας

199 1147 291 1202 ὑπ’
331 1147 544 1201 ἐκείνου
606 1148 948 1201 πεπονθέναι
1009 1150 1074 1201 τὰ
1134 1149 1235 1215 μὲν
1297 1149 1438 1201 ὅπλα
1491 1149 1887 1218 λαμβάνοντας,

203 1240 534 1306 συμπίπτειν
588 1233 648 1289 δὲ
710 1236 1096 1306 κωλυομένους
1149 1236 1239 1290 καὶ
1295 1237 1727 1307 διδασκομένους
1779 1237 1890 1290 ὑπὸ

204 1334 429 1394 σκηναῖς
467 1326 766 1396 καθεύδειν
806 1335 1094 1393 συγγενῶν
1135 1325 1509 1394 ἁλισκομένων
1547 1327 1636 1379 καὶ
1676 1327 1747 1395 μὴ
1787 1346 1891 1394 φο-

202 1417 424 1483 βεῖσθαι
463 1415 564 1483 τὴν
602 1415 873 1483 αἰσχύνην
912 1413 1002 1466 καὶ
1043 1414 1352 1467 δεδοικέναι
1384 1416 1483 1483 τὴν
1514 1415 1788 1483 τελευτήν.
1856 1412 1890 1465 ἃ

138 1526 177 1558 15
203 1504 263 1555 τὸ
289 1503 390 1571 μὲν
422 1512 641 1571 πρῶτον
674 1502 1083 1573 ἐδυσχέραινον,
1115 1503 1188 1565 ὡς
1213 1504 1356 1565 εἰκὸς
1382 1504 1674 1572 εὐψύχους,
1707 1500 1882 1555 ἔπειθ’

202 1588 385 1660 ἧττον,
425 1587 540 1644 εἶτα
578 1594 888 1662 προσίεντο,
929 1588 1044 1645 εἶτα
1083 1590 1342 1663 ἐπῄνουν.
1420 1592 1541 1643 211.
1591 1592 1683 1644 διὰ
1721 1598 1893 1655 ταῦτα

202 1682 499 1750 πόρρωθεν
528 1681 815 1750 κονιορτὸς
854 1679 1063 1750 ἀρθείς,
1104 1674 1221 1743 οἶος
1252 1679 1322 1733 ἂν
1354 1679 1407 1743 ἐξ
1441 1681 1624 1732 ἵππων
1656 1678 1890 1748 γένοιτο,

205 1769 306 1821 οὐκ
354 1769 544 1837 ἀνίστη
591 1769 728 1837 πρὸς
783 1754 1085 1837 συμβολήν,
1140 1767 1256 1821 ἀλλ’
1288 1771 1514 1838 ἔτρεπεν
1561 1769 1637 1830 εἰς
1688 1771 1890 1837 φυγήν.

206 1860 325 1925 ἴλης
355 1854 456 1923 μὲν
495 1850 598 1926 γὰρ
632 1856 990 1926 ἐπιφανείσης
1024 1857 1233 1910 ἱππέων
1265 1854 1395 1910 οὐδὲ
1426 1858 1625 1925 ταύτης
1655 1857 1893 1925 μεγάλης

138 1967 182 1998 20
207 1954 396 2014 χανεῖν
435 1945 621 2008 αὑτοῖς
662 1946 888 2015 εὔχοντο
921 1947 1022 2014 τὴν
1055 1953 1159 2014 γῆν
1190 1953 1302 1998 πᾶν
1332 1951 1538 1998 παθεῖν
1569 1946 1892 2013 αἱρούμενοι

205 2037 414 2102 μᾶλλον
452 2033 484 2101 ἢ
533 2033 758 2102 Πέρσην
804 2033 1047 2101 ἐγγύθεν
1093 2035 1399 2103 προσιδεῖν,
1454 2032 1782 2103 ἐξῃρημένης
1829 2031 1897 2084 δέ

207 2112 366 2191 σφισι
416 2129 510 2189 τῆς
556 2120 784 2191 ἀνδρίας
830 2119 1189 2192 συναφῄρητο
1236 2121 1326 2174 καὶ
1374 2122 1405 2189 ἡ
1452 2122 1744 2191 παρρησία,
1798 2119 1891 2172 καὶ

328 2242 350 2279 1
366 2236 679 2293 Diog.L.17‚6
742 2241 797 2279 20
814 2236 1521 2293 Aristid.01.46t.11p.243‚10D.
1549 2236 1891 2291 11.g‚282.9416

326 2345 351 2383 3
397 2340 479 2384 τὸν
526 2339 608 2397 μὲν
654 2347 808 2398 χεῖρον
852 2345 931 2395 τῆς
977 2340 1173 2396 φύσεως,
1219 2339 1299 2383 τὸν
1347 2339 1398 2384 δὲ
1445 2342 1666 2383 διαθεῖσα
1712 2338 1892 2398 βέλτιον

208 2399 311 2443 coni
343 2399 410 2442 Re
445 2401 493 2442 ab
525 2398 581 2443 ef.
613 2413 657 2455 p.
686 2403 784 2453 126,
805 2403 857 2441 13
873 2413 938 2454 sq.
1091 2403 1117 2441 4
1150 2397 1424 2457 ἀνεβίβασεν
1457 2399 1530 2443 La
1614 2396 1891 2457 ἀνεβίβασκε

204 2458 307 2501 Mor
427 2463 452 2500 6
485 2459 662 2514 κώμαις
685 2459 730 2502 Β
760 2457 862 2500 Mor
884 2457 1007 2500 Fabr
1045 2458 1050 2515 Ι
1091 2457 1359 2514 ἀναγκάσῃς
1388 2460 1434 2502 Ρ
1464 2458 1544 2501 sed
1576 2475 1603 2513 η
1636 2458 1684 2500 in
1714 2470 1789 2500 ras
1821 2456 1895 2500 m3·

275 2517 628 2573 καταναγκάσης
653 2518 715 2561 Μ
814 2552 820 2560 .
859 2520 885 2559 8
924 2515 1085 2566 πότοις
1114 2516 1195 2571 Re,
1228 2516 1425 2560 fortasse
1456 2519 1581 2561 recte
1731 2519 1755 2558 9
1796 2513 1889 2567 ἐξέ-

207 2589 400 2629 κρουσεν
434 2575 508 2619 La
660 2580 714 2619 10
744 2572 788 2619 τί
820 2576 868 2618 in
898 2589 974 2618 ras
1005 2575 1063 2618 1³
1226 2581 1278 2619 11
1313 2573 1397 2620 οὖν
1429 2576 1550 2619 inter
1580 2574 1661 2632 μὲν
1694 2576 1741 2618 et
1773 2570 1890 2616 ὅπλα

209 2647 310 2678 eras
358 2634 431 2677 La
612 2639 665 2678 12
714 2631 989 2690 συμπίπτειν
1034 2636 1080 2678 Ρ
1123 2635 1205 2678 sed
1258 2633 1310 2678 πί
1358 2635 1451 2678 add
1505 2634 1554 2676 in
1592 2647 1725 2689 marg
1762 2632 1830 2675 m⁴
1868 2642 1873 2644 “

213 2698 267 2735 14
300 2691 507 2737 δεδιέναι
534 2695 575 2737 V
737 2697 790 2736 16
824 2696 1050 2737 διαταῡτα
1074 2694 1217 2738 ΒΜΙ
1243 2694 1324 2737 sed
1355 2694 1403 2736 in
1435 2694 1522 2737 hoo
1554 2693 1600 2735 in
1635 2691 1714 2736 διὰ
1743 2698 1889 2734 ταῦτα

211 2765 312 2794 corr
342 2750 412 2793 m²
548 2756 601 2795 17
635 2750 694 2795 ἂν
725 2752 850 2795 inser
877 2751 1002 2806 0¹1³,
1035 2754 1142 2808 post
1173 2751 1327 2796 ἵππων
1358 2752 1584 2808 praebent
1616 2751 1758 2794 BPU
1784 2750 1888 2803 edd,

271 2824 345 2853 om
371 2810 516 2854 MMo
671 2815 723 2854 19
757 2809 854 2867 ἴλης
883 2812 929 2855 Ρ
958 2811 1038 2854 sed
1072 2827 1087 2854 ι
1118 2810 1168 2853 in
1199 2825 1274 2854 ras
1305 2812 1387 2864 m³‚
1422 2813 1554 2855 BMo
1585 2808 1687 2852 Mor
1709 2808 1833 2852 Fabr

213 2873 269 2911 20
302 2868 460 2918 αὐτοῖς
476 2869 918 2913 BMoVLaIMPU
937 2869 1039 2912 Mor
1066 2872 1071 2923 Ι
1098 2870 1293 2927 ηὔχοντο
1320 2870 1410 2913 edd
1531 2873 1584 2911 22
1620 2867 1765 2924 ὑφάσι
1792 2868 1892 2920 Mo,

211 2927 262 2970 δὲ
296 2925 425 2983 σφίσι
456 2927 505 2970 in
535 2941 668 2984 marg
695 2933 700 2985 l
730 2926 951 2984 ἀνδρείας
979 2929 1146 2972 LaIM
1173 2928 1263 2971 edd
1492 2938 1494 2941 ’
