2060 3162
679 133 908 177 LIBANII
939 131 1165 176 ORATIO
1198 132 1327 177 XXV
1731 133 1842 185 559

257 269 343 323 46.
392 263 470 322 Ἧ
501 271 610 323 πού
656 289 740 332 τις
787 269 946 338 ὑμῶν
999 267 1295 336 ἀγανακτεῖ
1348 277 1632 337 σοφιστῶν
1687 269 1842 322 οὔπω

144 361 476 428 πεφηνότων
501 359 722 412 δούλων
754 356 845 411 καὶ
878 359 1055 411 οἴεταί
1071 358 1208 426 <με>
1234 358 1578 424 σεμνύνοντα
1601 356 1842 426 ἐμαυτὸν

142 448 204 500 τὸ
239 450 406 510 ἔθνος
441 446 751 518 ἐξαιρήσειν
782 447 1051 509 δουλείας.
1115 446 1183 499 οὐ
1216 447 1365 514 δῆτα.
1427 446 1528 515 οὐχ
1561 446 1705 499 οὕτω
1736 447 1842 516 τὴν

143 536 547 605 ἐπισημοτάτην
599 533 831 603 ἔμελλον
884 535 1300 604 ὑπερβήσεσθαι
1362 536 1639 603 δουλείαν,
1700 536 1841 606 πρὸς

143 626 214 693 ἣν
259 625 428 679 οὐδὲν
475 623 545 677 ἂν
593 622 706 679 εἷεν
763 626 966 678 ἅπασαι
1021 620 1202 691 ὧνπερ
1258 626 1480 693 μνήμην
1526 627 1837 694 πεποίημαι.
1886 646 1910 679 5

146 715 413 783 σοφιστὴς
459 715 563 783 γὰρ
612 714 752 783 ἀνὴρ
795 717 1052 782 Σίσυφος
1102 713 1341 782 ἀτεχνῶς
1387 713 1416 766 ὁ
1450 710 1661 785 Ὁμήρῳ
1713 715 1838 783 περὶ

141 804 240 856 τὸν
278 806 447 856 λίθον
492 809 739 872 μοχθῶν,
792 804 986 865 διδούς
1030 822 1088 855 τε
1138 804 1341 870 λόγους
1387 802 1477 855 καὶ
1525 803 1837 871 λαμβάνων,

144 892 440 959 λαμβάνων
493 889 595 960 μὲν
643 890 704 945 ἐκ
754 894 982 960 βίβλων,
1038 882 1232 954 διδοὺς
1286 888 1348 944 δὲ
1397 890 1502 944 ἀπὸ
1560 893 1837 958 στόματος.

141 980 229 1033 47.
279 982 534 1034 δουλεύει
586 978 647 1034 δὲ
687 981 754 1034 οὐ
795 982 969 1050 μόνον
1013 981 1302 1043 τοσούτοις
1346 979 1568 1034 ὁπόσων
1616 981 1785 1049 ἄρχει,

141 1069 279 1122 ἀλλὰ
308 1073 538 1132 πολλοῖς
567 1070 670 1138 μὲν
700 1071 1094 1138 παιδαγωγοῖς,
1133 1072 1362 1132 πολλοῖς
1393 1066 1454 1122 δὲ
1485 1077 1713 1137 γονεῦσι
1744 1082 1787 1125 R
1808 1082 1928 1128 11⁷9

142 1157 232 1212 καὶ
282 1160 448 1228 μητρί
500 1178 562 1226 γε
615 1158 706 1211 καὶ
762 1162 906 1229 τήθῃ
960 1159 1052 1212 καὶ
1102 1158 1323 1230 πάππῳ.
1398 1156 1505 1210 κᾶν
1558 1160 1629 1227 μὴ
1684 1164 1838 1213 θεῶν
1862 1182 1903 1214 ιι

142 1249 342 1311 παῖδας
380 1247 639 1318 ἀποφήνῃ
678 1251 812 1311 τοὺς
849 1247 1035 1316 νέους,
1087 1247 1192 1301 κᾶν
1240 1244 1341 1300 ὦσι
1387 1249 1625 1315 λίθινοι,
1676 1247 1835 1318 τέχνῃ

142 1339 370 1405 νικήσας
422 1338 525 1405 τὴν
572 1337 765 1406 φύσιν,
820 1339 1143 1406 κατηγορίαι
1196 1337 1393 1389 πολλαὶ
1446 1336 1537 1389 καὶ
1591 1339 1838 1390 ποικίλαι

141 1428 495 1495 πανταχόθεν
550 1425 765 1495 ῥέουσι,
819 1432 894 1498 τῷ
943 1426 1003 1479 δὲ
1058 1425 1269 1493 ἀνάγκη
1323 1425 1552 1478 κύπτειν
1602 1427 1680 1488 εἰς
1732 1434 1838 1494 γῆν

143 1517 328 1583 λόγων
366 1511 468 1582 μὲν
507 1514 608 1568 οὐκ
647 1514 976 1585 ἀποροῦντι,
1026 1522 1091 1584 τῇ
1131 1522 1258 1584 σιγῇ
1298 1511 1359 1567 δὲ
1394 1513 1837 1584 καταπραΰνοντι
1862 1536 1909 1569 ιτ»

141 1604 240 1656 τὸν
296 1605 594 1673 φιλαίτιον.
675 1603 762 1656 48.
818 1604 1072 1656 δουλεύει
1127 1603 1190 1659 δὲ
1242 1603 1334 1656 καὶ
1387 1608 1581 1656 πυλῶν
1633 1602 1838 1671 φύλαξι

141 1691 233 1745 καὶ
272 1691 595 1746 πανδοκέων
626 1691 793 1762 γένει,
832 1702 949 1756 τοῖς
982 1691 1102 1761 με’ν,
1143 1692 1290 1754 ὅπως
1320 1693 1392 1761 μὴ
1423 1695 1696 1757 κακίζοιτο
1727 1693 1837 1746 ὑπὸ

142 1790 304 1850 σφῶν
342 1781 478 1851 πρὸς
522 1783 654 1844 τοὺς
693 1782 963 1844 εἰσιόντας
1008 1790 1120 1835 τῶν
1167 1780 1356 1848 ξένων,
1409 1789 1524 1844 τοῖς
1563 1780 1641 1849 δέ,
1691 1781 1838 1844 ὅπως

142 1868 424 1923 ἐπαινοῖτο
463 1871 600 1940 πρὸς
637 1872 769 1933 τοὺς
805 1870 1180 1933 καταλύοντας
1228 1871 1376 1941 παρὰ
1415 1873 1592 1939 σφίσι.
1669 1871 1837 1924 δύνα-

141 1977 230 2011 ται
252 1959 358 2027 γὰρ
382 1956 473 2010 καὶ
499 1953 662 2021 οὗτος
684 1958 937 2021 κάκεῖνος
959 1958 1049 2011 καὶ
1072 1959 1102 2012 ὁ
1119 1959 1333 2012 τούτων
1350 1961 1429 2012 ἔτι
1452 1961 1837 2029 ταπεινότερος
1859 1981 1908 2014 20

264 2139 288 2176 6
322 2133 390 2178 od
417 2137 441 2177 λ
466 2137 550 2177 593
565 2148 632 2189 sq.

264 2302 286 2340 1
319 2292 347 2354 ἦ
379 2312 472 2342 που
502 2297 691 2354 reposui
722 2311 748 2342 e
777 2297 911 2341 libris
987 2296 1111 2352 ἥπου
1144 2296 1236 2342 edd
1278 2298 1285 2356 Ι
1326 2295 1397 2348 τίς
1418 2299 1454 2341 Ι
1488 2301 1494 2354 Ι
1536 2297 1665 2354 ἡμῶν
1692 2299 1728 2341 Ι
1753 2298 1837 2342 sed

140 2372 170 2412 η
203 2369 260 2400 ex
289 2373 319 2399 υ
352 2370 453 2400 corr
632 2360 658 2399 2
697 2356 977 2413 πεφυκότων
1010 2357 1055 2401 V
1085 2356 1092 2416 Ι
1127 2372 1181 2413 με
1211 2356 1387 2400 inserui
1414 2359 1420 2413 Ι
1448 2356 1502 2414 ἐμ
1505 2356 1726 2401 αντὸνΡ
1753 2357 1836 2401 sed

141 2414 198 2472 ἐμ
227 2414 278 2457 ιιι
302 2428 378 2458 ras
402 2414 471 2458 m²
502 2417 551 2459 et
581 2429 722 2472 supra
753 2433 784 2460 α
816 2416 914 2473 spir
944 2429 1047 2461 eras
1170 2419 1196 2459 3
1229 2373 1558 2471 ἐξαιρήσεσθαι
1581 2417 1627 2460 Β
1655 2416 1661 2473 Ι
1689 2413 1839 2467 οὕτως

144 2473 359 2519 GAPMO
369 2474 473 2518 ΠΜ
493 2474 586 2517 edd
706 2473 786 2518 5⁰
760 2491 820 2531 ην
844 2474 1020 2520 οὐδὲν
1006 2490 1057 2518 ιιι
1079 2488 1158 2518 ras
1181 2476 1228 2519 Ρ
1237 2474 1254 2499 ²
1280 2475 1287 2534 Ι
1317 2472 1381 2520 ὧν
1404 2475 1448 2519 V
1562 2479 1588 2519 6
1596 2475 1840 2542 σοφιστὴς

145 2559 198 2565 -
232 2536 259 2575 8
292 2530 516 2589 στόματος
546 2533 664 2577 citat
686 2533 804 2577 Plan
834 2533 915 2578 1.1.
1037 2537 1063 2577 9
1095 2533 1333 2584 τοσούτοις
1356 2535 1403 2579 Ρ
1430 2533 1511 2577 sed
1544 2550 1561 2577 ι
1591 2532 1639 2577 in
1663 2547 1740 2578 ras
1764 2534 1837 2578 ιη’

145 2591 155 2661 Ι
187 2589 362 2636 ὁπόσον
373 2550 428 2636 μΙ
588 2596 643 2635 10
675 2591 765 2666 μὲν
790 2606 867 2636 om
889 2593 993 2637 Mor
1159 2597 1211 2635 11
1245 2591 1389 2649 τήθηι
1423 2593 1461 2637 Ο
1489 2593 1570 2637 sed
1600 2609 1626 2636 τ
1657 2594 1767 2637 ante
1797 2597 1837 2637 θ·

140 2664 267 2695 mser
282 2665 320 2707 p
392 2649 541 2708 τήτθη
576 2653 660 2696 Mo
720 2649 833 2708 τίθη
858 2653 903 2697 Β
963 2650 1104 2711 τίτθῃ
1128 2651 1231 2696 Μοι·
1367 2657 1419 2695 11
1454 2668 1543 2695 καν
1576 2678 1631 2685 ——
1666 2657 1721 2696 16
1754 2669 1834 2708 φι-

139 2707 321 2754 λαίτιον
344 2723 501 2754 versus
526 2710 794 2755 comoediae
818 2710 1004 2755 Atticae
1029 2669 1271 2787 agnoscit
1258 2710 1464 2754 Kockius
1489 2710 1506 2754 l
1528 2710 1557 2754 l
1579 2715 1714 2755 1518:
1744 2708 1836 2756 κᾶν

142 2767 400 2828 μάποφήνῃ
431 2769 541 2820 τοὺς
563 2767 698 2820 νέους
724 2771 900 2820 παῖδας
921 2773 1064 2824 θεῶν,
1093 2773 1099 2827 Ι
1126 2787 1218 2813 καν
1241 2765 1325 2813 ὦσι
1355 2767 1548 2825 λίθινοι,
1578 2770 1665 2826 τὴν
1690 2770 1836 2826 φύσιν

141 2834 286 2872 νικῶν
317 2827 453 2886 τέχνῃ
480 2830 487 2885 Ι
516 2854 568 2860 -
604 2835 708 2887 σιγῇ
742 2826 1123 2884 καταπραΰνοντι
1154 2829 1237 2873 τὸν
1269 2826 1504 2883 φιλαίτιον
1627 2834 1682 2872 14
1713 2845 1835 2873 παν-

142 2884 322 2946 ταχόθε
348 2887 421 2933 UI
437 2887 557 2932 sed
542 2902 594 2931 ιιι
616 2887 706 2932 hoo
728 2905 757 2932 ν
783 2889 928 2944 poste
953 2888 1048 2932 add
1069 2887 1140 2931 111³
1255 2891 1307 2931 1¹1
1332 2904 1442 2938 τους
1465 2889 1550 2933 Mo
1673 2891 1728 2931 20
1753 2886 1834 2932 οὕ·-

141 2959 230 2995 τως
260 2945 363 2989 Μοι·
393 2945 475 3002 qui
507 2941 644 2997 οὗτος
674 2946 779 2990 οοιιι
