2060 3162
705 161 935 205 LIBANH
966 159 1192 206 ORATIO
1224 159 1351 203 XXV
1755 159 1864 212 565

171 297 455 367 γενέσθαι
487 296 661 367 φασὶν
700 296 762 351 ἐν
798 305 864 368 τῇ
904 297 1042 366 πρὸς
1079 298 1428 350 Μαντίνειαν
1466 297 1866 367 φιλανθρωπίᾳ

171 389 303 450 τοὺς
343 388 684 456 στρατηγοὺς
719 385 829 439 ὑπὸ
868 394 982 439 τῶν
1021 394 1370 455 στρατιωτῶν
1409 384 1823 453 ἀκοντισθῆναι.

283 475 368 530 59.
424 477 495 528 Εἰ
547 475 609 528 δὲ
648 475 677 529 ὁ
729 476 914 545 ἄρχων
962 475 1187 542 δοῦλος,
1241 481 1351 527 ποῦ
1397 472 1517 526 ποτ’
1550 472 1620 526 ἂν
1659 469 1772 527 εἷεν
1812 474 1865 526 οἱ

171 563 297 635 περὶ
342 565 442 618 τὸν
482 565 806 634 δρύφακτον
852 563 1282 632 ἀσθμαίνοντες-ς
1332 563 1548 616 τούτων
1587 562 1649 615 δὲ
1687 564 1867 615 ὄντων

170 653 234 707 ἐν
287 654 515 723 δουλείᾳ
568 660 678 706 ποῦ
731 651 852 706 ποτ’
884 651 954 705 ἂν
1008 647 1120 705 εἷεν
1176 653 1378 722 ἰατροῖς
1434 656 1517 720 εἴη
1569 650 1639 704 ἃν
1691 649 1783 704 καὶ
1835 650 1864 704 ὁ
1890 672 1910 704 s

172 743 371 811 ἄφιλος
408 742 499 795 καὶ
532 741 561 795 ὁ
594 742 906 810 πολύφιλος
937 740 998 794 ἐν
1030 742 1273 812 δουλείᾳ,
1314 740 1343 794 ὁ
1377 740 1479 808 μὲν
1511 740 1707 803 δεδιὼς
1737 741 1867 802 τοὺς

171 830 412 901 ἐχθροὺς
466 831 560 884 διὰ
611 831 713 900 τὴν
767 829 1014 899 ἐρημίαν,
1064 829 1092 883 ὁ
1146 829 1231 898 δέ,
1287 823 1376 882 οἷα
1431 827 1493 882 ἐν
1542 830 1867 900 πολυφιλίᾳ,

169 921 376 983 πολλὰς
422 919 664 988 ὀφείλων
711 919 934 988 χάριτας
973 914 1052 972 ὧν
1092 918 1242 982 ἐνίας
1293 916 1412 972 οὐδ’
1446 917 1518 971 ἂν
1556 917 1866 971 ἀποδοῦναι

171 1010 417 1062 δύναιτο.

284 1098 369 1151 60.
410 1097 860 1166 Άποκρινώμεθα
900 1098 969 1166 δή
996 1117 1080 1150 τοι
1113 1097 1204 1150 καὶ
1236 1095 1549 1165 Ἀθηναίοις
1588 1096 1677 1149 καὶ
1718 1096 1863 1166 πάσῃ
1891 1117 1936 1150 ιο

171 1188 513 1257 δημοκρατίᾳ
565 1186 716 1239 πάνυ
763 1186 830 1254 δὴ
877 1184 1265 1253 πεπεισμένοις
1313 1188 1407 1255 ζῆν
1453 1184 1515 1239 ἐν
1560 1186 1711 1256 ἄκρῳ
1758 1202 1867 1238 που

170 1283 267 1344 τῆς
299 1274 633 1342 ἐλευθερίας.
696 1273 836 1342 λέγω
870 1270 992 1342 οὖν,
1030 1275 1114 1328 ὅτι
1147 1271 1189 1328 ὦ
1231 1275 1869 1343 δημοκρατούμενοι,

170 1367 531 1433 θορυβεῖτε
584 1360 702 1432 μὲν
748 1362 816 1416 ἐν
862 1371 1004 1426 ταῖς
1059 1363 1436 1432 ἐκκλησίαις
1482 1362 1587 1416 καὶ
1640 1362 1870 1432 κεκρά-

172 1472 325 1521 γατε
364 1454 470 1506 καὶ
509 1458 738 1506 οἴεσθε
776 1454 849 1506 τὰ
889 1453 1217 1506 δοκοῦντα
1263 1453 1422 1521 ὑμῖν
1460 1452 1687 1514 αὐτοῖς
1725 1469 1869 1504 ποι-

172 1551 295 1610 εῖν,
336 1542 781 1612 χειροτονεῖτε
819 1538 886 1594 δὲ
926 1543 1080 1594 ἅττα
1113 1540 1190 1593 ἂν
1223 1540 1459 1611 ἀρέσκῃ
1499 1549 1637 1604 τοῖς
1675 1558 1935 1610 παρι-ιε

173 1638 392 1699 οῦσιν,
440 1630 553 1693 οὓς
591 1631 776 1698 ὑμεῖς
815 1635 1071 1684 καλεῖτε
1112 1631 1220 1683 διὰ
1264 1633 1548 1700 κήρυκος
1594 1630 1869 1683 δουλεύ-

172 1734 402 1782 σοντες
454 1720 710 1790 γλώσσῃ
765 1721 872 1772 καὶ
927 1718 1134 1789 τέχνῃ.
1224 1714 1408 1772 οὗτοι
1463 1719 1608 1788 γάρ,
1663 1712 1869 1788 οἶμαι,

173 1807 535 1877 ἀναβάντες
566 1807 670 1861 ἐπὶ
701 1809 770 1861 τὸ
802 1811 972 1876 βῆμα
998 1810 1220 1877 λόγοις
1243 1806 1871 1877 κεκαλλιεπημένοις

294 2019 316 2057 1
350 2013 494 2057 Thuc.
519 2013 584 2056 III
610 2018 707 2068 111,
726 2019 751 2055 2
878 2018 931 2057 18
963 2012 1083 2057 Plass.
1109 2013 1244 2070 Apol.
1269 2029 1315 2070 p.
1336 2017 1389 2056 17
1408 2013 1445 2056 Β

182 2256 185 2260 ,
295 2211 317 2248 1
367 2206 444 2251 ἐπὶ
483 2205 596 2250 olim
634 2205 768 2262 (Mus,
794 2205 941 2250 Rhen.
968 2205 1140 2249 XXXII
1157 2206 1230 2261 93)
1271 2205 1450 2249 conieci
1507 2208 1514 2262 Ι
1571 2202 1870 2249 Μαντίνειαν

174 2265 340 2322 scripsi
371 2278 397 2309 e
428 2267 474 2310 B
514 2263 820 2322 (μαντινείαν)
861 2266 910 2309 et
943 2267 1004 2309 M
1039 2266 1082 2321 (e
1113 2262 1357 2322 μαντινεία
1391 2267 1509 2321 corr)
1557 2264 1639 2308 sed.
1670 2263 1868 2308 fortasse

172 2323 446 2375 Μαντινέας
474 2324 832 2381 praeferendum
857 2323 960 2368 coll.
981 2324 1124 2367 Thuc.
1151 2324 1180 2367 l.
1200 2323 1229 2366 l.
1293 2322 1535 2384 μαντινείᾳ
1565 2323 1736 2379 reliqui
1759 2323 1870 2367 libri

175 2383 266 2426 edd
294 2386 300 2439 Ι
329 2381 592 2438 φιλονεικία
619 2385 681 2427 Μ
753 2381 1015 2441 ἱππομαχία
1049 2382 1250 2428 Cobetus
1283 2383 1396 2427 Coll.
1418 2388 1501 2426 123
1533 2395 1780 2439 perperam
1812 2383 1870 2425 de

174 2442 435 2485 clarissima
452 2442 513 2485 ad
526 2429 817 2486 Mantineam
832 2429 1001 2499 pugna⁴
1011 2442 1141 2499 (Xen.
1153 2442 1362 2486 Hell.VII
1376 2448 1415 2493 5,
1430 2446 1483 2485 15
1494 2444 1578 2498 sq.)
1598 2441 1810 2500 cogitans

174 2505 203 2543 4
234 2501 316 2545 τὸν
348 2515 423 2545 om
451 2503 506 2545 M
535 2503 542 2559 Ι
570 2502 871 2557 δρύφρακτον
905 2503 1006 2546 RV
1151 2507 1176 2545 5
1209 2502 1289 2545 καὶ
1321 2500 1345 2544 ὁ
1380 2528 1432 2533 ——
1468 2505 1493 2543 9
1527 2501 1720 2546 δύναιτο
1753 2500 1869 2544 citat

175 2559 336 2604 Macar
366 2560 444 2604 1.1.
568 2565 594 2604 6
627 2560 652 2604 ὁ
684 2561 747 2618 (1)
779 2574 854 2605 om
878 2561 981 2604 Mor
1007 2561 1013 2619 Ι
1040 2559 1125 2617 μὲν
1153 2563 1199 2605 Ρ
1228 2561 1309 2604 sed
1341 2578 1372 2617 μ
1401 2560 1451 2603 in
1474 2573 1550 2604 ras
1574 2559 1645 2603 m²
1767 2564 1790 2604 7
1824 2559 1869 2604 οἱ

175 2619 336 2663 Macar
489 2624 543 2663 10
576 2619 633 2675 δὴ
664 2620 717 2664 τὸ
750 2621 796 2664 Ρ
825 2620 907 2664 Sed
938 2620 988 2662 in
1019 2618 1080 2674 δή
1109 2636 1182 2664 τοι
1214 2633 1316 2663 corr
1339 2619 1421 2674 m³‚
1455 2619 1523 2664 U]
1606 2618 1666 2674 δή
1687 2636 1731 2663 τι
1761 2619 1868 2663 reli·

174 2678 258 2735 qui
287 2678 395 2722 libri
423 2679 514 2722 edd
682 2684 737 2722 14
763 2676 863 2735 εμῖν
896 2679 940 2723 U
1102 2684 1156 2722 15
1188 2685 1519 2737 χειροτονεῖται
1543 2679 1578 2721 Ι
1597 2680 1604 2734 Ι
1632 2675 1733 2723 ἅττ’
1762 2679 1875 2722 ΒΜ

174 2735 409 2839 ῘΜάρέσκοι
438 2739 499 2782 M
552 2739 558 2794 1
607 2745 859 2793 παριοῦσιν
890 2739 936 2782 Ρ
964 2739 1046 2782 sed
1078 2754 1095 2780 ι
1127 2740 1189 2794 (1)
1221 2737 1346 2781 inser
1367 2738 1438 2780 m⁸
1516 2745 1751 2794 παροῦσιν
1784 2739 1869 2782 Mo

228 2810 280 2840 or
402 2802 456 2841 16
489 2796 825 2847 δουλεύσοντας
858 2797 901 2841 V
955 2797 1286 2846 ὃουλεύσοντος
1315 2796 1418 2840 Mor
1532 2801 1591 2840 -17
1626 2797 1797 2853 γλώττη
1823 2797 1869 2839 Β

238 2859 292 2898 18
322 2853 476 2912 λόγοις
509 2882 564 2888 -
597 2860 696 2909 566,
717 2861 740 2900 1
774 2855 1042 2915 βοσκήματα
1083 2856 1144 2899 ad
1182 2869 1341 2900 versus
1381 2855 1650 2900 comoediae
1681 2855 1869 2899 Atticae

174 2914 412 2958 revocavit
441 2914 648 2959 Kockius
686 2915 717 2958 1.
742 2914 772 2958 l.
801 2919 935 2959 1520:
980 2914 1134 2972 λόγοις
1164 2913 1597 2972 κεκαλλιεπημένοις
1631 2917 1636 2970 Ι
1674 2914 1869 2972 ἄγουσιν

175 2972 296 3029 ὑμᾶς
327 2973 523 3029 ὡσπερεὶ
555 2973 823 3032 βοσκήματα
