2054 3140
629 132 855 186 LmANn
887 130 1110 176 ORATIO
1142 131 1227 174 ΧΠ
1711 131 1778 183 31

103 272 204 341 μὲν
252 269 562 338 ἐξώρμησεν
607 267 852 331 ἐκείνους
900 264 1069 321 οὐδὲν
1112 266 1614 336 προεσκεμμένους,
1660 265 1777 320 ἀλλ’

98 358 311 429 ἔφθασε
348 358 447 411 τὸν
485 358 752 427 λογισμὸν
789 357 822 425 ἡ
863 358 1037 426 φωνή.
1099 361 1238 409 θεοῦ
1272 356 1332 409 δὲ
1364 363 1542 409 τοῦτο.
1619 357 1785 424 πρόσ-

105 447 252 512 ταξις
294 443 426 515 ἧκεν
472 446 683 515 ἀδελφὴ
730 453 825 515 τῆς
874 444 1142 515 προτέρας
1179 450 1544 515 προστιθεῖσα
1581 448 1786 497 θαλατ-

99 539 195 609 τίῳ
233 535 510 606 χλαμύδος
547 536 700 606 βαφῇ
751 536 1153 602 λιθοκόλλητον
1191 535 1410 587 ταινίαν
1442 534 1450 590 Ι
1486 532 1688 603 φέρου-
1727 545 1873 588 R387

100 625 204 679 σάν
251 643 304 677 τι
357 622 449 677 καὶ
504 623 675 692 αὐτὴν
729 630 944 691 καρποῦ
995 625 1314 676 θαλαττίου.
1392 622 1421 676 ὁ
1477 618 1539 674 δὲ
1593 624 1785 691 ἔβλεπε
1832 642 1851 675 5

99 714 234 784 πρὸς
273 712 533 783 οὐρανόν,
579 710 670 765 καὶ
716 708 787 780 ἧν
835 711 1036 780 ὁμοίως
1084 712 1117 780 ἥ
1157 730 1215 764 τε
1255 712 1411 774 δόσις
1449 711 1482 778 ἥ
1521 730 1579 763 τε
1625 714 1788 778 λῆψις

99 804 259 871 ἄμφω
307 802 483 870 βουλὴ
530 801 823 870 δαιμόνων.
902 800 986 852 60.
1042 800 1224 869 ὥσπερ
1266 795 1371 854 οὖν
1406 799 1487 875 ,οὐ
1534 806 1629 867 τῆς
1668 803 1788 852 Πυ-

99 892 228 953 θίας
274 890 562 959 ἡγούμεθα
605 891 737 952 τοὺς
783 889 1086 959 χρησμούς,
1142 888 1279 942 ἀλλὰ
1324 895 1425 942 τοῦ
1479 886 1788 957 πέμποντος

99 977 184 1032 ἐπὶ
231 979 291 1032 τὸ
340 981 510 1049 στόμα
554 979 621 1031 τὰ
667 980 852 1046 λόγια,
909 977 1052 1031 οὕτω
1106 984 1214 1031 νῦν
1267 986 1379 1030 τῶν
1433 976 1678 1039 ἐκείνους
1730 995 1788 1028 τε

97 1070 465 1137 κεκινηκότων
495 1068 695 1121 τοῦτόν
726 1086 784 1119 τε
814 1068 1154 1120 πεπεικότων
1185 1073 1458 1135 κοσμῆσαι
1490 1067 1590 1135 τὴν
1620 1085 1786 1134 κεφα-
1813 1087 1854 1119 10

99 1157 201 1226 λὴν
237 1159 515 1227 κεκρίσθω
561 1160 771 1226 μᾶλλον
809 1157 870 1208 τὸ
910 1153 1078 1226 ἔργον
1114 1155 1147 1224 ἢ
1189 1150 1267 1208 ὧν
1316 1156 1412 1218 τὰς
1457 1155 1678 1223 γνώμας
1717 1154 1790 1216 ὡς

101 1245 399 1314 ἐβούλοντο
441 1244 723 1314 διέθηκαν.
802 1246 947 1308 εἰκός
984 1243 1052 1314 γέ
1085 1264 1171 1297 τοι
1220 1246 1352 1307 τοὺς
1397 1242 1790 1305 ἐπινεύσαντας

100 1333 486 1406 ἐρωτωμένους
531 1335 619 1387 καὶ
666 1334 768 1402 τὴν
815 1333 1035 1402 γένεσιν
1081 1334 1153 1396 ὡς
1199 1338 1347 1405 καλῷ
1397 1339 1472 1406 τῷ
1512 1332 1789 1400 πράγματι

1 1444 7 1452 ’
100 1431 415 1494 παρασχεῖν.
492 1424 689 1476 ἄδικον
742 1423 842 1492 μὲν
893 1424 998 1493 γὰρ
1048 1423 1212 1491 τιμὴν
1258 1422 1360 1475 οὐκ
1409 1420 1479 1474 ἂν
1529 1418 1790 1491 ἐπῄνουν,

101 1513 323 1566 δικαίαν
362 1510 411 1564 δ’
451 1510 521 1565 ἂν
560 1513 798 1581 εἰσῆγον.
877 1512 961 1564 61.
1013 1511 1079 1564 οὐ
1118 1512 1227 1580 μὴν
1265 1512 1326 1564 τό
1366 1530 1428 1579 γε
1466 1518 1641 1577 νεῦμα
1677 1518 1790 1561 τῶν
1814 1529 1854 1563 15

100 1606 252 1654 θεῶν
297 1599 525 1669 ἕρμαιον
565 1599 779 1668 ἐγένετο
818 1606 894 1671 τῷ
926 1598 1280 1671 τετιμημένῳ,
1330 1599 1582 1668 καθάπερ
1621 1598 1790 1651 πάλαι

101 1689 306 1757 ταύτην
346 1687 407 1741 ἐν
445 1687 591 1760 αὑτῷ
624 1689 724 1757 τὴν
764 1687 1070 1757 ἐπιθυμίαν
1118 1687 1404 1758 τρέφοντι,
1452 1685 1568 1741 ἀλλ’
1609 1687 1683 1750 ὡς
1721 1687 1791 1738 ἄν

101 1797 184 1840 τις
236 1782 310 1848 τῷ
358 1775 676 1848 βραχυτέρῳ
730 1778 954 1846 χαίρων,
1009 1778 1249 1845 ὲμελλεν,
1305 1776 1493 1845 ὤκνει,
1547 1774 1672 1846 περὶ
1726 1776 1788 1828 τὸ

102 1867 353 1936 πρόσθεν
382 1863 585 1935 μέτρον
616 1863 872 1934 διέτριβε,
909 1866 1010 1934 τὴν
1042 1864 1273 1919 ἐνθένδε
1303 1873 1496 1934 ψῆφον
1526 1865 1660 1934 μετὰ
1690 1864 1790 1932 τὴν

104 1956 325 2008 ἄνωθεν
364 1955 532 2021 ἔμενε.
608 1955 708 2006 τὸν
747 1954 808 2007 δὲ
846 1955 1116 2023 ἔκαμπτεν
1155 1952 1335 2007 οὐδέν.
1414 1954 1498 2006 62.
1550 1951 1652 2016 ἕως
1689 1952 1791 2021 μὲν
1814 1974 1856 2006 20

103 2038 207 2096 οὗν
259 2042 479 2111 ὑπῆσαν
534 2041 750 2105 ἐλπίδες
803 2045 1176 2111 καταλλαγῶν,
1238 2042 1469 2111 ἀνεῖχεν.
1558 2041 1673 2095 ἐπεὶ
1728 2041 1789 2094 δὲ

102 2132 338 2200 πόλεμος
391 2127 494 2200 μὲν
548 2129 874 2202 ἐκεκήρυκτο
930 2133 1134 2201 σαφής,
1189 2130 1535 2200 ἑπετειχίζετο
1582 2134 1589 2196 Ι
1636 2130 1685 2183 δ’
1730 2144 1772 2187 R
1792 2147 1876 2187 388

221 2297 247 2336 9
280 2294 328 2336 eh
359 2296 412 2336 21
444 2290 611 2335 Iulian.
635 2290 665 2335 1.
690 2291 720 2335 l.
754 2306 798 2348 p.
826 2295 911 2335 284
929 2290 969 2334 D

225 2429 278 2468 21
306 2425 510 2483 ἀνεῖχεν]
543 2422 646 2479 ἤτοι
677 2422 923 2482 διέτριβεν·
959 2424 1136 2481 ἔμελλεν
1170 2425 1214 2469 V

282 2556 426 2615 μηδὲν
458 2557 504 2601 Β
638 2562 666 2600 4
697 2558 843 2615 χλαμκυ
831 2557 929 2608 ’δος
959 2558 1087 2616 βαφῇ
1121 2570 1147 2601 e
1178 2558 1307 2631 βαφῆ
1337 2558 1570 2625 χλαμκὺδος
1601 2571 1701 2602 corr
1734 2557 1792 2603 Cf

166 2563 247 2660 51
223 2632 269 2660 τι
299 2631 374 2661 om
408 2619 470 2661 M
507 2617 514 2672 Ι
557 2615 743 2674 ἔβλεπεν
775 2616 841 2666 εἰς
880 2617 924 2660 V
1053 2621 1075 2659 7
1121 2616 1261 2675 βουλὴ
1294 2617 1458 2673 scripsi
1490 2630 1514 2660 e
1546 2618 1658 2661 ΒΜ
1684 2631 1788 2660 cum

106 2674 288 2720 Sinteni
376 2677 518 2734 βουλῇ
564 2674 734 2730 reliqui
779 2674 888 2718 libri
935 2675 1016 2719 sed
1061 2675 1110 2719 in
1157 2674 1296 2734 βουλὴ
1345 2689 1446 2719 corr
1482 2675 1567 2730 12²,
1621 2676 1715 2719 edd

109 2737 136 2778 8
166 2733 437 2791 πέμψαντος
461 2736 506 2779 Β
630 2738 683 2777 10
715 2734 1025 2790 νενικηκότων
1057 2735 1101 2778 U
1216 2739 1270 2778 13
1303 2734 1449 2779 εἰπεῖν
1472 2711 1580 2801 ppsiz
1610 2733 1787 2791 γένεσιν

108 2792 232 2837 inser
261 2794 296 2836 I
417 2798 469 2837 17
505 2785 629 2836 αἷῖτῶ
653 2794 699 2837 Α
761 2800 883 2836 αυτῶ
924 2793 968 2837 U
1023 2793 1148 2853 αὐτῷ
1176 2793 1239 2836 Μ
1355 2798 1409 2837 19
1442 2811 1469 2838 ν
1499 2793 1547 2836 in
1579 2792 1788 2849 πρόσθεν

109 2880 203 2923 add
221 2881 279 2925 0²
395 2885 451 2925 20
477 2882 529 2937 ἔμ
534 2896 607 2925 ενε
632 2881 695 2923 Μ
810 2885 866 2923 22
892 2881 940 2925 ἐκ
943 2880 1158 2938 ηρύττετο
1174 2882 1210 2924 Ι
1227 2881 1309 2924 sed
1331 2881 1494 2939 ηρύττε
1518 2882 1567 2925 in
1590 2895 1665 2925 ras
1689 2881 1783 2940 m'l

110 2937 167 2981 ἐπ
199 2940 306 2983 ante
337 2938 572 2997 ἐτειχίζετο
608 2938 666 2985 Cf
697 2942 702 2996 Ι
730 2939 781 2983 δὲ
819 2940 904 2984 VB
