2060 3162
631 147 859 194 LIBANH
889 146 1112 194 ORATIO
1144 147 1250 192 XIX
1672 148 1779 201 395

101 285 277 356 οἶδεν,
325 287 433 340 ὑπὸ
479 283 580 353 μὲν
625 287 729 354 γὰρ
776 284 980 352 ὁμοίων
1025 283 1376 353 ἐγκλημάτων
1419 283 1590 353 ᾕεσάν
1636 304 1783 347 τινες

102 376 551 442 ἀποθανούμενοι
581 374 671 426 καὶ
702 373 736 441 ἡ
761 381 945 442 ψῆφος
975 369 1084 443 εἶχε
1113 374 1381 442 θάνατον,
1420 373 1452 442 ἡ
1487 370 1547 426 δὲ
1571 374 1782 427 λύουσα

102 466 262 534 φωνὴ
307 465 409 532 τὴν
453 471 646 532 ψῆφον
692 465 936 530 λαβοῦσα
988 463 1088 530 τὴν
1133 461 1306 531 ἀρχὴν
1358 460 1419 515 ἐκ
1467 471 1578 515 τῶν
1628 465 1782 530 βασι-

102 556 266 607 λείων
305 552 494 622 ἐχώρει
534 553 627 604 διὰ
664 559 760 619 τῆς
797 552 1006 613 πόλεως
1052 550 1340 619 ἀπάγουσα
1384 560 1496 603 τῶν
1535 551 1784 620 αὐχένων

99 643 169 694 τὰ
207 640 354 709 ξίφη,
392 639 482 694 καὶ
521 647 629 693 νῦν
669 643 831 705 ζῶσιν
865 638 928 693 ἐν
957 642 1178 709 χωρίοις
1215 638 1550 709 παρέχουσιν
1580 640 1784 708 ἡδονὰς
1829 660 1849 692 5

102 729 185 783 ἐπ’
217 729 457 798 ἐλέγχοις
496 729 787 782 ἀπαιτοῦσι
828 729 1089 782 θάνατον.
1166 729 1251 780 22.
1303 727 1643 781 ἀπολέλαυκέ
1680 742 1782 781 σου

99 827 198 888 τῆς
245 821 692 888 φιλανθρωπίας,
755 814 796 870 ὦ
843 819 1096 885 βασιλεῦ,
1157 816 1249 869 καὶ
1294 818 1327 885 ἡ
1373 821 1604 879 πολλαῖς
1648 815 1776 868 καθ’

104 907 336 975 ἑκάστην
373 906 581 976 ἡμέραν
614 906 887 975 τιμωμένη
930 907 1216 973 δαπάναις,
1257 904 1328 958 δι’
1359 901 1437 958 ὧν
1477 905 1558 958 ἀεὶ
1590 907 1786 971 μείζων

98 1016 162 1050 τε
220 995 311 1048 καὶ
372 998 611 1048 καλλίων
672 998 931 1063 γίγνεται.
1019 996 1073 1048 οἱ
1124 996 1318 1047 τοίνυν
1372 995 1610 1062 Σκύθην
1660 995 1786 1047 τινὰ

104 1087 444 1155 στρατιώτην
504 1084 823 1137 αἰτιαθέντα
875 1103 927 1136 τι
981 1082 1068 1136 ἐπὶ
1122 1081 1223 1152 μὲν
1276 1085 1630 1151 δικαστήριον
1684 1084 1785 1136 οὐκ
1811 1104 1854 1136 ιο

102 1174 424 1242 ἀγαγόντες,
475 1172 562 1227 ἐπὶ
603 1170 665 1226 δὲ
710 1174 812 1242 τὴν
855 1173 1138 1226 θάλατταν
1184 1173 1317 1240 μετὰ
1359 1173 1458 1240 τὴν
1509 1172 1569 1224 ἐν
1613 1180 1678 1243 τῇ
1718 1180 1785 1241 γῇ

107 1264 330 1332 σφαγὴν
375 1269 954 1332 προσαποστεροῦντες
998 1262 1088 1314 καὶ
1132 1269 1307 1329 ταφῆς
1361 1259 1642 1328 ἐλύπησαν
1686 1257 1788 1330 μὲν

105 1345 190 1415 οἷς
230 1351 534 1420 ἐτόλμησαν
570 1359 856 1413 κινοῦντες
893 1351 954 1403 τὸ
994 1351 1303 1418 Σκυθικόν,
1342 1347 1561 1402 ἔδεισαν
1595 1351 1600 1416 Ι
1637 1349 1698 1402 δὲ
1727 1361 1876 1405 R636

104 1442 209 1509 τὴν
261 1440 436 1509 ὀργὴν
493 1438 586 1493 καὶ
647 1436 778 1493 οὐδὲ
832 1439 967 1507 ὅλην
1027 1437 1251 1507 ἡμέραν,
1314 1435 1430 1490 ἀλλ’
1470 1435 1787 1499 ἐλπίσαντες

103 1531 389 1598 πεινήσειν
427 1525 567 1596 ἦσαν
605 1527 667 1581 ἐν
705 1529 848 1599 ἄρτῳ
887 1528 1054 1580 πάλιν
1092 1528 1238 1596 παρὰ
1275 1535 1387 1579 τῶν
1424 1527 1750 1594 διαλλαγῶν.
1812 1547 1854 1580 15

218 1617 303 1670 23.
355 1616 434 1669 Ἢ
479 1612 584 1670 οὖν
631 1616 821 1685 ἕτερόν
867 1629 927 1668 σε
975 1617 1059 1669 δεῖ
1104 1615 1367 1683 γενέσθαι
1413 1618 1651 1684 σήμερον
1696 1612 1787 1666 καὶ

105 1708 221 1759 ἄνω
261 1715 520 1774 ποταμῶν
550 1710 896 1773 πορευθῆναι
928 1705 989 1757 τὸ
1021 1712 1242 1773 πρᾶγμα
1280 1704 1313 1773 ἢ
1348 1702 1449 1766 ἕως
1480 1702 1550 1756 ἂν
1582 1701 1789 1765 ἐκεῖνος

229 1887 254 1925 2
300 1881 363 1925 Io.
389 1880 546 1936 Chrys.
578 1880 700 1924 hom.
726 1879 830 1923 XXI
861 1894 905 1936 p.
933 1883 1017 1922 219
1036 1878 1157 1935 Dsq.
1189 1878 1253 1921 VI
1276 1893 1319 1935 p.
1343 1882 1395 1922 76
1410 1892 1476 1934 sq.
1495 1877 1535 1921 D
1657 1882 1682 1920 9
1730 1876 1786 1921 of.

108 1956 173 1985 or.
191 1940 275 1983 XX
305 1955 349 1996 p.
368 1944 469 1992 427,
490 1945 542 1982 15
666 1944 718 1982 17
752 1938 883 1982 Prov.
909 1938 1040 1982 BodJ.
1067 1942 1136 1981 58.
1199 1937 1392 1994 Diogen.
1418 1937 1439 1980 I
1457 1941 1526 1981 27.
1588 1936 1786 1992 Hesych.

230 2110 252 2147 1
279 2104 371 2148 ἀπὸ
386 2104 496 2147 Bad
514 2102 606 2146 Sav
665 2101 779 2157 ὑπὲρ
798 2102 865 2145 Re
893 2103 899 2156 l
926 2102 1009 2158 μὲν
1027 2115 1101 2144 om
1120 2101 1164 2144 V
1183 2102 1190 2156 Ι
1217 2095 1338 2156 ’ἦσάν
1354 2100 1457 2143 Mor
1510 2095 1629 2159 ᾖσαν
1647 2098 1791 2161 Goba}

108 2164 239 2207 Misc.
260 2167 342 2207 155
475 2169 502 2205 4
535 2162 693 2219 ἐχώρει
725 2175 800 2205 om
824 2161 935 2204 Bad
961 2165 966 2216 Ι
994 2159 1204 2217 ἀπήγαγε
1238 2160 1346 2204 Bad
1482 2163 1507 2202 6
1539 2160 1788 2203 ἀπαιτοῦσι

105 2222 323 2268 θάνατον
362 2221 527 2278 scripsi
558 2235 582 2265 e
617 2221 660 2263 V
685 2234 790 2264 cum
822 2220 1002 2263 Sinoeni
1041 2219 1122 2275 qui
1153 2220 1404 2262 ἀπαιτοῦσι
1433 2221 1678 2262 θανατοῦν
1715 2217 1789 2261 vel

106 2282 324 2326 θάνατον
355 2280 460 2324 coni
549 2281 722 2323 ἀποῦσι
750 2278 967 2323 θανάτου
998 2278 1166 2334 reliqui
1197 2278 1308 2321 libri
1339 2278 1430 2321 edd
1462 2277 1586 2334 quod
1618 2277 1790 2320 frustra

107 2342 301 2385 excusat
345 2340 476 2383 Boiss
560 2338 795 2398 (μικρὸν)
844 2339 1017 2382 ἀποῦσι
1065 2337 1281 2382 θανάτου
1334 2336 1408 2380 vel
1459 2334 1646 2395 (φόβον
1700 2335 1790 2391 (vel

107 2399 329 2458 ψῆφον»
362 2398 585 2455 ἐπάγουσι
645 2397 863 2442 θανάτου
895 2397 1001 2441 ooni
1031 2397 1100 2440 Re
1251 2401 1275 2439 7
1307 2395 1336 2452 ἡ
1368 2394 1570 2454 (πόλις)
1600 2397 1791 2444 πολλαῖς

109 2459 215 2504 coni
245 2458 346 2502 Mor
372 2460 379 2514 Ι
406 2456 705 2514 καθεκάστην
736 2458 770 2500 Ι
884 2459 909 2499 8
942 2457 1016 2500 ἀεὶ
1047 2470 1122 2499 om
1146 2456 1256 2500 Bad
1376 2458 1401 2497 9
1434 2452 1608 2510 γίνεται
1643 2454 1791 2497 VBad

109 2518 178 2562 Re
300 2521 353 2560 10
383 2533 429 2560 τι
452 2530 527 2560 om
545 2515 654 2560 Bad
712 2514 756 2560 τί
780 2517 852 2560 Ρα
976 2520 1026 2558 11
1063 2515 1112 2558 ἐν
1136 2521 1189 2572 τῇ
1215 2521 1271 2572 γῇ
1300 2527 1376 2556 om
1401 2514 1510 2557 Bad
1632 2517 1684 2555 12
1709 2530 1789 2555 τα-

110 2577 207 2634 φὴν
234 2578 277 2622 V
307 2578 313 2632 l
348 2582 782 2631 προσαφαιροῦντες
813 2575 922 2618 Bad
1074 2579 1126 2617 12
1159 2574 1238 2617 καὶ
1270 2599 1326 2604 -
1360 2576 1414 2615 13
1446 2577 1684 2621 κινοῦντες
1715 2584 1790 2614 om

111 2637 222 2681 Bad
321 2640 373 2678 13
399 2633 456 2690 δὴ
476 2634 585 2678 Bad
683 2638 739 2676 14
762 2632 844 2689 τὴν
870 2633 1030 2691 ὀργὴν]
1057 2632 1460 2688 „interponendum
1482 2631 1660 2676 videtur
1676 2629 1789 2686 σὴν“

110 2694 179 2739 Re
206 2697 213 2751 Ι
239 2695 319 2739 καὶ
344 2693 448 2737 del?
564 2697 617 2735 15
643 2692 742 2737 ἐνΙ
760 2691 840 2736 sed
866 2710 893 2737 ν
918 2691 1011 2736 add
1035 2691 1104 2735 m³
1130 2694 1136 2748 Ι
1164 2690 1304 2735 πάλιν
1328 2705 1403 2733 om
1420 2690 1530 2734 Bad
1556 2691 1562 2745 1
1589 2689 1718 2745 παρὰ
1741 2688 1789 2732 in

110 2796 187 2826 ras
212 2782 268 2827 1²
340 2782 420 2827 διὰ
443 2782 553 2825 VPa
625 2793 701 2823 om
725 2781 866 2836 Badl
894 2753 1179 2824 διαλλαζτῶν
1220 2780 1264 2822 V
1379 2782 1432 2821 17
1464 2778 1702 2836 ποταμῶν]
1735 2794 1790 2832 γρ

112 2841 249 2896 ἱερῶν
280 2841 427 2898 πηγαὶ
457 2840 506 2882 in
536 2851 671 2895 marg
700 2838 822 2893 Mor,
862 2838 987 2894 quod
1017 2840 1125 2895 post
1155 2844 1374 2893 ποταμῶν
1411 2836 1612 2880 inserere
1643 2836 1791 2879 voluit

112 2900 181 2943 Re
230 2903 236 2956 Ι
283 2902 581 2954 πορευθῆναι
618 2899 659 2941 T
699 2898 780 2940 sed
818 2912 961 2952 πορευ
1002 2897 1052 2940 in
1090 2910 1164 2940 ras
1255 2896 1509 2951 εὑρεθῆναι
1549 2895 1733 2939 PaBad
1781 2896 1786 2949 Ι

115 2959 289 3010 ἐκεῖνος
312 2955 382 3018 ᾗς]
416 2954 469 3016 ᾗς
494 2956 517 3001 ὁ
543 2955 683 3007 αὐτός
706 2956 806 2999 Par.
819 2960 936 2999 3014
951 2955 1053 2999 Mor
1076 2956 1175 3012 (sed
1200 2954 1248 2998 in
1264 2967 1398 3010 marg
1420 2971 1474 3010 γρ
1493 2952 1577 3004 ἕως
1600 2954 1791 3008 ἐκεῖνος)
