2060 3162
273 114 381 168 528
803 114 1032 158 LIBAMI
1063 102 1287 159 ORATIO
1319 114 1468 160 XXIV

275 251 336 304 δὲ
368 246 447 304 ὧν
477 269 622 312 τινες
654 249 912 303 ἀδικοῦσι
942 251 1207 314 πολλάκις
1238 253 1473 304 τείνεται
1503 250 1594 305 καὶ
1636 251 1721 321 ἐφ’
1746 253 1966 306 ἅπασαν

272 341 452 392 πόλιν.
530 338 805 407 ἐνόσησαν
856 335 959 406 μὲν
1010 337 1295 407 Ἀθηναῖοι
1349 340 1442 393 διὰ
1502 341 1600 393 τὸν
1664 339 1965 410 Ἀνδρόγεω

272 428 527 481 θάνατον
564 425 655 480 καὶ
694 434 769 500 τῷ
802 426 968 497 πατρὶ
1007 435 1107 481 τοῦ
1147 430 1592 497 τετελευτηκότος
1621 430 1720 483 τὸν
1751 431 1966 497 δασμὸν.

273 518 404 578 τοὺς
450 517 536 579 δὶς
583 514 716 569 ἑπτὰ
767 518 1009 585 ἤνεγκαν
1063 516 1268 584 ὀλίγων
1318 518 1498 570 ὄντων
1551 510 1634 581 οἷς
1688 517 1964 588 ἐτολμήθη

230 626 250 658 5
273 600 532 675 τοῦργον,
580 603 809 674 ἐνόσησε
849 602 909 658 δὲ
947 605 980 674 ἡ
1024 607 1283 674 Θηβαίων
1320 607 1479 668 πόλις
1519 607 1611 659 διὰ
1649 607 1748 660 τὸν
1785 609 1966 660 Λαΐου

274 696 473 762 φόνον,
536 689 699 757 οὗτος
749 695 811 747 δὲ
859 690 930 762 ἦν
983 693 1011 747 ὁ
1063 694 1308 757 θάνατος
1361 697 1527 765 ἔργον
1580 703 1675 764 τῆς
1728 696 1966 750 Οἰδίπου

274 783 455 852 χειρὸς
515 785 699 852 μόνης.
775 784 932 852 λιμὸς
986 782 1048 837 ἐν
1095 788 1343 852 Δελφοῖς
1394 780 1465 852 ἧν
1511 786 1778 838 Αἰσώπου
1831 782 1959 855 παρ’

185 883 227 928 R
249 883 366 927 1154
405 872 593 935 αὐτοῖς
642 870 649 943 Ι
700 871 790 925 ε’πὶ
828 873 1109 941 σκώμματι
1146 872 1464 941 πληγέντος.
1539 876 1719 927 καίτοι
1760 875 1969 936 πόσους

275 961 420 1023 εἰκὸς
469 960 829 1015 ἀπεκτονέναι
874 963 975 1015 τὸν
1020 963 1345 1032 ἅνθρωπον;
1396 960 1512 1015 ἀλλ’
1547 962 1691 1031 ὅμως
1735 961 1769 1030 ἡ
1809 964 1968 1025 πόλις

209 1071 252 1102 10
275 1047 559 1119 ἐλίμωττε,
610 1049 702 1103 καὶ
739 1052 837 1118 μία
875 1051 1056 1119 λύσις,
1109 1052 1157 1103 εἰ
1205 1051 1358 1104 δοῖεν
1398 1051 1575 1120 δίκην.
1652 1051 1737 1104 32.
1790 1052 1848 1104 τί
1883 1050 1968 1104 λέ-

275 1158 413 1206 γεις;
454 1139 556 1191 οὐκ
588 1138 812 1208 ε’ποίησε
849 1142 1121 1209 χαλεποὺς
1152 1137 1432 1207 Ῥωμαίοις
1461 1142 1591 1202 τοὺς
1621 1142 1792 1203 θεοὺς
1823 1140 1967 1193 οὕτω

273 1224 376 1295 μὲν
421 1228 607 1281 πεσὼν
638 1227 964 1297 Ἰουλιανός,
1021 1228 1164 1282 οὕτω
1217 1229 1279 1282 δὲ
1325 1227 1620 1298 ἀμεληθεὶς
1673 1228 1816 1281 οὕτω
1867 1225 1970 1296 μὲν

276 1319 684 1386 χαλεπήναντος
721 1326 838 1381 τοῖς
872 1317 1103 1387 Ἀχαιοῖς
1140 1325 1240 1371 τοῦ
1278 1316 1616 1380 Ἀπόλλωνος
1663 1319 1757 1371 διὰ
1793 1318 1855 1370 τὸ
1894 1319 1968 1387 μὴ

276 1405 585 1460 ἀποδοῦναι
630 1413 706 1479 τῷ
739 1407 930 1477 Χρύσῃ
977 1407 1079 1475 τὴν
1115 1405 1400 1477 θυγατέρα
1445 1407 1545 1459 τὸν
1592 1407 1771 1475 δεῖνα,
1822 1406 1967 1459 οὕτω

210 1515 252 1548 15
278 1494 339 1547 δὲ
377 1497 529 1563 βοῶν
567 1516 737 1549 τινων
776 1497 959 1548 εἵνεκα
996 1503 1098 1548 τοῦ
1125 1493 1339 1564 Ἡλίου,
1379 1496 1516 1548 ὥστε
1554 1502 1783 1548 τοιαῦτα
1821 1495 1970 1548 ἄπει-ψ

275 1587 438 1651 λῆσαι
491 1592 607 1646 τοῖς
654 1585 842 1647 ἄλλοις
887 1590 1068 1653 θεοῖς,
1123 1586 1175 1636 εί
1217 1585 1290 1654 μὴ
1338 1584 1499 1652 λάβοι
1552 1585 1736 1652 δίκην;
1789 1585 1969 1637 καίτοι

274 1672 595 1726 πεινώντων
632 1674 693 1726 τὸ
732 1671 901 1743 ἔργον
938 1668 1026 1741 ἦν,
1074 1671 1192 1726 ἀλλ’
1224 1673 1370 1739 ὅμως
1408 1673 1441 1741 ἡ
1481 1680 1619 1735 ναῦς
1657 1673 1846 1735 αὐτοῖς
1882 1691 1969 1725 κε-

277 1766 466 1833 ραυνῷ
509 1759 863 1814 διεσκέδαστο
909 1761 1000 1814 καὶ
1032 1745 1069 1814 ’ὁ
1107 1762 1173 1815 τὰ
1211 1761 1468 1830 βέλτιστα
1511 1770 1799 1832 παραινῶν
1835 1762 1971 1828 μετὰ

276 1858 388 1902 τῶν
427 1849 493 1902 οὐ
534 1848 882 1903 πεισθέντων
921 1848 1182 1913 ἐξέπιπτε.
1259 1850 1346 1902 33.
1401 1852 1459 1902 τί
1499 1852 1630 1912 τοὺς
1672 1852 1780 1903 σὺν
1816 1848 1969 1918 Ἀγα-

211 1960 254 1993 20
276 1936 507 2004 μέμνονι
549 1936 774 2001 ἑλόντας
805 1939 907 2006 τὴν
947 1940 1151 2008 Τροίαν
1182 1937 1487 2004 ἀπώλεσεν;
1529 1937 1558 1991 ὁ
1591 1939 1807 2007 χειμών.
1869 1939 1970 2006 τὴν

397 2117 422 2155 2
455 2112 577 2158 Plut.
604 2112 738 2156 Thes.
759 2118 829 2168 15,
849 2118 888 2156 1.
950 2113 1085 2157 Paus.
1110 2113 1132 2156 Ι
1156 2118 1226 2168 27,
1247 2118 1301 2156 10
1438 2118 1464 2157 5
1498 2113 1555 2158 cf.
1580 2128 1625 2169 p.
1657 2117 1755 2167 180,
1775 2117 1827 2156 11
1841 2125 1906 2167 sq.

280 2175 304 2214 7
339 2170 397 2215 cf.
423 2173 456 2216 t.
481 2171 546 2215 ΠΙ
570 2177 640 2228 66,
661 2179 684 2215 5
701 2172 755 2216 R.
818 2172 939 2215 Plut.
967 2186 1051 2216 ser.
1078 2187 1201 2216 num.
1227 2172 1352 2216 vind.
1382 2177 1435 2215 12
1467 2187 1512 2228 p.
1540 2176 1625 2214 556
1642 2172 1678 2214 F
1696 2185 1763 2226 sq.
1825 2170 1966 2214 Arist.

277 2230 417 2287 Vesp.
446 2235 560 2276 1446
594 2245 630 2275 ο.
658 2230 798 2275 schol.
940 2236 994 2274 13
1026 2231 1077 2274 Il.
1104 2249 1135 2274 α
1156 2235 1263 2287 9sq.
1298 2231 1355 2274 cf.
1380 2245 1425 2287 p.
1453 2234 1552 2284 180,
1573 2235 1612 2274 7.
1748 2235 1801 2274 15
1835 2229 1919 2274 Od.
1938 2247 1969 2287 μ

280 2294 478 2392 3⁷6⁸q'f
571 2295 623 2334 17
659 2289 742 2334 Od.
769 2307 801 2347 μ
825 2295 909 2334 342
1034 2295 1088 2333 18
1122 2289 1206 2334 Od.
1233 2307 1264 2346 μ
1286 2294 1387 2333 415.
1421 2307 1465 2346 η,
1491 2294 1576 2333 275
1605 2290 1611 2348 1
1641 2288 1775 2346 Οᾱ.μ
1798 2294 1883 2333 417
1900 2304 1971 2345 sq.

339 2354 395 2392 20
428 2364 452 2393 c
476 2384 485 2394 .
510 2364 555 2406 p.
584 2354 681 2403 180,
702 2354 727 2393 9

401 2518 423 2556 1
459 2513 510 2558 δὲ
542 2527 618 2557 om
642 2513 801 2556 Macar
967 2516 993 2554 4
1026 2510 1171 2556 ὄντων
1204 2509 1273 2562 οἷς
1307 2512 1345 2557 C
1373 2512 1454 2555 sed
1485 2527 1538 2555 ντ
1570 2526 1672 2555 corr
1700 2512 1755 2554 ut
1785 2510 1969 2555 videtur

280 2584 337 2615 ex
367 2589 396 2616 v
426 2571 476 2615 in
498 2585 574 2616 ras
598 2572 681 2627 111²,
714 2589 780 2616 ων
812 2574 860 2616 et
884 2569 895 2586 ‘
935 2571 1030 2615 add
1051 2585 1073 2615 s
1216 2576 1242 2614 5
1272 2571 1469 2629 τοῦργον
1500 2572 1546 2615 Β
1570 2570 1695 2614 Fabr
1828 2575 1854 2613 6
1887 2567 1968 2625 μό-

279 2647 364 2686 νης
403 2630 536 2688 ἔργον
574 2637 656 2687 τῆς
692 2629 881 2676 οἰὸίπου
919 2630 1071 2687 χειρὸς
1103 2630 1146 2674 V
1186 2630 1384 2674 fortasse
1423 2631 1547 2673 recte
1640 2629 1775 2685 ἔργον
1804 2633 1887 2684 τῆς
1917 2628 1969 2671 in

278 2702 356 2732 ras
380 2690 438 2732 1³
560 2695 583 2733 7
616 2690 773 2748 λοιμὸς
804 2689 950 2734 Cobet
973 2688 1272 2733 Miscell.167
1305 2691 1355 2733 at
1387 2689 1444 2733 cf.
1469 2689 1591 2732 Plut.
1617 2688 1694 2733 1.1.
1823 2691 1849 2731 8
1882 2684 1967 2730 πό-

281 2762 374 2792 σων
400 2747 458 2792 01
579 2754 604 2792 9
635 2749 687 2793 τὸ
721 2747 1030 2794 ἀπεκτονέναι
1054 2747 1111 2792 Ol
1129 2748 1251 2792 Fabr
1372 2752 1427 2791 10
1460 2745 1699 2803 ἐλοίμωττε
1724 2745 1870 2790 Cobet
1891 2745 1965 2790 1.1.

279 2807 297 2909 l
326 2805 432 2864 δοίη
465 2806 523 2851 Ol
563 2808 570 2866 Ι
611 2806 775 2864 λέγοις,
806 2808 892 2852 οὐκ
923 2807 981 2851 Ol
1004 2807 1127 2850 Fabr
1289 2812 1344 2850 14
1376 2808 1484 2863 post
1515 2807 1780 2850 ἀποδοῦναι
1807 2818 1885 2848 ras
1912 2809 1964 2847 12

299 2866 360 2909 itt
382 2868 418 2910 I
533 2871 586 2910 15
612 2866 814 2925 βοῶντός
830 2866 1022 2911 OlFabr
1048 2868 1054 2922 Ι
1082 2864 1217 2910 ἕνεκα
1238 2867 1282 2911 U
1409 2869 1464 2909 18
1497 2863 1818 2910 διεσκέδασται
1848 2862 1907 2907 Ol

285 2929 337 2969 19
369 2926 478 2977 τοὺς
510 2939 584 2969 om
610 2926 666 2970 Ol
