2060 3162
214 113 321 167 130
763 113 992 166 LIBANII
1021 113 1245 159 ORATIO
1276 114 1361 159 XV

212 249 575 319 ἀγνοηθῆναι,
635 251 1134 318 προσπεριείληφας
1188 258 1305 313 τοῖς
1359 250 1464 303 ἀπὸ
1519 261 1630 305 τῶν
1682 251 1900 322 μέτρων

143 393 146 396 ⁴
211 341 510 410 χρησίμοις.
584 338 613 390 ὅ
668 357 729 405 γε
782 339 890 407 μὴν
942 339 1218 408 κολοφών,
1271 340 1338 395 τὰ
1390 344 1543 393 θεῶν
1591 339 1900 410 θρέμματα,

212 428 531 497 Σωκράτης,
582 428 946 496 Πυθαγόρας,
995 426 1234 481 Πλάτων
1270 426 1361 480 καὶ
1401 428 1520 481 ὅσοι
1561 428 1759 498 ῥύακες
1797 428 1888 482 ἀπ’

166 539 188 570 4
213 516 438 570 ἐκείνων
470 514 763 586 ἐρρύησαν,
794 515 1008 568 τούτων
1039 515 1222 579 οὐδεὶς
1253 514 1353 579 ἔξω
1383 524 1479 585 τῆς
1504 524 1602 585 σῆς
1630 519 1900 587 διανοίας,

122 618 163 662 R
183 622 269 662 460
307 605 762 673 ἣνεῑσελθόντες
800 602 1180 674 ἐξειργάσαντο
1218 601 1392 673 καλὴν
1428 604 1519 658 καὶ
1565 603 1571 676 Ι
1615 601 1901 675 γενναίαν,

212 695 391 763 ὥσπερ
425 694 477 746 οἱ
501 694 855 762 παιδοτρίβαι
885 693 952 745 τά
984 693 1216 762 σώματα.
1277 694 1425 763 παρὰ
1453 695 1665 749 τούτων
1696 694 1894 765 ἀπαιτῇ

210 785 447 853 τήμερον
483 782 585 850 τὴν
622 782 760 851 πρὸς
796 781 936 850 ἡμᾶς
973 781 1300 852 ἡμερότητα,
1346 783 1594 853 καθάπερ
1632 791 1708 851 ,γῆ
1749 785 1898 854 παρὰ.

211 880 322 925 τῶν
360 880 622 940 γεωργῶν
659 872 788 933 τοὺς
825 870 1086 940 καρπούς.

323 960 409 1012 29.
459 959 587 1012 Εἰσὶ
630 955 690 1012 δὲ
727 956 820 1011 καὶ
862 959 1075 1012 τούτων
1118 959 1263 1021 τινὲς
1305 960 1718 1029 αῐδεσιμώτεροι
1759 962 1896 1031 πρά·
1969 975 1974 978 ’

147 1071 189 1103 10
212 1068 416 1120 κτορες.
469 1050 614 1111 τίνες
646 1042 824 1113 οὗτοι,
858 1048 911 1100 οἱ
934 1048 1032 1105 τὸν
1048 1045 1333 1117 Ὄλυμπον
1359 1049 1657 1117 οἰκοῦντες,
1689 1052 1910 1118 μᾶλλον,

213 1133 274 1189 δὲ
315 1134 403 1189 σοὶ
441 1142 833 1199 συνοικοῦντες
870 1136 995 1189 θεοὶ
1035 1134 1126 1188 καὶ
1165 1137 1438 1205 δαίμονες,
1479 1132 1557 1190 ὧν
1595 1137 1695 1190 τὸν
1729 1139 1902 1206 φίλον

212 1226 290 1288 εἰς
330 1226 760 1295 φιλανθρωπίαν
798 1223 1006 1293 ἀνάγκη
1046 1223 1435 1278 καθέλκεσθαι.
1511 1225 1600 1278 καὶ
1645 1227 1750 1296 γὰρ
1791 1217 1900 1295 ὀὐχ

212 1314 347 1367 ὅσον
385 1311 651 1376 δέξασθαι
699 1316 910 1366 θυσίαν
959 1314 1049 1366 καὶ
1096 1312 1166 1366 δι’
1206 1313 1457 1384 ὀρνίθων
1500 1313 1817 1383 πετομένων
1863 1315 1900 1383 ἣ

213 1402 398 1470 ἀρνῶν
459 1401 851 1471 σφαττομένων
918 1402 1158 1470 μηνύσαι
1218 1421 1271 1455 τι
1331 1411 1442 1456 τῶν
1501 1402 1913 1472 κρυπτομένων4

147 1514 189 1554 15
214 1487 346 1544 οὐδὲ
376 1490 534 1561 μέχρι
555 1499 826 1559 μαντικῆς
856 1492 889 1560 ἡ
922 1489 1032 1560 μετ’
1065 1490 1292 1544 ἐκείνων
1330 1505 1419 1544 σοι
1453 1492 1742 1560 συνήθεια,
1780 1493 1900 1544 καί-

212 1600 298 1634 τοι
335 1581 424 1633 καὶ
470 1587 635 1633 τοῦτο
683 1581 950 1650 λαμπρόν,
1001 1578 1117 1633 ἀλλ’
1150 1579 1354 1649 ὅσαπερ
1401 1579 1533 1648 ἡμῖν
1577 1579 1703 1646 παρ’
1737 1579 1901 1649 ἀλλή-

214 1673 344 1738 λων,
393 1676 634 1722 τοσαῦτα
681 1669 769 1721 σοὶ
814 1669 951 1738 πρὸς
999 1667 1257 1731 ἐκείνους.
1334 1667 1421 1720 30.
1475 1671 1533 1721 οἳ
1566 1667 1657 1721 καὶ
1694 1670 1897 1721 καθεύ-

215 1758 383 1812 δοντά
450 1772 510 1810 σε
579 1757 877 1828 ἀνήγειραν
943 1758 1084 1828 χειρὶ
1155 1760 1475 1826 κινήσαντες
1542 1757 1633 1810 καὶ
1700 1759 1915 1826 λόχους,

215 1849 465 1916 ἔφρασαν
501 1846 592 1898 καὶ
632 1842 914 1916 στρατείας
957 1841 1156 1917 καιρὸν
1199 1846 1289 1899 καὶ
1335 1844 1680 1915 παρατάξεως
1724 1847 1899 1898 τόπον

150 1957 193 1989 20
217 1933 308 1987 καὶ
346 1943 442 1986 ποῖ
479 1935 564 1986 δεῖ
593 1932 895 2002 προελθεῖν
924 1933 1016 1987 καὶ
1046 1937 1226 1988 πόθεν
1257 1934 1536 1987 ἀπελθεῖν.
1611 1935 1700 1986 καὶ
1731 1936 1901 2001 μόνος

217 2025 286 2075 σὺ
325 2023 420 2085 τὰς
450 2020 675 2075 ἐκείνων
707 2020 947 2091 ἑώρακας
978 2024 1196 2093 μορφὰς
1235 2023 1511 2089 εὐδαίμων
1551 2023 1902 2090 εὐδαιμόνων

334 2217 360 2255 3
391 2211 477 2257 Iul.
500 2212 603 2255 Mis.
636 2227 681 2268 p.
708 2211 847 2254 353ss
880 2213 928 2254 et
959 2214 1043 2254 359
1063 2209 1096 2254 C
1214 2214 1239 2254 ὅ
1271 2210 1389 2254 Plat.
1418 2209 1553 2267 Gorg.
1578 2225 1622 2266 p.
1651 2210 1792 2253 504A
1873 2239 1875 2241 -

338 2394 390 2433 11
447 2392 596 2441 καλῶς
638 2394 870 2434 συνοικεῖν
892 2386 1131 2444 δαίμονας
1166 2387 1311 2460 τούτῳ
1343 2386 1488 2444 λέγεις
1515 2390 1521 2443 Ι
1548 2388 1628 2431 καὶ
1668 2385 1899 2444 δαίμονας

219 2445 362 2498 αὖθίς
392 2464 442 2505 γε
471 2456 636 2494 τοῦτον
679 2446 924 2505 συμμένειν
956 2449 1009 2504 (P)
1044 2449 1050 2504 Ι
1089 2462 1224 2503 μετα
1241 2433 1452 2502 τελευτὴν
1494 2446 1577 2502 τὴν
1622 2446 1899 2501 τρισάθλιον

218 2505 334 2551 νόει·
364 2507 558 2562 ΙΣατὰν
589 2507 676 2564 γὰρ
721 2507 935 2552 ἐσκεύασε
976 2505 1059 2562 τὴν
1102 2505 1258 2563 ψυχὴν
1298 2503 1443 2562 δόμον
1473 2510 1478 2561 Ι
1507 2505 1706 2549 ἄποικον
1750 2505 1899 2549 αυτοῦ

218 2566 417 2621 Χριστὸν
450 2566 757 2623 ἐργασάμενος
788 2566 937 2623 (Laut
963 2564 1085 2609 LVII
1101 2569 1157 2608 20
1181 2565 1260 2608 fol.
1278 2568 1360 2607 44v
1390 2565 1439 2607 in
1462 2578 1595 2622 marg
1617 2563 1716 2620 111²).

339 2746 390 2786 11
418 2741 470 2787 δέ
494 2757 566 2786 σοι
588 2743 676 2785 Re,
754 2755 756 2757 ’
778 2747 831 2786 12
865 2741 1082 2786 ἕλκεσθαι
1105 2741 1207 2785 Mor
1230 2741 1311 2785 sed
1334 2758 1402 2798 γρ.
1420 2739 1674 2798 θέλγεσθαι
1696 2739 1746 2783 in
1761 2752 1897 2797 marg

220 2801 344 2856 quod
367 2801 436 2844 Re
451 2801 589 2844 Anim
612 2800 827 2857 probavit
933 2806 986 2844 13
1012 2798 1061 2858 ἢ]
1085 2801 1165 2843 καὶ
1180 2801 1249 2844 Re
1363 2804 1417 2842 14
1441 2803 1670 2855 μηνῦσαιῗ
1703 2798 1759 2842 cf.
1781 2803 1850 2852 10,
1866 2803 1898 2841 4

223 2859 230 2917 Ι
263 2857 308 2903 τί
337 2817 688 2904 VIBMP15
721 2874 793 2904 σοι
821 2874 899 2907 ,om
923 2860 986 2902 M
1102 2864 1155 2902 16
1189 2857 1311 2902 ὅσαπ
1338 2875 1362 2913 ρ
1396 2872 1498 2901 cum
1529 2870 1604 2900 ras
1632 2862 1654 2901 1
1686 2857 1766 2900 litt
1799 2859 1843 2902 U

222 2923 274 2962 17
307 2916 420 2973 παρ’
448 2916 672 2963 ἐκείνωνὶ)
800 2923 855 2962 20
886 2924 951 2975 πῆ
977 2919 1040 2962 V
1035 2920 1053 2978 Ι
1082 2918 1156 2962 δεῖ
1184 2931 1208 2961 e
1240 2918 1298 2973 δὴ
1331 2930 1431 2960 corr
1454 2915 1526 2960 P²
1586 2915 1643 2972 δὴ
1668 2917 1762 2960 AB
