2060 3162
617 97 846 141 LIBANII
875 96 1099 142 ORATIO
1131 97 1279 142 XVIII
1690 97 1798 150 363

109 254 278 301 μενον
324 234 463 303 πρὸς
514 225 598 294 οἷς
643 237 869 301 εἴληφεν
907 231 941 285 ἃ
978 235 1110 301 μήτε
1149 235 1404 301 φαίνεται
1443 233 1628 301 λαβὼν
1665 235 1798 302 μήτε

110 324 341 375 δύναται
406 323 628 389 δοῦναι,
684 321 905 374 διδόναι
958 322 1480 390 καταναγκάζεσθαι,
1543 321 1645 390 οὐχ
1705 322 1799 375 ἵνα

109 412 202 482 δῷ,
242 419 355 474 πῶς
394 410 517 479 γάρ,
556 409 590 462 ἃ
621 410 692 478 μὴ
727 410 990 474 δυνατόν;
1030 408 1148 463 ἀλλ’
1178 411 1272 463 ἵνα
1310 417 1384 483 τῷ
1409 411 1481 479 μὴ
1515 410 1796 463 δύνασθαι

108 499 542 568 στρεβλούμενος
579 496 670 550 καὶ
708 500 1046 567 φλεγόμενος
1075 501 1465 567 κατατείνηται.
1543 499 1666 552 288.
1705 499 1796 568 ρη-

112 596 330 658 τορικῆς
371 584 431 640 δὲ
471 587 793 640 διδάσκαλοι
839 590 1107 653 συζῶντες
1152 589 1424 658 πρότερον
1473 596 1589 650 τοῖς
1627 587 1794 658 ἀρχὰς
1841 608 1860 640 5

109 679 334 745 ἔχουσιν
375 675 778 728 ἀπελαύνονται
817 684 929 729 τῶν
965 681 1180 745 θυρῶν,
1220 676 1400 745 ὥσπερ
1436 675 1797 745 ἀνδροφόνοι,

107 766 296 833 πλήθη
338 764 399 817 δὲ
440 763 583 818 νέων
621 765 687 816 τὰ
723 762 848 834 περὶ
888 764 1091 826 αὐτοὺς
1120 766 1392 834 πρότερον
1425 771 1595 817 ταῦτα
1625 764 1797 835 ὁρῶν-

112 873 200 916 τες
246 854 519 922 φυγόντες
574 852 647 915 ὡς
692 852 949 916 ἀσθενεῖς
994 854 1124 915 τοὺς
1170 854 1367 920 λόγους
1417 854 1589 922 ἄλλην
1636 854 1798 922 ἰσχὺν

103 945 339 1010 ζητοῦσι.
431 942 724 1008 βουλευταὶ
787 942 848 995 δὲ
907 943 1008 1011 τὴν
1083 942 1434 1010 δικαιοτάτην
1494 943 1798 1011 θεραπείαν

104 1027 242 1098 ὑπὲρ
282 1039 392 1083 τῶν
421 1031 703 1100 πατρίδων
733 1029 1072 1099 ἀποδράντες
1101 1031 1202 1099 τὴν
1232 1031 1426 1083 ἄδικον
1457 1029 1795 1100 ἐλευθερίαν.
1820 1053 1863 1085 ιο

102 1117 357 1187 ἐδίωξαν,
398 1118 427 1172 ὁ
468 1119 529 1172 δὲ
567 1117 877 1188 ἐπισχήσων
916 1120 1016 1172 τὸν
1063 1122 1487 1188 πλημμελοῦντα
1525 1120 1629 1172 οὐκ
1667 1122 1796 1189 ἔστι,

108 1207 230 1260 289.
270 1208 451 1261 πάντα
482 1204 543 1260 δὲ
573 1209 742 1276 μεστὰ
772 1209 1087 1278 πρατήρων,
1136 1208 1368 1278 ἤπειροι,
1409 1216 1588 1277 νῆσοι,
1619 1218 1795 1275 κῶμαι

103 1298 313 1362 πόλεις,
354 1296 572 1366 ἀγοραί,
613 1296 847 1365 λιμένες,
895 1299 1188 1350 στενωποί·
1242 1301 1501 1350 πωλεῖται
1548 1294 1610 1349 δὲ
1649 1298 1795 1350 οἰκία

106 1383 196 1436 καὶ
236 1383 562 1454 ἀνδράποδα
600 1384 691 1437 καὶ
729 1387 967 1455 τροφεὺς
1016 1386 1108 1438 καὶ
1149 1386 1355 1456 τροφὸς
1392 1384 1483 1452 καὶ
1520 1386 1796 1454 παιδαγω-

114 1474 210 1540 γὸς
270 1474 359 1525 καὶ
422 1475 714 1542 προγόνων
774 1474 966 1542 τάφοι,
1028 1481 1306 1542 πανταχοῦ
1370 1474 1431 1527 δὲ
1483 1477 1644 1526 πενία
1702 1472 1794 1526 καὶ
1818 1494 1860 1528 15

111 1563 346 1630 πτωχεία
387 1560 476 1614 καὶ
517 1562 728 1631 δάκρυα
773 1561 863 1614 καὶ
910 1571 1026 1625 τοῖς
1070 1571 1334 1631 γεωργοῖς
1380 1563 1608 1630 ἄμεινον
1653 1556 1794 1616 εἷναι

113 1651 263 1702 δοκεῖ
316 1658 637 1719 προσαιτεῖν
688 1650 720 1718 ἢ
775 1640 1057 1720 γεωργεῖν,
1111 1649 1140 1703 ὁ
1192 1646 1252 1703 δὲ
1307 1653 1543 1720 τήμερον
1597 1651 1794 1703 δοῦναι

107 1738 411 1804 δυνάμενος
456 1739 655 1807 αὔριον
692 1741 872 1808 χρῄζει
903 1747 1001 1791 τοῦ
1035 1739 1324 1801 δώσοντος.
1402 1739 1529 1791 290·
1567 1740 1794 1792 Σκύθαι

138 1973 158 2013 t
190 1917 281 2014 22128
325 1913 475 1958 Amm.
507 1913 654 1956 XXVI
685 1918 725 1966 4,
751 1918 794 1960 5.
851 1914 951 1957 Zos.
975 1913 1038 1956 IV
1063 1918 1102 1966 3,
1122 1918 1148 1956 4
1188 1913 1245 1957 cf.
1280 1927 1419 1971 supra
1459 1929 1503 1970 p.
1530 1918 1789 1969 218,14sq.

109 1985 136 2015 e

228 2154 248 2191 1
283 2148 392 2205 μήτε
424 2150 485 2206 (1)
518 2151 552 2194 Ι
576 2150 657 2194 sed
688 2166 735 2194 τε
767 2149 816 2193 in
848 2163 922 2193 ras
954 2150 1023 2194 ιιι2
1056 2152 1102 2195 et
1134 2164 1158 2194 e
1191 2150 1251 2207 μὴ
1284 2165 1385 2195 corr
1416 2150 1484 2195 Β2
1570 2151 1631 2207 μὴ
1666 2152 1710 2196 V

107 2214 133 2251 2
174 2208 568 2265 καταναγκάζεται
608 2209 698 2252 edd
737 2210 945 2263 „videtur
984 2210 1063 2253 καὶ
1095 2209 1497 2266 praeponendum“
1539 2210 1614 2253 Re
1710 2211 1791 2254 καὶ

108 2267 545 2339 καταναγκάζεσθαι
571 2268 675 2312 coni
700 2267 855 2312 Gasda.
970 2275 994 2311 3
1025 2268 1077 2312 τὸ
1105 2271 1188 2313 Mo
1308 2275 1336 2312 4
1361 2266 1683 2325 φθεγγόμενος
1707 2271 1791 2314 Mo

107 2327 190 2370 sed
223 2324 502 2382 φλεγόμενος
532 2326 581 2370 in
612 2341 744 2384 marg
785 2328 791 2385 1
834 2325 1189 2384 κατακτείνηται
1219 2328 1342 2371 Fabr
1405 2327 1653 2401 καταθάνῃ
1686 2328 1791 2371 coni

107 2385 208 2428 Mor
239 2385 295 2428 cf.
321 2384 500 2429 Aelian.
528 2399 602 2442 ap.
632 2386 758 2429 Suid.
785 2401 819 2429 s.
845 2401 883 2429 V.
911 2386 1266 2444 στρεβλούμενος
1385 2391 1411 2429 8
1443 2386 1692 2442 φεύγοντες
1721 2387 1791 2430 Re

168 2449 192 2486 9
227 2448 437 2517 ζητοῦσιν
470 2446 544 2490 La
673 2449 724 2488 11
758 2447 881 2502 πλημ
882 2447 1074 2490 ελοῦντα
1105 2447 1152 2490 Ρ
1189 2448 1195 2501 l
1238 2445 1361 2490 ἔστιν
1394 2447 1468 2490 La
1596 2450 1650 2489 12
1683 2445 1791 2490 εστὰ

107 2502 157 2545 in
188 2502 327 2559 μεστὰ
358 2503 406 2546 in
436 2516 512 2546 ras
544 2503 674 2548 P³1²
777 2503 889 2559 μετὰ
927 2504 1054 2549 UMo
1103 2506 1110 2560 Ι
1158 2503 1407 2560 πρατήρων
1440 2505 1486 2547 Ρ
1513 2503 1595 2548 sed
1627 2505 1736 2549 ante
1764 2521 1791 2548 τ

108 2575 182 2605 ras
225 2567 245 2604 1
287 2561 366 2605 litss
404 2563 451 2605 et
491 2579 519 2617 η
560 2575 616 2606 ex
655 2578 680 2606 ο
720 2576 821 2606 corr
857 2563 927 2606 m⁸
1015 2562 1294 2619 πρακτήρων
1331 2564 1369 2608 Ο
1395 2562 1477 2606 sed
1517 2579 1542 2607 ο
1581 2577 1722 2620 supra
1758 2580 1788 2619 η

106 2634 333 2676 suprascr.
373 2635 415 2675 3,
458 2622 607 2665 MoM
641 2621 723 2664 sed
760 2621 810 2665 in
847 2622 935 2665 hoc
972 2620 1245 2677 πρακτόρων
1284 2622 1333 2665 ιιι
1371 2634 1504 2679 marg
1537 2621 1627 2675 m¹,
1667 2623 1799 2668 LaU

108 2723 210 2766 Mor
234 2724 355 2767 Fabr
429 2695 704 2779 πρακτήρων
736 2725 771 2768 Ι
838 2723 1113 2781 πρακτόρων
1155 2726 1238 2769 VB
1262 2725 1330 2768 Re
1364 2724 1371 2781 1
1406 2731 1554 2780 κῶμαι
1585 2739 1660 2769 om
1693 2726 1737 2769 V

112 2786 166 2824 14
204 2780 495 2840 παιδαγωγοί
534 2783 576 2825 Ρ
613 2783 695 2825 sed
734 2799 751 2825 ι
790 2784 850 2839 (2)
889 2796 915 2826 e
954 2797 980 2826 σ
1019 2798 1120 2828 corr
1251 2787 1304 2826 17
1345 2786 1476 2828 δοκεῖ
1508 2783 1632 2852 ἰιιεοι·
1670 2782 1731 2828 1²

113 2844 165 2883 18
198 2842 427 2891 δώσοντος
459 2843 503 2885 Ρ
532 2841 612 2884 sed
644 2855 735 2885 ωσο
767 2840 816 2884 in
838 2854 914 2885 ras
937 2842 1007 2885 ιιι8
1032 2845 1039 2899 Ι
1067 2842 1242 2886 σκύθαι
1272 2843 1319 2887 Ρ
1346 2841 1428 2886 sed
1459 2859 1510 2886 αι
1540 2842 1590 2887 in
1612 2855 1688 2886 ras
1719 2842 1789 2885 m⁸

170 2900 323 2943 σκύθα
356 2901 429 2944 La
462 2900 543 2943 sed.
572 2901 679 2955 post:
711 2917 742 2943 α
772 2912 846 2943 ras
879 2905 904 2943 2
937 2900 1016 2944 litt
1046 2915 1241 2957 quarum
1272 2900 1399 2957 prior
1428 2899 1520 2946 fm‘t
1550 2918 1567 2945 ι
