2060 3162
658 123 889 167 LIBANII
920 105 1145 168 ORATIO
1177 124 1326 168 xxm
1728 126 1839 179 499

143 262 210 314 οὐ
258 262 361 331 γὰρ
407 256 479 328 ἦν
531 258 659 329 παρ’
691 260 824 313 ὅτου
878 260 1103 312 πάντων
1154 261 1334 313 ὄντων
1381 259 1442 312 ἐν
1491 266 1565 333 τῷ
1617 262 1839 315 δεῖσθαι

145 353 351 419 λαβεῖν,
390 350 535 417 πλὴν
575 354 630 402 εἴ
660 368 744 411 τις
782 348 1134 419 ἀπεχώρησεν
1173 350 1251 416 εἰς
1290 348 1497 418 ἀγροὺς
1543 353 1675 413 τοὺς
1715 349 1839 404 ἑαυ-

148 447 261 508 τῆς,
298 445 463 491 τοῦτο
505 434 566 490 δὲ
606 438 674 490 οὐ
712 438 871 491 πολύ.

257 527 337 580 10.
379 530 509 590 Ταῖς
539 526 642 595 μὲν
674 527 742 595 δὴ
774 525 1030 595 γυναιξὶν
1062 526 1294 595 οὐδεμία
1318 528 1635 596 συγγνώμη,
1668 527 1834 581 ταύτὸ

142 616 191 670 δ’
222 616 292 670 ἂν
335 617 517 685 ἰσχύοι
556 614 647 668 καὶ
687 616 822 668 κατὰ
859 625 971 668 τῶν
1003 614 1225 685 ἀνδρῶν
1255 624 1368 668 τῶν
1400 614 1461 669 ἐν
1499 625 1614 679 τοῖς
1647 616 1836 687 ε’γκλή-
1882 638 1904 671 ⁵

141 719 310 775 μασιν
348 705 451 757 οὐκ
491 706 684 759 ὄντων.
763 704 861 767 οὓς
899 705 1004 774 γὰρ
1052 704 1153 756 οὐκ
1200 705 1407 773 ἤλαυνε
1453 706 1515 758 τὸ
1564 707 1836 775 συνειδός,

140 796 197 847 τί
231 795 448 856 τούτοις
486 790 601 846 ἔδει
641 801 825 862 φυγῆς
871 791 962 846 καὶ
1008 800 1182 846 ταῦτα
1219 792 1440 846 Κέλσου
1487 801 1587 846 τοῦ
1631 811 1836 848 παντα-

140 890 240 953 χοῦ
278 883 498 936 δικαίου
530 882 635 934 κάν
665 891 780 944 τοῖς
811 883 1092 951 πράγμασι
1123 882 1340 945 τούτοις
1370 883 1631 936 τοιούτου
1662 901 1837 952 πεφη-

138 974 319 1036 νότος;
374 971 619 1041 ὁρμήσας
664 972 768 1040 γὰρ
821 969 909 1023 ε’πὶ
956 972 1056 1039 τὴν
1102 973 1371 1040 τιμωρίαν
1419 971 1521 1040 οὐχ
1570 971 1717 1034 ὅπως
1763 973 1836 1036 ὡς

138 1063 431 1123 πλείστους
467 1060 804 1113 ἀποκτείνειε
835 1068 948 1112 τῶν
977 1060 1108 1129 τῇδε
1140 1059 1475 1129 ἀνθρώπων,
1514 1058 1834 1130 ἐσκόπησεν,
1859 1082 1903 1114 10

139 1148 254 1202 ἀλλ’
288 1149 435 1212 ὅπως
475 1150 525 1202 οἱ
568 1150 729 1217 δίκην
768 1150 942 1211 ὅντως
981 1147 1298 1217 ὀφείλοντες
1345 1143 1502 1202 οὗτοι
1540 1150 1703 1217 μόνοι
1742 1148 1834 1203 καὶ

139 1240 325 1292 δῶσιν.
406 1239 489 1291 11.
544 1237 714 1302 ἔδειξε
760 1238 864 1308 γὰρ
905 1245 1022 1300 τοῖς
1066 1246 1179 1290 τῶν
1225 1241 1422 1307 φυλῶν
1468 1236 1833 1307 ἐπιμεληταῖς,

138 1328 211 1390 ὡς
249 1325 311 1381 ἐν
349 1336 468 1390 ταῖς
508 1328 905 1396 συκοφαντίαις
943 1326 1100 1379 αὐτοὶ
1143 1330 1354 1393 μᾶλλον
1392 1326 1425 1395 ἢ
1466 1326 1564 1390 οὓς
1604 1328 1676 1390 ὡς
1714 1328 1834 1397 ἠδι-

137 1418 369 1485 κηκότας
398 1417 845 1484 παραδώσουσιν,
878 1415 1231 1469 ἀπολοῦνται.
1295 1417 1392 1468 καί
1418 1435 1566 1478 τινες
1596 1417 1692 1479 τὰς
1722 1426 1834 1470 τῶν
1858 1439 1901 1470 14

142 1505 145 1568 Ι
190 1506 373 1559 αὑτῶν
418 1506 659 1575 πλευρὰς
704 1503 927 1558 ἐπεῖδον
972 1503 1308 1571 τεμνομένας
1354 1503 1441 1557 ἐπὶ
1488 1506 1673 1558 τοιαύ-
1711 1518 1751 1561 R
1775 1518 1922 1563 11299

136 1614 255 1658 ταις
293 1594 559 1658 ὑποψίαις
598 1594 658 1647 οἵ
686 1592 731 1646 τ’
764 1595 986 1656 εἰκότως
1034 1594 1131 1655 τὰς
1170 1595 1347 1656 αἰτίας
1398 1595 1661 1661 λαβόντες
1699 1596 1832 1661 μετὰ

135 1692 230 1753 τῆς
269 1682 497 1753 ἐσχάτης
527 1682 809 1754 ἀκριβείας
841 1682 1063 1745 ἁλόντες
1094 1684 1488 1752 παρεδόθησαν
1526 1689 1601 1755 τῷ
1635 1684 1831 1757 δημίῳ.

136 1772 344 1825 οὐκοῦν
389 1771 480 1825 καὶ
530 1781 595 1843 τῇ
641 1780 742 1826 τοῦ
794 1772 1057 1824 δικαστοῦ
1098 1772 1424 1842 δικαιοσύνῃ
1476 1773 1653 1841 φόβος
1691 1773 1832 1836 ἅπας

138 1861 326 1922 ἄδικος
364 1858 624 1932 ἀνῄρητο.

251 1949 334 2000 12.
385 1951 594 2018 Λόγος
633 1950 752 2018 γὰρ
802 1948 1118 2017 ἐγεγόνει,
1158 1952 1323 2018 φήσει
1362 1968 1461 2018 τις,
1508 1947 1828 2020 ἐπιχυθή-
1852 1970 1899 2002 20

135 2042 370 2090 σεσθαι
412 2039 809 2107 στρατιώτας
856 2038 1091 2106 δόρασι
1138 2038 1243 2091 καὶ
1283 2036 1502 2107 ξίφεσι
1548 2039 1616 2091 τὸ
1656 2037 1828 2092 ἐνοι-

134 2134 295 2180 κοῦν
342 2126 814 2190 ἀναλώσοντας.
890 2127 1041 2180 τουτὶ
1082 2122 1143 2180 δὲ
1185 2125 1245 2180 ἐν
1284 2126 1573 2196 ἁμαρτίαις
1613 2129 1828 2182 πόλεων

135 2215 319 2279 οὐδεὶς
359 2210 476 2268 οἶδε
513 2217 730 2269 πώποτε
768 2215 1150 2285 γεγενημένον.
1227 2214 1318 2268 καὶ
1356 2216 1461 2285 γὰρ
1495 2214 1565 2268 ἀν
1596 2212 1666 2283 ἦν
1705 2217 1827 2270 ἄτο-

256 2359 278 2397 7
314 2354 370 2397 cf.
403 2369 447 2411 p.
474 2359 576 2410 409,
595 2359 646 2398 17
773 2358 826 2397 12
862 2354 918 2398 cf.
944 2369 988 2410 p.
1008 2359 1108 2409 525,
1125 2359 1179 2397 10

254 2484 279 2522 2
327 2479 614 2539 ἐπεχώρησεν
645 2481 779 2538 Bong
821 2483 827 2536 Ι
872 2479 1038 2524 ἑαυτοῦ
1065 2482 1126 2524 Μ
1303 2484 1328 2523 3
1372 2479 1489 2524 πολύ
1521 2481 1567 2523 Ρ
1596 2479 1677 2523 sed
1707 2495 1743 2523 π
1774 2479 1824 2523 in

132 2553 208 2583 ras
232 2538 303 2582 m²
443 2544 471 2582 4
503 2539 612 2585 οὐδὲ
644 2537 727 2596 μία
757 2540 868 2583 ΑΜ
1009 2544 1035 2582 5
1066 2546 1158 2583 τῶν
1187 2540 1248 2595 (1)
1283 2553 1357 2582 om
1382 2539 1417 2581 I
1554 2542 1579 2581 9
1612 2538 1692 2598 ὡς]
1715 2539 1828 2590 τοὺς

133 2598 268 2655 Bong
358 2597 640 2643 ἀποκτενεῖἳ
823 2603 875 2641 11
912 2597 1056 2649 ὄντως
1086 2612 1162 2642 om
1188 2600 1249 2642 M
1302 2601 1308 2654 Ι
1358 2597 1438 2641 καὶ
1462 2595 1598 2654 μόνοι
1630 2597 1764 2655 Bong

137 2662 190 2706 12
224 2658 491 2701 δώσουσινὶ>
625 2661 678 2701 13
711 2657 775 2709 ὡς
802 2671 877 2701 om
899 2658 968 2730 „M
1092 2662 1147 2701 14
1178 2657 1261 2707 τὰς
1290 2663 1381 2701 τῶν
1414 2655 1578 2713 scripsi
1653 2663 1744 2701 τῶν
1775 2658 1822 2701 Α

134 2761 216 2805 sed
247 2760 330 2811 τὰς
359 2759 410 2803 in
432 2773 566 2818 marg
588 2759 673 2814 ω’,
705 2762 784 2805 ΡΙ
858 2732 949 2804 τιέξ)
977 2761 1016 2806 C
1093 2760 1176 2812 τὰς
1201 2761 1313 2804 MV
1337 2759 1429 2803 edd
1579 2764 1633 2803 15
1666 2760 1823 2803 αὐτῶν

133 2821 225 2864 ΙΜ
234 2821 277 2864 V
331 2834 442 2862 num
475 2819 628 2863 αὐτῶν
661 2819 956 2878 <οἰκετῶν>ἳ
1105 2823 1159 2862 16
1186 2817 1237 2862 οἴ
1254 2816 1295 2862 τ’
1324 2818 1512 2875 reposui
1537 2832 1593 2862 ex
1615 2818 1776 2863 ACPI
1783 2818 1827 2861 V

193 2878 238 2922 οἱ
262 2877 310 2922 δ’
332 2880 394 2923 Μ
414 2878 506 2922 edd
629 2883 681 2922 17
715 2877 844 2937 δήμῳ
868 2880 970 2924 AV
993 2878 1074 2922 sed
1107 2878 1245 2921 ambo
1277 2877 1326 2920 in
1357 2890 1493 2935 marg
1523 2894 1579 2935 γρ
1605 2875 1766 2934 δημίῳ,
1792 2879 1828 2920 Ι

194 2942 250 2981 20
283 2936 420 2994 φήσει
452 2951 526 2981 om
553 2939 608 2983 M
731 2942 785 2981 21
817 2938 869 2982 τὸ
895 2938 940 2980 Ρ
967 2937 1048 2981 sed
1081 2937 1105 2981 ὸ
1137 2937 1187 2979 in
1216 2949 1291 2980 ras
1316 2936 1385 2979 m²
1506 2941 1562 2980 23
1595 2932 1691 2981 εἶδε
1718 2937 1778 2980 Μ

1465 3008 1551 3054 32·
