2060 3162
200 122 310 175 454
733 121 960 165 LIBANII
992 121 1217 166 ORATIO
1249 121 1355 164 XXI

198 257 529 325 ἐπειγόντων
561 259 884 325 συγγίνεταί
913 277 1007 324 μοι
1037 258 1557 327 παρακαθισάμενος
1588 257 1888 326 ἁπτόμενός

195 366 254 399 τε
292 354 391 399 τοῦ
431 353 644 417 καρποῦ
692 344 782 398 καὶ
822 351 1060 415 θαρρεῖν
1099 345 1160 399 ἐν
1197 352 1273 418 τῷ
1314 354 1477 399 τοῦτο
1524 354 1707 399 ποιεῖν
1752 364 1887 415 παρ-

197 435 354 504 έχων,
403 436 475 497 ὡς
514 435 698 497 οὐδεὶς
747 443 861 487 τῶν
900 433 960 487 ἐν
1000 436 1222 501 δεσμοῖς
1260 444 1505 505 στεροῖτο
1551 443 1660 503 τῆς
1692 443 1888 504 ψυχῆς,

197 524 225 577 ὃ
268 525 334 593 δὴ
373 522 464 576 καὶ
511 523 644 592 ἡμῖν
690 522 910 593 ἀπέχρη.
989 524 1179 576 δεινὸν
1225 520 1286 576 δὲ
1325 521 1493 577 οὐδὲν
1537 533 1650 576 τῶν
1688 525 1888 593 ἄλλων,

153 635 171 666 5
197 613 263 666 οὐ
314 614 375 666 τὸ
425 620 521 681 τῆς
567 614 770 674 οἰκείας
818 611 1083 681 ἐκπεσεῖν,
1138 613 1206 665 οὐ
1253 613 1313 664 τὸ
1366 621 1479 665 τῶν
1533 614 1730 681 ὄντων,
1784 613 1887 666 οὐκ

196 702 363 764 αὐτὸς
393 701 421 754 ὁ
457 701 656 769 δεσμὸς
696 699 816 753 οὐδ’
848 702 927 763 εἰς
966 709 1134 771 γῆρας
1165 701 1255 753 καὶ
1287 702 1548 769 τελευτὴν
1579 701 1889 770 αὐτόματον

194 792 421 860 προϊών.
500 790 547 841 9.
609 793 833 843 πολλῶν
888 789 952 843 δέ
1002 810 1095 856 μοι
1158 789 1403 860 ῥεόντων
1464 791 1723 861 δακρύων
1786 790 1887 843 οὐκ

196 879 355 947 ὀλίγα
395 887 490 947 τῆς
528 881 812 946 βελτίονος
850 874 922 946 ἦν
953 877 1188 941 ἐλπίδος.
1261 877 1450 947 ἐπῄνει
1487 898 1546 931 τε
1578 880 1687 946 ἅμα
1716 886 1888 932 ταῦτα

194 969 284 1021 καὶ
323 970 643 1038 προσετίθει
680 969 747 1020 τὰ
787 966 1011 1036 ἑαυτοῦ,
1061 968 1126 1020 οὐ
1174 968 1235 1020 τὸ
1276 975 1470 1037 γῆρας,
1521 966 1642 1035 ἐμοὶ
1683 969 1886 1036 δοκεῖν,

132 1080 173 1111 ιο
195 1058 365 1128 ταύτῃ
411 1066 601 1124 τιμῶν,
655 1059 897 1119 πολλοὺς
943 1058 1047 1126 γὰρ
1096 1055 1167 1110 ἂν
1205 1055 1361 1124 ἐτίμα
1406 1057 1513 1125 πρὸ
1555 1055 1707 1124 ἐμοῦ,
1759 1055 1879 1110 οὐδ’

195 1142 264 1199 αὗ
298 1145 600 1208 ἀποδιδοὺς
632 1144 693 1208 ἃς
725 1146 925 1214 ὤφειλε
957 1146 1197 1215 χάριτας,
1242 1145 1308 1197 οὐ
1350 1146 1453 1215 γὰρ
1487 1146 1725 1214 ὤφειλεν
1761 1143 1879 1198 οὐδ’

193 1231 264 1302 ἦν
303 1235 331 1287 ὅ
371 1254 423 1287 τι
470 1236 925 1303 προεισενήνεκτο
976 1233 1103 1304 παρ’
1135 1234 1289 1302 ἐμοῦ,
1341 1233 1481 1302 ἀλλ’,
1534 1230 1709 1300 οἶμαι,
1765 1232 1886 1302 βέλ-

194 1338 378 1386 τιστος
433 1324 511 1376 ὢν
564 1321 654 1376 καὶ
715 1324 781 1376 τά
835 1325 973 1376 καλὰ
1026 1320 1128 1390 μὲν
1182 1322 1350 1386 ἀξιῶν
1413 1324 1714 1389 αἰδεῖσθαι,
1777 1332 1889 1374 τῶν

128 1435 171 1467 14
193 1417 378 1465 καλῶν
429 1411 475 1464 δ’
509 1413 815 1480 ἡγούμενος
864 1415 995 1474 τοὺς
1041 1414 1241 1480 λόγους
1293 1411 1540 1480 ἀνεπήδα
1585 1430 1643 1464 τε
1691 1430 1884 1480 φαινο-

104 1514 252 1558 R684
291 1500 463 1570 μένου
503 1500 594 1554 καὶ
633 1510 747 1563 τοῖς
787 1502 975 1563 ἄλλοις
1020 1501 1025 1570 Ι
1074 1501 1280 1553 ἅπασιν
1320 1499 1535 1568 ἐκόσμει
1574 1498 1664 1552 καὶ
1706 1498 1777 1552 δι’
1809 1495 1887 1552 ὧν

192 1590 360 1652 αὐτός
404 1609 462 1642 τε
515 1587 707 1659 ἔσομαι
759 1589 910 1660 ῥᾴων
959 1590 1050 1642 καὶ
1097 1591 1308 1657 ποιήσω
1364 1591 1495 1651 τοὺς
1542 1589 1886 1656 δεδεμένους,

191 1687 428 1748 παρεῖχε.
510 1679 592 1731 10.
633 1677 760 1746 παρ’
793 1678 891 1740 οὓς
923 1677 1107 1752 ἐλθὼν
1140 1677 1245 1745 ἐγὼ
1283 1675 1410 1748 παρ’
1444 1678 1616 1730 αὐτοῦ
1648 1679 1887 1744 καταβὰς

193 1767 552 1837 ἀπειρηκότας
600 1766 690 1820 καὶ
730 1766 1016 1836 κειμένους
1056 1766 1316 1835 ἀφώνους
1356 1773 1700 1829 σκοποῦντας
1740 1767 1886 1828 ὅπως

194 1856 263 1909 ἂν
303 1856 503 1918 αὑτοὺς
544 1855 917 1923 ἀπενέγκαιεν,
965 1853 1130 1924 ἔσχον
1175 1874 1232 1907 τε
1280 1855 1370 1907 καὶ
1408 1855 1887 1924 παρεμυθησάμην

313 2007 338 2045 3
370 2002 491 2045 Plat.
517 2002 626 2058 Leg.
652 2001 715 2044 IX
747 2017 791 2057 p.
812 2006 896 2044 873
915 2001 951 2043 E

318 2139 369 2177 19
406 2134 558 2192 ἔσχον]
584 2134 691 2178 ἀντὶ
721 2141 804 2177 τοῦ
830 2132 1042 2191 ἐπέσχον·
1078 2134 1158 2176 καὶ
1181 2129 1469 2188 Ἀριστείδης·
1506 2131 1640 2189 ἔσχον
1671 2132 1755 2188 τὴν
1786 2138 1886 2175 πεῖ-

193 2210 281 2249 ραν
311 2191 569 2249 Ἀθηναίων
602 2193 846 2249 στρατηγοὶ
880 2192 964 2235 δύο
995 2194 1067 2248 (=
1093 2191 1292 2235 Panath.
1318 2193 1350 2234 t.
1369 2191 1390 2234 I
1414 2195 1515 2245 291,
1536 2196 1588 2234 15
1607 2190 1665 2246 D)
1700 2189 1767 2234 V2

311 2339 336 2376 2
371 2333 446 2378 ἐπὶ
480 2334 548 2377 Va
729 2339 754 2376 5
789 2329 964 2383 οἰκείας
994 2333 1029 2374 Ι
1053 2331 1121 2375 Re
1198 2329 1350 2382 οἰκίας
1380 2330 1551 2386 reliqui
1582 2330 1693 2373 libri
1723 2330 1826 2374 Mor

196 2398 222 2435 6
255 2390 515 2448 αὐτόματος
541 2393 578 2437 C
697 2396 719 2434 7
753 2391 932 2445 προιὼν
957 2392 1003 2434 Β
1035 2391 1117 2433 sed
1142 2406 1165 2434 ο
1200 2403 1340 2446 supra
1365 2391 1399 2433 ὼ
1425 2403 1508 2446 pos
1533 2389 1603 2432 m²
1631 2392 1636 2445 Ι
1665 2390 1883 2445 δακρύων

194 2449 395 2507 ῥεόντων
421 2453 531 2495 ΒΜ
664 2456 690 2494 8
721 2466 769 2494 τε
801 2450 962 2509 (γὰρ)
996 2449 1090 2506 ἅμα
1124 2449 1228 2492 coni
1252 2450 1320 2493 Re
1465 2453 1489 2492 9
1521 2446 1779 2504 προσετέθη
1815 2450 1883 2493 Va

198 2511 202 2569 Ι
239 2511 397 2554 δοκεῖν
429 2510 530 2553 Mor
592 2513 724 2555 δοκεῖ
751 2509 861 2552 libri
1014 2513 1067 2551 10
1101 2509 1297 2559 πολλοὺς
1322 2509 1363 2550 V
1391 2509 1473 2552 sed
1498 2525 1520 2558 ς
1544 2508 1638 2551 add
1661 2507 1732 2550 m2
1763 2521 1883 2562 quae

194 2569 339 2612 etiam
370 2570 419 2612 in
442 2583 576 2625 marg
607 2587 660 2626 γρ
686 2569 880 2617 πολλοὺς
913 2567 1099 2623 scripsit
1127 2568 1132 2626 Ι
1160 2567 1243 2623 μὲν
1274 2567 1363 2624 γὰρ
1388 2567 1490 2610 Mor
1624 2572 1675 2610 11
1718 2564 1797 2624 αὖ]
1823 2561 1882 2622 ἦν

194 2628 295 2671 Mor
418 2634 469 2671 12
505 2627 527 2672 ὃ
553 2629 621 2672 Re
650 2635 655 2683 ί
683 2623 710 2683 ἧ
736 2630 796 2685 μη
823 2628 897 2670 La
1020 2631 1072 2669 13
1106 2627 1349 2671 αἰδεῖσθαι
1380 2628 1426 2671 Ρ
1454 2627 1536 2669 sed.
1568 2629 1597 2670 ὃ
1627 2626 1676 2668 in
1706 2638 1782 2668 ras
1813 2625 1884 2667 m2

256 2691 310 2729 14
342 2687 393 2730 δὲ
425 2687 682 2743 ἡγούμενος
713 2687 781 2730 Re
850 2685 1154 2742 διηγούμενος
1179 2688 1263 2730 Mo
1287 2686 1388 2729 Mor
1416 2686 1421 2743 Ι
1450 2686 1635 2740 „malim
1666 2685 1746 2727 καὶ
1774 2685 1883 2735 τοὺς

195 2744 386 2802 λόγους“
403 2746 471 2788 Re
500 2748 505 2801 Ι
535 2744 824 2802 φαινομένου
849 2748 965 2801 μουῗ
999 2743 1055 2788 cf.
1074 2747 1231 2788 ‘namen
1255 2749 1450 2800 p.91‚12
1558 2748 1611 2786 17
1638 2743 1778 2788 ἐλθὸν
1798 2745 1881 2787 Mo

198 2806 202 2863 Ι
239 2803 555 2861 καταγόμενον
590 2807 673 2848 Mo
706 2805 788 2848 sed.
818 2803 1026 2860 καταβὰς
1055 2803 1105 2846 in
1136 2817 1270 2860 marg
1408 2807 1461 2846 18
1493 2800 1731 2858 κειμένους
1758 2801 1879 2845 κάτω

196 2864 350 2907 LaVa
532 2868 584 2906 19
630 2864 800 2914 αὐτοὺς
824 2864 869 2906 Ρ
898 2862 978 2905 sed
1010 2862 1058 2904 in
1091 2863 1261 2912 αὐτοὺς
1292 2876 1393 2905 corr
1415 2861 1497 2915 m⁸‚
1533 2861 1802 2905 MoBMLa
1814 2862 1881 2904 Va

255 2919 424 2978 α’ὖτοὺς
458 2931 526 2973 VJ
