2060 3162
705 104 932 154 LIBANH
962 107 1186 154 ORATIO
1218 109 1367 155 XVIII
1747 109 1855 163 295

175 265 382 316 νοιντο,
429 245 545 300 ἀλλ’
575 246 669 299 ἵνα
713 247 774 298 τὸ
824 246 897 315 μὴ
946 253 1110 299 τοῦτο
1162 251 1369 299 παθεῖν
1420 247 1689 316 πρίαιντο.
1766 246 1857 298 καὶ

176 337 358 400 οὐδεὶς
407 333 476 405 ἦν
527 333 627 399 ἔξω
678 337 873 404 βελῶν,
922 335 989 388 οὐ
1039 336 1289 403 πολίτης,
1345 335 1413 388 οὐ
1461 333 1734 403 μέτοικος,
1789 333 1856 387 οὐ

176 424 351 493 ξένος,
398 423 514 477 ἀλλ’
546 425 575 478 ὁ
614 421 717 493 μὲν
756 420 925 477 οὐδὲν
963 423 1172 477 ἀδικῶν
1210 424 1300 476 καὶ
1340 424 1859 493 συκοφαντούμενος

176 514 462 567 ἀπώλλυτο
502 513 574 581 μὴ
616 513 825 581 διδούς,
864 512 893 566 ὁ
928 509 988 565 δὲ
1027 513 1116 565 καὶ
1157 513 1377 583 σφόδρα
1414 514 1858 582 πονηρευόμενος

174 601 495 673 προϊέμενος
542 600 780 666 ἐσώζετο.
860 601 980 654 137.
1036 602 1064 655 ὁ
1111 600 1364 670 μέγιστος
1411 598 1471 654 δὲ
1515 611 1626 655 τῶν
1672 603 1858 672 πόρων
1905 622 1924 654 5

176 689 320 744 ἑλεῖν
357 709 410 743 τι
447 691 802 761 κακούργημα
833 690 957 761 περὶ
989 690 1092 759 τὴν
1122 692 1429 758 βασιλείαν·
1469 688 1591 743 ἀντὶ
1623 692 1727 761 γὰρ
1758 698 1858 744 τοῦ

174 779 519 849 παραδοῦναι
563 787 628 849 τῇ
674 788 786 832 τῶν
833 778 1213 845 ἀδικουμένων
1259 778 1396 849 ὀργῇ
1448 779 1548 832 τὸν
1595 778 1797 832 ἁλόντα
1849 777 1855 850 Ι

175 867 297 920 ἀντὶ
347 877 459 921 τῶν
507 869 1084 921 καταπεπιστευκότων
1132 875 1249 930 τοῖς
1302 865 1762 935 ἐπιβουλεύουσιν
1799 880 1842 924 R
1863 884 1948 924 568

172 955 262 1010 ἐπὶ
307 963 383 1028 τῷ
432 959 623 1024 λαβεῖν
673 955 968 1026 ἐβοήθουν.
1049 955 1168 1009 138.
1224 958 1304 1009 ἔτι
1352 959 1549 1009 τοίνυν
1598 964 1714 1019 τοῖς
1759 953 1861 1025 μὲν

173 1052 567 1116 σωφρονοῦσιν
603 1046 747 1115 ὥρας
778 1043 1174 1113 ἐπιπέμποντες
1205 1043 1348 1097 νέων
1377 1046 1468 1098 καὶ
1500 1044 1861 1108 καθισταντες
1884 1067 1928 1100 10

175 1135 255 1197 εἰς
293 1133 514 1198 ἀδοξίας
553 1135 750 1204 φόβον,
788 1135 920 1196 τοὺς
955 1130 1020 1187 ’δὲ
1058 1143 1169 1187 τῶν
1207 1136 1423 1203 γοήτων
1454 1132 1711 1203 ἐλέγχους
1748 1141 1863 1196 τοῖς

172 1225 363 1293 πόρρω
408 1231 503 1292 τῆς
542 1224 719 1286 αἰτίας
756 1223 1167 1293 προσάπτοντες
1210 1224 1311 1276 δύο
1351 1224 1552 1286 ταύτας
1587 1222 1862 1293 ὑπερβαλ-

176 1312 380 1374 λούσας
417 1310 758 1381 ἐκαρποῦντο
797 1312 1132 1382 προσόδους,
1171 1315 1384 1380 ’μᾶλλον
1423 1308 1485 1364 δὲ
1523 1314 1715 1382 τρίτην
1754 1309 1861 1364 ἑτέ-

176 1420 281 1469 ραν
331 1399 635 1469 ἁδροτέραν
685 1400 908 1470 ἀμφοῖν.
986 1401 1235 1463 διδόντες
1285 1401 1389 1470 γὰρ
1441 1399 1696 1464 ἐξουσίαν
1747 1407 1862 1462 τοῖς

174 1489 237 1541 τὸ
277 1490 518 1557 νόμισμα
556 1489 911 1559 διαφθείρειν
948 1491 1226 1557 τολμῶσιν
1277 1488 1381 1541 ἀπὸ
1421 1497 1534 1542 τῶν
1579 1490 1862 1557 σπηλαίων
1885 1467 1928 1543 1⁷5

176 1576 238 1630 ἐν
278 1570 361 1639 οἷς
398 1584 569 1653 ταῦτα
607 1575 888 1646 ἐτολμᾶτο,
914 1577 1167 1646 »δόκιμον
1212 1573 1350 1647 ὑπὲρ
1396 1584 1496 1630 τοῦ
1534 1578 1860 1647 παρασήμου

178 1665 440 1735 φέροντες
471 1663 743 1735 ἐτρύφων.
823 1665 941 1718 139.
983 1665 1122 1728 ὅλως
1159 1663 1221 1718 δὲ
1255 1674 1367 1719 τῶν
1398 1665 1666 1735 ἀφορμῶν
1696 1666 1730 1734 ἡ
1760 1658 1863 1733 μὲν

178 1753 240 1806 ἐν
279 1753 480 1822 ἀφανεῖ
516 1773 575 1806 τε
613 1752 704 1807 καὶ
744 1757 936 1824 συχνή,
973 1754 1006 1823 ἡ
1048 1752 1096 1807 δ’
1130 1753 1191 1807 ἐν
1230 1760 1451 1827 φανερῷ
1483 1773 1541 1806 τε
1576 1752 1666 1806 καὶ
1707 1755 1862 1823 δήλη,

179 1850 355 1911 σχῆμα
394 1843 461 1911 δὴ
501 1845 674 1909 νόμου
716 1845 986 1911 λαβοῦσα,
1033 1844 1122 1896 καὶ
1163 1843 1230 1896 οὐ
1271 1843 1491 1913 σφόδρα
1535 1850 1631 1911 τῆς
1678 1841 1863 1913 ἑτέρας

300 1979 321 2017 1
358 1971 624 2029 ἐκπρίαιντο
650 1973 796 2018 Cobet
819 1973 986 2018 Mnem.
1012 1973 1068 2018 N.
1088 1974 1130 2018 S.
1149 1973 1190 2017 V
1210 1979 1293 2017 133
1319 1973 1449 2031 (Coll.
1472 1975 1573 2032 113)
1725 1978 1750 2017 3
1783 1974 1861 2017 οὐ·

178 2033 259 2078 δὲν
290 2033 456 2090 scripsi
488 2041 543 2076 e'x
570 2034 699 2078 IPU
765 2033 910 2090 μηδὲν
938 2034 976 2078 0
1003 2034 1084 2077 sed
1115 2034 1240 2077 inser
1262 2034 1298 2088 f,
1330 2033 1530 2078 BMoM
1556 2032 1649 2077 edd
1724 2032 1784 2089 μὴ
1826 2033 1870 2076 V

178 2094 244 2148 (et
274 2106 300 2137 ο
334 2091 416 2149 μὲν
449 2106 551 2136 corr
582 2091 698 2149 Βαῖ)
772 2107 848 2136 om
878 2093 954 2137 La
1011 2095 1016 2150 Ι
1076 2093 1154 2136 καὶ
1186 2094 1400 2148 „videtur
1430 2093 1703 2137 delendum“
1734 2092 1802 2135 Re

177 2157 205 2195 4
250 2151 522 2208 προιέμενος
558 2150 928 2208 πονηρευόμενος
950 2153 1026 2196 La
1186 2128 1231 2196 5
1278 2150 1568 2210 προιέμενος]
1609 2150 1863 2208 πριάμενος

176 2210 299 2254 Fabr
480 2215 503 2254 7
551 2209 871 2279 ἀδικουμένων
901 2212 937 2254 Ι
970 2211 1051 2255 sed
1083 2210 1134 2256 έν
1165 2211 1214 2254 in
1238 2224 1314 2254 ras
1337 2211 1422 2266 m',
1464 2224 1604 2267 supra
1634 2209 1862 2267 ἀδικημά-

177 2285 268 2313 των
303 2270 380 2324 CV,
421 2270 554 2314 BMo
599 2270 680 2326 qui
718 2270 768 2313 in
807 2283 941 2327 marg
979 2270 1124 2314 habet
1169 2269 1490 2327 ἀδικημάτων,
1536 2269 1661 2325 quod
1701 2271 1772 2313 est
1814 2270 1862 2312 in

177 2329 370 2385 reliquis
392 2328 525 2372 libris
670 2333 694 2372 9
726 2330 810 2389 τῷ]
833 2329 886 2373 τὸ
915 2330 957 2373 V
999 2334 1004 2384 Ι
1049 2330 1113 2374 ἔτι
1143 2327 1304 2373 τοίνυν
1335 2343 1410 2373 0111
1433 2332 1533 2373 Mor
1671 2334 1722 2371 11
1755 2329 1864 2378 τοὺς

178 2401 319 2491 ⁸⁰¹3?
334 2387 684 2498 '232013125’15'
708 2447 715 2505 ι
742 2387 1244 2498 ‘255¹2i'1U1-ffl525v02
1246 2387 1516 2492 suffigffuy
1517 2387 1863 2497 Ξὲῗςονῆῗδ

182 2510 234 2549 12
281 2463 616 2561 πζξσαττοντες
651 2506 728 2550 ΙΡ
766 2465 860 2550 θοᾶς
888 2462 1057 2550 inphoc
1105 2523 1131 2550 τ
1171 2507 1373 2562 primum
1422 2507 1472 2549 in
1514 2522 1549 2550 π
1600 2519 1701 2549 corr
1734 2505 1804 2548 m⁸
1853 2505 1858 2562 Ι

177 2571 324 2608 ταῦτα
356 2566 430 2609 La
480 2566 486 2622 Ι
528 2565 877 2623 ὑπερβαλούσας
908 2566 955 2609 Ρ
982 2566 1063 2610 sed
1095 2568 1118 2609 λ
1150 2566 1349 2610 alterum
1379 2565 1504 2609 inser
1534 2564 1616 2618 m³,
1657 2565 1868 2609 ULaIM

240 2628 295 2667 14
326 2622 585 2679 ἁδροτέραν
610 2625 684 2668 La
806 2629 860 2668 16
893 2624 1008 2680 ὑπὲρ
1039 2625 1089 2668 111
1112 2638 1187 2668 ras
1210 2626 1246 2668 I
1253 2625 1269 2649 ²
1390 2629 1442 2668 17
1478 2623 1690 2680 ἐτρύφων
1721 2624 1756 2666 Ι
1780 2623 1862 2668 sed

179 2682 262 2753 τρύ
286 2682 335 2725 in
358 2693 434 2726 ras
458 2682 528 2725 m’
650 2687 703 2726 18
729 2681 896 2740 νυχίαῗ
923 2685 929 2738 Ι
956 2681 1036 2739 ἥδ’
1056 2685 1259 2728 BVMP
1294 2680 1344 2767 J]
1369 2682 1413 2728 δ’
1438 2684 1522 2727 Mo
1550 2683 1555 2742 Ι
1583 2683 1687 2740 τε],
1692 2683 1862 2736 ‚malim

181 2741 285 2814 μὲνι
281 2741 384 2785 ‘Re
522 2746 575 2784 19
609 2746 757 2798 σχῆμα
788 2743 834 2785 Ρ
862 2742 944 2785 sed
975 2759 1038 2797 μα
1069 2743 1118 2785 in
1141 2755 1216 2786 ras
1241 2741 1310 2785 m²
1336 2745 1343 2799 Ι
1371 2742 1448 2817 δὴ
1462 2740 1607 2798 νόμου
1639 2741 1803 2797 scripsi

182 2796 230 2842 δ’
257 2793 316 2855 ἦν
341 2799 456 2857 ὁμοῦ
486 2800 597 2843 libri
629 2799 800 2872 (ὁμοῦ
786 2815 836 2843 111
862 2798 1022 2855 ὅμοιον
1055 2815 1156 2845 corr
1174 2803 1236 2846 Μ
1244 2801 1276 2857 ²)
1339 2801 1388 2845 δὲ
1420 2796 1478 2857 ἦν
1510 2799 1626 2858 ὁμοῦ
1650 2800 1752 2843 Mor
1782 2800 1862 2856 qui

179 2857 230 2900 in
252 2872 386 2915 marg
415 2859 611 2916 praebet
640 2876 694 2916 γρ
721 2855 767 2902 δ’
798 2858 907 2914 ἐνῆν
995 2860 1045 2904 δὲ
1078 2859 1194 2916 ὁμοῦ
1227 2860 1350 2903 Fabr
1425 2860 1476 2904 δὲ
1509 2817 1654 2915 νόμον
1678 2859 1745 2902 Re
1773 2815 1812 2916 {q
1807 2875 1861 2915 γρ

181 2917 413 2974 λαβοῦντα
444 2917 494 2960 in
517 2931 650 2974 marg
674 2918 775 2961 Mor
