2060 3162
689 178 917 223 LIBANII
949 178 1172 224 ORATIO
1205 177 1290 221 xv
1740 176 1843 229 139

154 315 280 385 περὶ
337 312 398 368 σὲ
459 316 696 384 φίλτρου
748 316 949 369 δώσειν
1004 317 1167 384 δίκην
1220 314 1509 368 κάνταῦθά
1556 333 1644 376 τις
1698 313 1847 366 ὑπω-

156 405 384 458 πτεύετο
424 401 515 456 καὶ
554 403 587 472 ἡ
620 404 891 473 σύλληψις
928 405 1190 473 ἠλπίζετο.
1251 399 1395 472 ἦσαν
1424 402 1714 456 κάνταῦθα
1752 409 1847 469 τῆς

149 502 256 563 1σῆς
308 493 525 562 φύσεως
578 490 815 561 μηνυταὶ
870 492 1227 555 διδάσκοντες
1280 490 1315 544 ἃ
1369 488 1700 560 συνῄδεσαν,
1754 488 1846 542 καὶ

153 584 301 636 πολὺ
339 581 400 635 τὸ
438 582 777 650 πειθόμενον
806 582 1152 650 κηλούμενον
1182 579 1358 651 ἔρωτι.
1435 578 1521 632 51.
1561 579 1751 648 βούλει
1782 598 1847 647 με

157 669 380 724 καλέσαι
417 670 618 723 τούτου
650 669 901 740 μάρτυρα
930 670 1029 722 τὸν
1059 669 1167 722 ὑπὸ
1201 677 1303 722 σοῦ
1335 669 1502 722 πάλαι
1533 664 1635 737 μὲν
1668 666 1848 738 στέγῃ,
1895 689 1914 721 5

151 760 288 830 μετα
332 766 504 812 ταῦτα
551 755 612 812 δὲ
658 759 961 829 γράμμασι,
1015 759 1082 811 τα
1127 763 1410 812 τελευταῖα
1457 754 1517 810 δὲ
1565 764 1671 810 νῦν
1710 757 1848 827 ἀρχῇ

154 846 534 917 τετιμημένον,
589 847 622 916 ἢ
667 847 898 916 βλάπτει
941 846 1033 900 καὶ
1080 844 1173 917 ἐμε
1220 845 1312 900 καὶ
1350 847 1450 900 τὸν
1499 846 1750 916 μάρτυρα
1786 846 1847 898 τὸ

151 933 299 990 εἶναι
338 938 562 999 πολίτας
601 937 787 1005 ἄμφι-τη
841 945 952 990 τῶν
997 956 1060 1005 γε
1106 938 1380 989 πλειόνων
1435 933 1443 1006 Ι
1499 934 1668 1004 ἡμεῖς,
1708 930 1750 987 ὦ
1791 947 1938 992 R468

156 1028 411 1094 βασιλεῦ,
451 1026 541 1078 καὶ
582 1033 891 1094 συγγενεῖς,
940 1024 1056 1079 ἀλλ’
1096 1025 1241 1094 ὅμως
1277 1027 1486 1094 μήποτε
1525 1024 1668 1077 ούτω
1707 1029 1849 1077 θαυ-

157 1114 429 1182 μάσαιμεν
466 1115 539 1183 μὴ
578 1115 832 1185 πατρίδα,
870 1115 943 1184 μὴ
982 1113 1158 1183 γένος,
1198 1112 1324 1167 ὥστ’
1360 1113 1622 1182 ἀληθείας
1660 1132 1719 1166 τε
1757 1113 1849 1165 καὶ
1876 1135 1918 1166 ιο

158 1210 264 1256 σοῦ
303 1206 642 1273 ποιήσασθαι
679 1205 931 1274 πρότερα.
1008 1202 1095 1255 52.
1149 1201 1239 1256 καὶ
1286 1205 1344 1256 τί
1387 1203 1471 1255 δεῖ
1517 1202 1642 1272 περὶ
1680 1210 1851 1255 ταῦτα

157 1293 481 1362 διατρίβειν,
533 1287 575 1365 ᾧ
619 1293 828 1363 μάρτυς
873 1291 1109 1362 ὑπάρχει
1157 1293 1505 1360 πιστότατος,
1556 1290 1624 1344 ὃν
1676 1293 1852 1360 μόνον

156 1391 267 1434 τῶν
305 1381 528 1434 πάντων
567 1382 670 1434 οὐκ
716 1380 786 1434 ἂν
833 1380 1106 1450 ἐκβάλοις,
1156 1383 1281 1434 τίνα
1327 1381 1394 1449 δὴ
1444 1379 1582 1448 λέγω
1629 1386 1851 1444 τοῦτον;

150 1470 330 1523 ἀὐτὸν
370 1469 444 1523 σε’.
521 1472 591 1523 σὺ
640 1470 745 1540 γάρ
785 1490 838 1523 τι
876 1477 940 1539 τῇ
981 1471 1137 1522 πόλει
1174 1466 1366 1541 πρῴην
1411 1469 1548 1538 πρὸς
1593 1464 1685 1537 ἐμὲ
1722 1487 1852 1535 μεμ-

158 1559 419 1626 φόμενος,
452 1557 572 1626 ἐγὼ
608 1557 700 1627 δέ,
732 1555 885 1627 ἔφης,
918 1557 1120 1625 αὐτὴν
1151 1557 1552 1625 διενοούμην
1583 1564 1851 1625 ποιῆσαι
1877 1578 1918 1610 15

158 1648 590 1715 μαρμαρίνην.
669 1646 813 1699 οὕτω
869 1646 973 1715 γὰρ
1029 1639 1175 1708 εἶπες
1227 1651 1303 1718 τῷ
1352 1645 1564 1715 ῥήματι.
1642 1645 1852 1698 οὐκοῦν

159 1733 367 1802 άφίκου
423 1738 618 1802 φιλῶν.
703 1735 750 1787 εἰ
805 1734 867 1787 δὲ
920 1732 1152 1803 ἐφίλεις,
1207 1731 1437 1803 ἐπῄνεις.
1521 1731 1736 1803 ἐπῄνεις
1791 1730 1852 1786 δὲ

163 1822 266 1875 οὐκ
321 1821 547 1892 ἐχθράν,
610 1821 726 1875 ἀλλ’
766 1822 1126 1892 ἀμειβόμενος
1183 1825 1439 1893 φίλτρον·
1501 1822 1568 1875 οὐ
1632 1822 1736 1892 γάρ
1792 1835 1852 1875 σε

160 1909 437 1964 ἐλάνθανε
489 1912 555 1964 τὰ
608 1919 705 1980 τῆς
758 1909 896 1983 ἑῴας
949 1909 1038 1964 ἐπὶ
1091 1919 1187 1980 τῆς
1241 1910 1472 1981 ἑσπέρας
1531 1913 1853 1980 καθήμενον

161 1999 297 2053 οὐδὲ
329 2002 411 2063 τίς
440 2000 542 2069 μὲν
573 2001 755 2069 ἠγάπα
785 2001 852 2053 τὰ
884 2003 1066 2071 χείρω,
1103 2001 1186 2063 τίς
1226 1996 1287 2053 δὲ
1320 1998 1513 2054 ἐπόθει
1543 2001 1610 2053 τὰ
1640 2001 1850 2067 βελτίω.
1877 2021 1920 2054 20

163 2087 193 2141 ὃ
233 2091 430 2141 τοίνυν
468 2097 532 2159 τῇ
573 2091 728 2142 πόλει
767 2089 1163 2159 παρεσκεύαζες
1200 2088 1415 2158 κάλλος,
1454 2090 1747 2158 τεκμήριον
1784 2084 1855 2156 ἦν

281 2254 306 2292 5
340 2248 523 2292 Celsum
555 2247 612 2293 cf.
639 2262 709 2306 ep.
738 2253 822 2292 628
856 2248 1053 2306 (Sievers
1085 2264 1130 2306 p.
1158 2249 1232 2305 90)
1355 2253 1408 2292 17
1440 2248 1523 2292 Iul.
1550 2247 1651 2292 Mis.
1680 2253 1765 2292 366
1783 2247 1822 2291 D

282 2400 307 2439 3
341 2395 371 2439 ἃ
397 2410 482 2441 συν
486 2395 708 2465 ῄδεσαν],
714 2397 906 2449 ‚videtur
930 2410 1003 2440 σοι
1019 2397 1424 2453 interponendum“
1450 2396 1518 2440 Re
1580 2394 1853 2440 συνείδεσαν

168 2455 244 2500 UI
270 2455 362 2499 sed
382 2456 431 2499 in
462 2442 550 2499 h⁶oc
582 2471 622 2499 ει
653 2455 703 2499 in
735 2473 763 2512 η
796 2469 898 2499 corr
920 2455 990 2499 m³
1110 2460 1136 2499 6
1169 2462 1430 2513 μεταταῦτα
1471 2455 1650 2500 VIBM
1679 2455 1686 2514 Ι
1712 2455 1770 2499 τὰ
1802 2455 1853 2499 δὲ

159 2517 399 2558 τελευταῖα
430 2515 473 2558 V
505 2517 510 2571 Ι
546 2521 633 2558 νῦν
665 2528 741 2558 om
776 2516 821 2559 U
850 2517 856 2571 Ι
891 2515 1009 2573 ἀρχῇ
1042 2514 1208 2571 scripsi
1240 2516 1428 2559 auctore
1458 2514 1527 2557 Re
1611 2513 1712 2569 ἄρει
1743 2513 1854 2558 libri

162 2573 255 2617 edd
408 2578 462 2617 15
496 2573 585 2630 ἔφη
589 2587 615 2616 σ
641 2574 677 2618 Ο
706 2573 789 2616 sed
820 2591 846 2619 ν
879 2586 1020 2630 supra
1052 2587 1078 2617 6
1107 2588 1130 2618 s
1207 2573 1326 2630 ἔφην
1358 2573 1470 2617 Ferr
1493 2572 1595 2617 Mor
1626 2572 1707 2628 qui
1739 2573 1855 2630 ἔφης

161 2632 269 2675 coni
390 2636 444 2675 16
478 2648 623 2701 ουτως
648 2632 784 2677 ΟΑῘ]
809 2632 900 2676 edd
927 2633 934 2690 Ι
963 2632 1050 2689 ἔφη
1055 2650 1078 2683 ς
1108 2633 1152 2678 U
1157 2633 1231 2676 VI
1230 2590 1374 2676 ‹psed
1361 2647 1410 2675 1n
1433 2632 1522 2676 hoc
1552 2631 1603 2675 in
1624 2644 1700 2675 ras
1725 2631 1795 2675 m²

166 2695 219 2734 17
245 2690 430 2750 ἐπῄνεις
453 2691 580 2747 prius
604 2691 730 2735 inser
748 2691 806 2734 0⁸
808 2690 873 2734 ΡΒ
934 2705 1007 2735 om
986 2649 1146 2736 φηΑΜ
1167 2693 1174 2749 Ι
1202 2688 1246 2737 δ’
1275 2691 1344 2735 Re
1460 2692 1534 2735 18·
1541 2691 1719 2750 ἔχθραν
1743 2691 1855 2735 Fert

162 2749 266 2793 Mor
296 2737 344 2794 et
374 2763 431 2793 ex
455 2749 632 2807 ἐχθρὰν
657 2763 759 2794 corr
780 2749 850 2792 m²
874 2749 1007 2794 Laur.
1035 2755 1105 2806 57,
1123 2754 1179 2793 20
1242 2749 1392 2811 ἔχθρᾳ
1422 2750 1500 2794 Re
1518 2750 1524 2807 Ι
1552 2748 1855 2808 ἀμειβόμενος

168 2808 334 2865 scripsi
364 2822 389 2852 e
423 2809 544 2852 VBI
568 2809 651 2852 sed
680 2808 731 2851 in
761 2808 850 2852 hoc
874 2810 945 2882 ειβ
975 2822 1031 2853 ex
1061 2826 1120 2854 υν
1152 2822 1255 2853 corr
1276 2808 1346 2852 m²
1468 2807 1719 2865 μόμενος
1749 2823 1853 2852 cum

163 2879 240 2910 ras
272 2872 297 2911 2
329 2867 409 2911 litt
438 2869 562 2941 post
577 2884 608 2923 μ
654 2868 699 2912 U
750 2865 1040 2924 ἀμυνόμενος
1076 2867 1247 2924 reliqui
1277 2867 1387 2911 libri
1411 2867 1502 2910 edd
1625 2871 1678 2910 19
1710 2880 1854 2923 pune-

165 2926 265 2968 tum
295 2927 402 2982 posia
431 2924 703 2981 καθήμενον
736 2925 886 2969 delevi
1066 2930 1122 2970 20
1170 2925 1337 2971 ἐπόθει
1369 2926 1534 2982 scripsi
1567 2927 1754 2970 auctore
1786 2925 1854 2968 Re

163 2983 304 3027 Anim
365 2982 514 3029 ἐποίει
543 2984 653 3028 libri
686 2984 778 3028 edd
