2060 3162
257 121 364 174 448
791 119 1018 164 LIBANII
1049 119 1272 165 ORATIO
1303 121 1408 164 XXI

259 263 471 322 scatent,
517 264 685 308 tamen
732 260 793 307 ab
841 263 1086 322 apparatu
1132 262 1304 309 critico
1352 260 1604 309 excludere
1650 261 1809 322 nolui,
1858 262 1939 310 vel

257 338 316 383 ut
355 338 628 397 appareret,
669 350 818 396 quam
856 336 952 382 cito
985 335 1227 383 maximae
1259 335 1565 397 corruptelae
1601 336 1793 383 textum
1831 352 1938 384 ora-

256 411 408 457 tionis
447 425 477 456 a
517 404 759 470 ‘corpore’
797 407 997 456 Libanii
1035 410 1284 456 seiunctae
1323 410 1607 457 invaserint.

367 483 756 531 Necessitudinis
787 482 1039 530 vinculum
1079 499 1174 544 quo
1213 483 1265 530 hi
1305 482 1493 532 codices
1533 485 1783 531 coniuncti
1821 486 1938 532 sunt

255 557 347 605 hoc
384 557 478 605 tibi
518 559 632 604 ante
672 557 839 605 oculos
877 559 1028 619 ponet
1067 559 1286 604 stemma.

363 1853 545 1902 Multos
585 1855 717 1903 locos
758 1855 843 1903 sed
881 1856 982 1903 fere
1014 1857 1157 1918 parvi
1190 1856 1401 1904 ambitus
1442 1858 1719 1904 citaverunt
1749 1856 1931 1903 Maxi-

253 1942 377 1975 mus
416 1921 764 1995 Planudesl)
806 1931 856 1977 et
894 1930 1188 1978 Macarius
1229 1929 1744 1992 Chrysocephalus
1763 1923 1820 1995 2).

365 1999 538 2050 Oratio
583 2002 797 2064 primum
851 2003 983 2051 edita
1033 2006 1108 2051 est
1153 2020 1182 2051 a
1223 2004 1472 2052 Morello
1525 2003 1631 2051 Lib.
1665 2020 1774 2065 opp.
1814 2005 1850 2050 t.
1881 2002 1932 2049 II

252 2091 299 2136 p.
329 2075 617 2123 515—524
658 2091 744 2137 „em
778 2076 892 2125 God.
916 2078 1054 2124 Rom.
1088 2081 1131 2125 et
1161 2078 1346 2125 Bavar.
1371 2076 1561 2138 mnssf‘,
1599 2080 1657 2124 ut
1687 2078 1739 2123 in
1770 2077 1930 2123 indice

253 2149 521 2209 praemisso
553 2150 748 2212 legitur.
827 2149 1046 2206 Quorum
1077 2150 1316 2199 secundus
1349 2154 1422 2199 est
1452 2151 1602 2198 codex
1625 2150 1930 2198 Monacensis

253 2237 323 2284 gr.
361 2224 481 2283 101,
535 2239 747 2285 quocum
784 2224 1072 2286 plerumque
1116 2225 1380 2284 consentit,
1433 2226 1569 2286 prior
1617 2227 1674 2271 ut
1721 2224 1781 2270 ab
1829 2239 1930 2270 om-

253 2295 397 2344 nibus
446 2297 591 2345 hodie
643 2299 695 2344 in
745 2297 1056 2346 bibliothecis
1102 2297 1336 2346 Romanis
1392 2299 1654 2346 asservatis
1709 2298 1929 2345 diversus

253 2372 343 2430 est,
381 2372 455 2418 ita
492 2370 622 2418 idem
663 2386 766 2419 esse
797 2371 995 2419 videtur
1026 2373 1174 2433 atque
1206 2371 1457 2419 Parisinus
1497 2389 1567 2435 gr.
1595 2373 1753 2432 3016,
1793 2373 1929 2418 cuius

253 2442 369 2491 dum
409 2444 593 2493 Romae
633 2447 727 2505 est,
772 2445 1032 2492 Morellum
1076 2460 1164 2507 per
1202 2445 1445 2492 Allatium
1492 2448 1685 2508 copiam
1730 2447 1930 2492 nactum

253 2532 356 2564 esse
388 2533 476 2565 nec
513 2534 612 2566 non
649 2521 702 2566 in
734 2518 953 2567 oratione
986 2520 1210 2580 sequenti
1241 2522 1448 2567 constat.
1465 2513 1507 2586 3)
1584 2520 1744 2567 Multa
1781 2518 1928 2565 huius

254 2590 482 2640 editionis
514 2592 639 2640 vitia
670 2592 935 2640 divinando
968 2593 1163 2640 sanavit
1193 2593 1470 2641 Reiskius
1509 2593 1730 2640 Anim.V
1749 2593 1928 2640 315—

256 2665 377 2724 324,
403 2666 550 2726 plura
574 2682 665 2728 ope
689 2666 910 2714 codicum
933 2666 1217 2729 Augustani
1241 2669 1289 2714 et
1311 2667 1615 2715 Monacensis
1639 2667 1691 2713 in
1715 2666 1926 2713 editione

255 2737 314 2784 ab
353 2739 460 2799 ipso
510 2742 809 2801 praeparata
855 2742 903 2787 et
942 2755 971 2786 a
1009 2740 1160 2787 vidua
1208 2734 1526 2806 (Altenburgi
1562 2741 1700 2787 1784
1739 2756 1786 2800 p.
1821 2739 1926 2786 304

252 2812 457 2872 —3123
489 2813 669 2860 iterum
692 2814 874 2861 ibidem
903 2815 1039 2861 1791
1068 2816 1103 2861 t.
1123 2815 1147 2860 I
1177 2831 1222 2875 p.
1245 2807 1556 2879 678—696)
1593 2813 1716 2860 male
1742 2813 1925 2860 curata.

374 2925 415 2979 1)
449 2922 513 2966 Cf.
539 2926 570 2967 t.
589 2925 610 2966 I
634 2939 676 2979 p.
698 2928 765 2967 73.
886 2926 930 2980 2)
963 2923 1027 2967 Cf.
1054 2926 1085 2967 t.
1104 2925 1124 2966 I
1148 2939 1193 2980 p.
1213 2929 1309 2967 351.
1433 2927 1475 2979 3)
1508 2923 1572 2968 Cf.
1599 2926 1631 2966 t.
1650 2924 1670 2966 I
1692 2938 1735 2978 p.
1756 2927 1824 2966 58.
