2060 3162
266 157 375 211 230
755 155 983 199 LIBANH
1014 154 1237 199 ORATIO
1272 155 1420 200 XVIII

371 298 454 346 fol.
485 300 510 345 1
557 293 920 362 [πρεσβευτικὸς
951 296 1073 363 πρὸς
1106 294 1222 355 τοὺς
1258 298 1425 363 Τρῶας
1455 292 1577 362 ὑπὲρ
1609 303 1695 360 τῆς
1720 287 1940 359 Ἑλένης·

262 366 541 435 Μενέλαος]

374 447 430 493 6v
467 444 701 494 Aristidis
742 439 1107 509 [πρεσβευτικὸς
1144 443 1267 510 πρὸς
1306 439 1534 509 Ἀχιλλέα]

377 520 471 567 15*
508 518 707 567 Libanii
746 514 1019 584 [ἀντιλογία
1058 514 1324 583 Ἀχιλλέως]

375 594 442 641 33
508 587 840 659 [Πάτροκλος]

371 668 468 715 49v
507 663 874 733 [πρεσβευτικὸς
911 665 1032 732 πρὸς
1070 663 1185 724 τοὺς
1228 669 1396 732 Τρῶας
1441 663 1563 731 ὑπὲρ
1601 672 1688 730 τῆς
1721 658 1942 729 Ἑλένης·

254 734 540 806 Ὀδυσσεύς]
582 741 679 790 des.
713 741 797 788 fol.
833 742 939 788 67V.
1017 741 1159 788 Folia
1193 742 1259 788 68
1302 743 1351 788 et
1392 742 1458 788 69
1501 742 1601 788 alia
1640 740 1907 788 continent.

375 816 441 863 70
483 813 820 877 [ἐπιτάφιος
858 812 952 863 ἐπὶ
985 809 1326 882 Ἰουλιανῷ]
1388 814 1509 862 Post
1538 814 1685 861 finem
1709 813 1946 862 orationis

257 889 311 935 in
334 888 454 937 folio
483 890 586 937 125
619 890 803 952 legitur
834 888 1151 952 subscriptio:
1192 887 1449 952 ἐτελειώθη
1480 886 1532 936 τὸ
1563 886 1723 953 παρὸν
1754 887 1947 952 βιβλίον

261 959 285 1011 ὅ
326 961 564 1027 λιβάνιος·
607 965 791 1027 μᾶλλον
829 960 882 1012 δὲ
920 961 1012 1011 οὐκ
1051 959 1120 1010 ὢν
1159 962 1397 1026 λιβάνιος“
1438 960 1559 1010 ἀλλὰ
1598 955 1717 1010 ὦσιν
1757 959 1943 1025 μελέται

260 1033 433 1085 αὐτοῦ·
489 1035 542 1085 ἐν
589 1034 707 1101 μηνὶ
755 1037 1065 1104 φεβρουαρίῳ
1114 1036 1387 1097 φθίνοντος
1433 1043 1520 1084 τοῦ
1571 1034 1725 1084 αὐτοῦ
1775 1034 1946 1099 μηνὸς,

261 1109 565 1170 ι’νὸικτιῶνος
611 1108 837 1176 δευτέρας
889 1117 975 1159 τοῦ
1026 1112 1104 1165 ςου
1117 1105 1362 1171 Ἇουλαοα
1409 1108 1566 1168 ἔτους·
1622 1108 1847 1175 ἕγράφην
1895 1106 1946 1157 δὲ

260 1182 411 1233 αὐτὸν
449 1183 646 1243 οἰκείοις
683 1182 813 1250 χερσὶ
851 1184 1027 1249 κυρίου
1065 1191 1232 1243 παπᾶς
1270 1182 1392 1232 λέων
1432 1182 1456 1233 ὁ
1489 1181 1730 1249 ἀτράπηςε

375 1257 602 1315 Codicem
641 1274 769 1306 anno
813 1260 952 1307 1869
992 1260 1184 1320 inspexi
1223 1260 1272 1306 et
1311 1274 1335 1306 e
1373 1260 1516 1320 parte
1549 1258 1748 1306 contuli.

174 1341 256 1381 125
372 1334 455 1380 47.
495 1332 936 1380 Laurentianus
976 1331 1116 1380 LVII
1143 1333 1209 1380 33
1252 1332 1535 1380 chartaceus
1576 1333 1762 1380 formae
1803 1347 1946 1393 quar-

258 1409 340 1454 tae
380 1407 565 1455 saeculi
603 1406 695 1454 XV
735 1408 957 1454 exeuntis
997 1407 1078 1454 vel
1109 1406 1229 1454 XVI
1264 1406 1480 1454 ineuntis
1521 1407 1741 1454 continet

370 1481 453 1529 fol.
484 1483 510 1528 1
561 1480 836 1545 λιβανίου
883 1487 1170 1543 σοφιστοῦ
1213 1478 1526 1542 ἐπιτάφιος
1575 1478 1663 1538 εἰς
1700 1477 1801 1527 τὸν
1841 1479 1946 1542 βα-

260 1551 421 1602 σιλέα
460 1552 784 1603 ἰουλιανόν,
847 1554 943 1603 des.
975 1555 1061 1602 fol.
1095 1556 1179 1602 46.

373 1627 658 1690 Sequuntur
701 1629 945 1677 tractatus
993 1629 1051 1683 de
1089 1628 1260 1692 figuris
1312 1621 1421 1694 (fol.
1454 1622 1564 1695 47),
1615 1623 1948 1690 ἡφαιστίωνος

260 1699 369 1767 περὶ
417 1699 602 1767 μέτρων
653 1697 797 1770 (50),
845 1702 1099 1751 ιὀυλιανοῦ
1146 1701 1215 1760 εἰς
1253 1700 1338 1750 τὸν
1385 1699 1582 1766 βασιλέα
1628 1700 1769 1764 ἥλιον
1809 1693 1947 1767 (60),

260 1773 596 1840 ἀριστοτέλους
635 1775 1011 1841 φυσιογνωμικά
1051 1769 1170 1843 (76)
1212 1777 1424 1839 aliaque.

372 1849 580 1898 Initium
619 1851 856 1899 orationis
896 1851 1083 1898 contuli
1124 1866 1252 1897 anno
1290 1851 1445 1898 1869.

176 1934 258 1973 126
373 1925 457 1971 48.
511 1924 942 1972 Holkhamicus
984 1925 1086 1972 281
1137 1924 1330 1972 comitis
1369 1923 1625 1971 Leicestrii
1664 1922 1948 1970 chartaceus

261 1996 447 2044 formae
488 1998 804 2046 duodecimae
843 1998 1030 2045 saeculi
1068 1998 1159 2044 XV
1198 2000 1248 2045 et
1285 1997 1417 2058 XVI,
1463 1999 1588 2045 teste
1627 1995 1947 2057 inscriptione

261 2070 371 2118 folii
399 2072 425 2117 1
459 2070 636 2134 Θωμας
659 2073 789 2120 Κοκε
821 2071 941 2118 olim
973 2071 1225 2118 Thomae
1259 2070 1434 2132 Coke,
1469 2070 1716 2132 Armigeri
1741 2069 1946 2129 Lovelii,

262 2145 349 2206 qui
381 2143 521 2192 annis
557 2146 698 2192 1714
737 2160 891 2206 usque
923 2144 986 2191 ad
1017 2145 1156 2191 1718
1197 2144 1399 2191 Italiam
1428 2158 1697 2206 peragrans
1730 2142 1948 2203 alibique

263 2217 451 2266 codices
475 2218 660 2266 multos
686 2218 949 2279 acquisivit
960 2211 1001 2284 1)
1028 2211 1089 2283 (†
1109 2211 1291 2283 1759),
1326 2219 1544 2264 continet
1573 2219 1687 2278 post
1718 2213 1948 2264 ἀλκινόου

265 2290 610 2341 διδασκαλικὸν
655 2299 752 2340 τῶν
798 2290 1049 2349 πλάτωνος
1096 2290 1351 2355 δογμάτων
1400 2283 1507 2356 (fol.
1538 2283 1591 2355 1)
1641 2292 1690 2337 et
1737 2289 1948 2352 μαξίμου

264 2365 435 2431 τυρίον
476 2363 705 2424 διαλέξεις
745 2358 863 2431 (72)
905 2367 954 2412 et
993 2363 1395 2427 φιλοσοφούμενα
1437 2357 1579 2430 (93³¹)
1619 2363 1732 2411 inde
1766 2379 1795 2410 a
1826 2364 1946 2411 folio

269 2433 419 2506 1212)
460 2455 610 2487 manu
649 2439 833 2488 saeculi
871 2438 988 2485 XVI
1027 2442 1283 2486 exaratum

377 2513 651 2577 λιβανίου
690 2519 792 2561 τοῦ
834 2518 1120 2574 σοφιστοῦ
1160 2507 1474 2573 ἐπιτάφιος
1513 2510 1596 2568 εἰς
1636 2508 1947 2559 ιὀυλιανὸν

267 2586 351 2647 qui
391 2587 570 2634 desinit
618 2587 738 2635 folio
780 2587 911 2634 209V
947 2585 1108 2634 verbis
1157 2583 1394 2648 μνησθεὶς
1441 2584 1503 2648 δή
1553 2602 1685 2642 τινος
1734 2586 1945 2631 παλαιοῦ

268 2658 498 2723 ῥωμαίων
539 2654 609 2726 (p.
645 2662 763 2722 600,
792 2662 821 2708 3
841 2654 922 2726 R).
1001 2658 1286 2720 Sequuntur
1324 2657 1420 2708 duo
1460 2659 1582 2706 folia
1619 2673 1787 2705 vacua.

382 2732 610 2782 Codicem
649 2750 777 2782 anno
821 2734 962 2781 1880
1000 2733 1205 2794 inspexi.

388 2847 430 2901 1)
464 2844 528 2888 Cf.
554 2845 720 2888 Philol.
746 2845 867 2888 XLII
886 2849 984 2898 159,
1015 2843 1098 2887 ubi
1130 2844 1274 2887 codex
1305 2842 1567 2887 accuratius
1593 2855 1620 2885 a
1644 2854 1717 2884 me
1742 2840 1945 2896 descrip-

268 2904 343 2946 tus
376 2905 458 2946 est.
521 2903 776 2956 Michaelis,
810 2902 1010 2947 Ancient
1038 2902 1239 2946 marbles
1269 2902 1319 2946 in
1352 2901 1492 2946 Great
1522 2899 1704 2944 Britain
1733 2915 1777 2956 p.
1806 2903 1875 2943 58.

389 2964 432 3019 2)
465 2962 597 3006 Folia
623 2966 877 3006 118V—12O
909 2974 1056 3006 vacua
1088 2963 1207 3004 sunt.
