2060 3162
673 103 903 148 LfflANn
933 102 1158 148 ORATIO
1192 103 1319 148 xvn
1547 91 1553 94 ’
1724 102 1833 154 209

133 240 228 296 καὶ
267 243 398 303 τοὺς
437 238 696 292 ἁπάντων
734 237 1035 307 ἐνεπίμπλη
1068 240 1292 307 βωμοὺς
1323 237 1510 309 ἀρνῶν
1541 238 1631 290 καὶ
1662 239 1831 305 βοῶν.

134 330 187 384 ,5.
239 330 377 382 ὥστε
426 325 598 396 ἔγωγε
649 327 913 390 πολλάκις
967 326 1345 396 ἐνεθυμήθην,
1401 327 1486 380 ὅτι
1541 323 1710 379 οὐδὲν
1765 325 1835 378 ἂν

135 417 255 471 δέοι
307 418 443 489 τῷδε
495 422 571 488 τῷ
628 413 793 486 ἀνδρὶ
847 416 1048 484 τάχους
1101 435 1159 468 τε
1213 416 1397 468 ἵππων
1450 415 1540 468 καὶ
1594 413 1835 478 τοξοτῶν

134 505 330 575 τέχνης
382 505 472 557 καὶ
526 503 767 557 ὁπλιτῶν
822 503 988 572 ἀλκῆς
1033 504 1122 556 καὶ
1171 502 1301 557 δέκα
1351 503 1655 573 μυριάδων,
1710 502 1828 555 ἀλλ’

136 597 279 664 ἔχων
326 591 462 662 ἀμφ’
494 592 665 645 αὑτὸν
710 595 842 655 τοὺς
890 593 1086 661 θεούς,
1143 592 1339 661 ὀλίγην
1387 593 1650 662 στρατιὰν
1696 590 1835 662 μέγα
1881 611 1901 644 5

138 681 471 752 δυναμένην,
541 679 741 750 ὀφθεὶς
802 689 919 744 τοῖς
981 680 1251 744 ἐναντίοις
1319 683 1497 734 πείσει
1566 679 1833 749 γενέσθαι

136 771 400 840 γυμνούς.
478 770 526 822 6.
573 771 803 838 ἤλπιζον
842 771 904 823 δὲ
943 769 1033 823 καὶ
1072 772 1349 838 σκηπτοὺς
1387 768 1479 822 καὶ
1519 778 1835 839 πρηστῆρας

137 860 227 913 καὶ
281 859 348 911 τὰ
393 860 530 911 ἄλλα
577 857 708 927 βέλη
763 860 829 911 τὰ
875 867 987 911 τῶν
1040 859 1370 927 κρειττόνων
1424 859 1834 926 καταβήσεσθαι

138 946 226 1001 ἐπὶ
284 946 527 1017 Πέρσας,
589 949 662 1000 οῖ’
697 948 759 1000 δὲ
813 947 987 1010 οὕτως
1042 948 1148 1016 ἄρα
1200 942 1343 1015 ἦσαν
1399 947 1630 1014 δίκαιοι,
1694 947 1833 999 ὥστε

140 1040 314 1106 πολλῇ
349 1036 452 1103 μὲν
485 1034 832 1098 ἑστιαθέντες
863 1038 1076 1106 κνίσσῃ,
1117 1037 1338 1105 λαμπρὰ
1371 1032 1432 1088 δὲ
1463 1034 1835 1103 ὑποσχόμενοι
1861 1057 1903 1089 ιο

138 1123 229 1178 καὶ
268 1134 380 1177 τῶν
427 1144 488 1192 γε
534 1126 768 1194 πρώτων
815 1124 882 1178 οὐ
931 1126 1318 1193 φθονήσαντες
1364 1128 1724 1186 τελευτῶντες
1771 1124 1838 1176 τά

138 1232 196 1266 τε
258 1214 396 1266 ἄλλα
452 1212 458 1280 Ι
516 1212 783 1282 συνέχεαν
836 1211 927 1266 καὶ
982 1213 1154 1266 αὐτοῦ
1215 1211 1740 1282 προσαπεστέρησαν
1776 1225 1819 1268 R.
1840 1230 1925 1269 509

140 1300 342 1353 ἁλιέων
386 1301 750 1370 μιμησάμενοι
791 1300 984 1370 δέλεαρ
1029 1300 1120 1354 καὶ
1161 1299 1233 1353 δι’
1261 1299 1530 1371 Ἀσυρίων
1576 1320 1836 1370 κεκρατη-

138 1388 322 1458 μένων
355 1387 450 1442 ’ἐπὶ
489 1389 739 1442 θάνατον
776 1388 1114 1452 ἑλκύσαντες.
1195 1389 1240 1442 7.
1282 1389 1525 1457 ἀμείνων
1556 1390 1663 1458 ἄρα
1700 1386 1772 1458 ἦν
1806 1390 1834 1443 ὁ

140 1479 401 1546 λογισμὸς
440 1476 469 1530 ὁ
502 1476 635 1540 τέως
668 1479 1129 1546 καταγελώμενος,
1170 1478 1231 1540 ὃς
1261 1479 1503 1546 πόλεμον
1533 1477 1669 1546 ὑμῖν
1702 1477 1831 1547 ἆρά-
1859 1499 1900 1533 15

262 1730 315 1769 15
363 1723 594 1782 λογισμός·
644 1724 823 1798 κίνησις
861 1731 1013 1783 ψυχῆς
1051 1723 1158 1779 περί
1188 1741 1231 1768 τι
1271 1726 1350 1768 καὶ
1388 1726 1440 1769 τὸ
1474 1733 1657 1780 πρῶτον
1698 1725 1747 1769 ἐν
1780 1732 1834 1782 τῇ

140 1783 333 1830 ὃιανοία
364 1784 569 1828 ἀνελθὸν
601 1782 752 1841 νόημα
778 1783 847 1829 B²
881 1786 886 1843 Ι
923 1785 1207 1829 ἐνδικώτατα
1240 1786 1360 1840 (corr
1391 1785 1727 1840 ἐνδικώτερον),
1760 1783 1836 1856 βέ-

141 1845 263 1918 βηλε,
296 1830 320 1887 ὅ
353 1842 495 1899 μέγας
526 1846 880 1895 Κωνσταντῖνος
910 1844 990 1887 καὶ
1022 1843 1166 1893 ὄντως
1198 1841 1534 1901 εὐσεβέστατος,
1574 1841 1821 1899 ἔπραξεν
1806 1842 1833 1899 ὴ

142 1901 167 1946 ὁ
191 1902 320 1956 παρὰ
345 1902 417 1945 σοὶ
442 1902 728 1959 ὑμνούμενος
752 1901 1052 1960 ἀσεβέστατος
1077 1901 1137 1946 Cf
1194 1904 1359 1959 ληρεῖς,
1393 1905 1627 1958 φλυαρεῖς,
1655 1905 1835 1959 φληνα-

144 1968 260 2017 φεῖς,
292 1960 636 2019 ματαιόφ[ρων]
663 1960 731 2005 Α2

264 2203 285 2240 1
336 2194 586 2252 ἐνεπίμπλη
630 2198 673 2241 V
710 2196 792 2239 sed
837 2197 887 2240 in
925 2210 1059 2253 marg
1097 2211 1157 2241 m.
1190 2211 1279 2241 rec
1323 2194 1565 2253 ἐνεπίπλη,
1611 2197 1711 2242 ἐπεὶ
1755 2198 1836 2240 καὶ

142 2253 419 2311 ἐμπίπλησιν
452 2256 569 2310 ἐρεῖς
608 2255 682 2311 (cf.
718 2255 778 2298 ad
810 2270 853 2311 p.
874 2256 1277 2313 258,13),Ased
1301 2273 1328 2312 η
1370 2255 1420 2299 in
1462 2273 1492 2299 α
1526 2269 1626 2300 corr
1658 2270 1717 2300 m.
1746 2269 1834 2300 ree.

202 2312 363 2371 ἐνεπίμ
364 2317 467 2358 πλει
502 2314 605 2358 UM
656 2313 862 2369 ἐπλήρου
893 2314 996 2358 Mor
1029 2316 1035 2372 Ι
1072 2315 1228 2370 ἀρνῶν
1259 2330 1308 2359 τε
1339 2315 1419 2358 καὶ
1444 2317 1490 2359 Β
1612 2320 1637 2358 3
1670 2315 1837 2369 τάνδρὶ

153 2373 198 2418 U
323 2379 349 2416 5
383 2372 527 2416 αὐτὸν
561 2373 606 2417 V
646 2375 653 2429 Ι
696 2371 939 2428 στρατείαν
973 2374 1048 2417 La
1087 2373 1169 2417 sed
1209 2373 1428 2428 στρατιὰν
1469 2386 1685 2430 suprascr
1707 2372 1779 2416 m²

142 2430 357 2486 στρατεία
389 2431 439 2475 in
462 2444 598 2487 marg
623 2433 707 2476 Mo
829 2435 855 2474 8
887 2431 1028 2475 τᾶλλα
1054 2434 1165 2476 ΒΜ
1187 2433 1193 2488 Ι
1220 2432 1278 2476 τὰ
1311 2447 1387 2476 om
1409 2433 1559 2476 VBM
1676 2436 1701 2475 9
1731 2433 1837 2487 περὶ

146 2489 229 2534 Mo
382 2495 435 2533 10
468 2488 601 2546 κνίση
607 2507 623 2533 ι
650 2490 730 2534 ΟΛ
799 2488 933 2547 κνίση
966 2492 1042 2535 La
1084 2493 1090 2546 Ι
1132 2489 1441 2548 ὑπεσχημένοι
1475 2492 1519 2535 V
1554 2493 1603 2534 et
1645 2505 1750 2534 cum
1782 2508 1836 2547 γρ

143 2562 284 2604 supra,
315 2547 622 2606 ὑποσχόμενοι
650 2550 712 2592 Μ
722 2547 739 2573 ²
863 2555 913 2593 11
943 2552 1238 2601 τελευτῶντες
1262 2550 1387 2592 inser
1412 2549 1656 2594 13212
1691 2550 1836 2593 αὑτοῦ

145 2607 190 2651 Ρ
247 2624 300 2663 γρ
327 2608 471 2651 αυτὸν
502 2607 552 2650 in
575 2620 709 2664 marg
733 2607 835 2651 Mor
957 2613 1010 2651 13
1043 2606 1277 2663 ἀσσυρίων
1303 2609 1379 2653 La
1403 2607 1460 2652 cf.
1481 2609 1541 2651 ad
1566 2605 1598 2652 b.
1616 2608 1638 2650 Ι
1662 2612 1763 2663 455,
1782 2614 1834 2651 12

206 2669 260 2708 14
293 2665 316 2709 ὁ
349 2666 524 2710 inserui
557 2679 612 2709 ex
644 2667 690 2710 A
721 2666 787 2722 (in
820 2680 911 2722 quo
943 2668 1101 2710 tamen
1134 2669 1332 2723 erasum)
1366 2669 1414 2711 et
1446 2669 1491 2711 B
1523 2681 1628 2710 cum
1661 2665 1834 2711 Cobeto

145 2722 311 2768 Mnem.
335 2725 379 2767 II
403 2729 501 2768 404.
535 2725 577 2767 V
605 2729 688 2768 130
721 2724 980 2781 (0011110)
1120 2730 1173 2769 15
1205 2726 1363 2782 λοιμὸς
1393 2728 1531 2782 (quo
1536 2725 1835 2770 Constanssius

147 2782 403 2840 notaretur)
435 2783 634 2827 Cobetl
649 2783 679 2826 l.
705 2785 755 2827 at
787 2782 900 2839 cf.p
905 2788 1032 2837 .‚275
1051 2789 1103 2835 18
1132 2789 1139 2841 Ι
1166 2783 1365 2841 πόλεμον
1396 2787 1504 2841 post
1534 2785 1642 2841 ὑμῖν
1675 2785 1777 2828 Mor

146 2841 318 2897 omPl
346 2841 454 2897 ὑμῖν
485 2842 521 2885 Ι
545 2841 627 2884 sed
657 2859 686 2885 v
718 2841 767 2884 in
798 2855 873 2885 ras
869 2798 974 2885 pm²
1050 2842 1162 2899 ἡμῖν
1197 2843 1234 2888 Ο
1262 2844 1343 2887 sed
1374 2860 1402 2899 η
1436 2857 1536 2887 corr
1566 2858 1601 2897 s,
1644 2844 1795 2887 VBM
1824 2843 1830 2900 Ι

147 2898 293 2942 πολὺν
323 2900 432 2955 ’ὑμῖν
465 2899 696 2956 ἀράμενος
725 2902 772 2944 Ρ

234 2978 430 3013 LmAsms
454 2981 511 3012 ed.
538 2982 768 3014 Foernter
802 2982 853 3014 H.
1511 2979 1565 3017 14
