2060 3162
244 108 355 160 404
776 107 1003 151 LIBANH
1034 106 1258 151 ORATIO
1289 107 1396 150 XIX

242 246 494 312 μήματος.
572 243 632 295 αἳ
667 262 728 311 γε
768 244 997 311 σιδηρᾶς
1035 242 1104 295 ἂν
1144 243 1333 305 αὑταῖς
1370 241 1606 312 ηὔξαντο
1655 240 1796 296 εἶναι
1834 245 1930 306 τὰς

242 333 437 401 θύρας.
521 330 665 384 οὕτω
719 329 844 401 περὶ
899 331 1090 394 αὑταῖς
1138 329 1372 384 ἔδεισαν.
1458 332 1667 386 οὐκοῦν
1719 330 1812 385 καὶ
1863 333 1930 385 τὰ

242 421 455 473 τούτων
485 429 596 472 τῶν
637 429 918 487 γυναικῶν
958 413 1043 482 αἶς
1083 421 1209 473 οὔτε
1252 419 1389 490 ἀνὴρ
1422 422 1548 474 οὔτε
1578 422 1769 483 παῖδες
1804 422 1930 474 οὔτε

243 508 492 577 ἀδελφοί,
541 518 654 562 τῶν
700 510 778 571 εἰς
817 508 1070 579 ἁρπαγὴν
1120 508 1376 572 ἐξουσίαν
1426 512 1710 578 λαβόντων
1755 507 1930 579 ἕσταις

202 597 331 651 542.
383 596 480 650 ἐὰν
531 593 634 651 οὖν
680 602 872 650 εἴπωσι
918 601 1333 667 προσελθοῦσαι
1380 599 1489 667 ὅτι,
1544 595 1585 651 ὦ
1633 601 1929 666 βασιλεῦ,

244 685 373 738 ἀλλ’
419 686 602 754 ἡμεῖς
664 706 733 754 γε
793 693 992 739 ταῦτα
1054 688 1202 739 οὔτε
1263 686 1720 756 ἐβουλήθημεν
1783 687 1931 740 οὔτε

231 774 638 843 ,ἐζητήσαμεν
670 773 814 828 οὔθ’
837 775 1005 837 ὅπως
1037 777 1217 828 ἔσται
1249 776 1749 845 προύτρέψαμεν
1781 777 1931 829 οὔτε

242 863 707 932 τολμηθέντων
746 865 1041 932 ἥσθημεν
1081 865 1229 917 οὔτε
1269 863 1339 918 ἐν
1377 866 1522 934 δίκῃ
1562 872 1686 917 νῦν
1732 878 1931 933 προσ-

244 960 452 1005 αιτεῖν
497 953 965 1021 ἠναγκάσμεθα
1009 953 1115 1005 καὶ
1163 960 1362 1006 ταῦτα
1409 954 1526 1006 οὐκ
1573 955 1762 1016 ὄντος
1815 960 1930 1005 τοῦ

176 1061 221 1094 ιο
245 1041 551 1103 διδόντος
589 1048 672 1113 τῷ
712 1043 945 1110 κοινὴν
991 1040 1059 1095 εἶν
1106 1050 1177 1112 τῇ
1224 1045 1407 1095 πόλει
1458 1041 1770 1110 γενέσθαι
1816 1043 1933 1110 τὴν

243 1131 502 1198 πενίαν,
557 1133 615 1182 τί
648 1131 785 1200 πρὸς
823 1138 994 1183 ταῦτα
1041 1129 1204 1200 ἐρεῖς,
1251 1128 1294 1184 ὦ
1333 1133 1583 1198 βασιλεῦ;
1637 1133 1694 1183 τί
1729 1131 1844 1199 δαί,
1885 1131 1933 1183 εἰ

243 1218 381 1287 πρὸς
419 1218 481 1271 σὲ
526 1215 628 1287 μὲν
667 1219 835 1272 οὐδὲν
873 1227 1150 1287 τοιοῦτον,
1201 1220 1339 1286 πρὸς
1379 1216 1439 1271 δὲ
1485 1220 1584 1272 τὸν
1610 1217 1811 1272 ’Ήλιον
1850 1218 1934 1272 λε’-

243 1326 423 1374 yon-03
469 1306 502 1375 ἢ
543 1308 631 1360 καὶ
671 1316 771 1360 τοῦ
810 1311 1030 1377 θρήνου
1074 1310 1365 1377 ληψόμεθα
1404 1310 1549 1378 παρὰ
1586 1317 1698 1361 τῶν
1736 1308 1934 1377 ὀδυρο-

182 1418 223 1449 14
247 1394 428 1462 μένων
490 1397 674 1466 δίκην;
743 1397 829 1448 43.
893 1397 958 1449 οὐ
1022 1398 1216 1450 τοίνυν
1278 1393 1409 1449 οὐδὲ
1470 1404 1535 1466 τῇ
1597 1397 1859 1465 καταδίκῃ
1923 1394 1930 1467 Ι

157 1497 198 1539 R
221 1500 307 1540 644
360 1485 546 1554 χώραν
607 1483 847 1538 ἐνοῦσαν
909 1485 1034 1554 ὁρῶ.
1121 1494 1235 1548 πῶς
1296 1486 1399 1555 γὰρ
1463 1485 1559 1548 οὓς
1620 1485 1723 1538 οὐκ
1784 1486 1935 1537 ἔστιν

246 1571 460 1641 ἐλέγξαι
506 1573 1047 1643 πεπονηρευμένους,
1097 1574 1330 1636 τούτους
1377 1575 1459 1626 ε”νι
1501 1576 1759 1642 ζημιῶσαι
1807 1574 1934 1642 χρή-

245 1676 401 1731 μασι;
455 1662 545 1714 καὶ
599 1663 709 1731 μὴν
755 1663 803 1715 εἰ
856 1663 957 1729 μὲν
1001 1663 1137 1730 κατὰ
1182 1663 1403 1715 πάντων
1460 1660 1618 1715 τοῦθ’
1648 1660 1789 1729 ἥξει,
1842 1659 1935 1714 καὶ

248 1750 346 1813 οὓς
386 1750 459 1813 ὡς
498 1752 699 1819 φίλους
736 1757 811 1823 τῷ
853 1756 968 1824 θεῷ
1001 1760 1164 1818 τιμᾶν
1204 1749 1399 1819 ἀξιοῖς,
1446 1754 1648 1819 ζημιῶν
1688 1749 1934 1819 ὀφθήσῃ·

248 1842 298 1891 εἰ
336 1837 382 1891 δ’
416 1837 567 1892 ἔσται
612 1841 674 1893 τὸ
716 1841 880 1909 χωρὶς
916 1842 1239 1908 κεισόμενον
1288 1840 1379 1892 καὶ
1418 1839 1483 1892 οὐ
1524 1836 1936 1907 πεπληξόμενον

183 1949 226 1981 20
249 1935 313 1996 τῇ
360 1929 647 1998 καταδίκῃ,
699 1929 854 1981 δεινὰ
901 1930 1143 1997 φήσουσι
1187 1928 1420 1997 πάσχειν
1459 1929 1512 1980 οἱ
1550 1926 1789 1997 καθαροὶ
1835 1924 1938 1993 μὲν

252 2016 450 2082 αἰτίας,
490 2017 670 2086 ὥσπερ
712 2015 937 2085 ἐκεῖνοι,
976 2018 1048 2085 μὴ
1088 2026 1200 2069 τῶν
1242 2022 1376 2069 ἴσων
1417 2013 1477 2069 δὲ
1515 2015 1746 2078 ἐκείνοις
1784 2034 1934 2067 τετυ-

251 2105 485 2172 χηκότες.
561 2105 647 2156 44.
687 2103 778 2157 καὶ
818 2106 926 2173 μὴν
965 2106 1012 2157 εἰ
1051 2105 1152 2172 μὲν
1190 2115 1301 2158 τῶν
1338 2106 1433 2167 τὰς
1471 2105 1685 2166 εἰκόνας
1723 2122 1935 2171 κεκινη-

374 2283 426 2322 12
459 2278 565 2322 Eur.
593 2279 713 2323 Med.
737 2283 793 2322 56
805 2293 870 2335 sq.
995 2283 1049 2322 18
1081 2278 1145 2322 Io.
1172 2278 1328 2334 Chrys.
1355 2277 1433 2321 1.1.

372 2446 394 2483 1
429 2442 593 2492 αὐταῖς
624 2442 833 2488 ΑΡΙΤΒ
858 2441 981 2492 Mor
1022 2440 1167 2491 αὐτας
1189 2441 1299 2485 Bad
1326 2441 1331 2499 Ι
1360 2436 1482 2484 εἶναι
1514 2439 1596 2491 τὰς
1626 2440 1781 2495 θύρας
1810 2437 1935 2496 γενέ-

252 2501 368 2542 σθαι
391 2499 474 2550 τὰς
503 2501 653 2551 πύλας
675 2503 749 2545 Ρα
871 2505 894 2542 2
928 2501 1091 2550 αὐταῖς
1119 2501 1160 2542 Τ
1218 2501 1381 2550 αὐταῖς
1405 2499 1497 2543 VU
1518 2499 1523 2557 Ι
1551 2499 1631 2542 καὶ
1653 2498 1711 2542 τὰ
1735 2513 1811 2542 om
1826 2498 1937 2541 Bad
2021 2501 2025 2506 ’

312 2563 336 2600 3
370 2558 473 2603 οὔτε
498 2560 616 2617 ἀνὴρ
641 2574 717 2603 om
740 2561 815 2604 Pa
927 2563 953 2601 4
978 2559 1100 2603 ἐστὶν
1118 2560 1227 2603 Bad
1243 2559 1344 2602 Mor
1371 2561 1418 2614 Ι;
1449 2558 1586 2615 posui
1699 2561 1725 2600 5
1758 2553 1843 2600 οὖν
1860 2571 1935 2599 om

253 2616 363 2660 Bad
389 2619 394 2674 1
424 2633 493 2661 οτι
511 2633 586 2662 om
604 2620 714 2663 Bad
805 2623 830 2662 6
855 2617 1181 2676 ἠβουλήθημεν
1199 2618 1309 2662 Bad
1399 2621 1425 2660 8
1449 2574 1551 2661 οὔτ’
1574 2617 1683 2661 Bad
1775 2619 1828 2659 11·
1854 2613 1935 2659 δαί

253 2674 417 2732 scripsi
449 2690 473 2719 e
501 2678 680 2722 OAPU
733 2677 785 2722 δὲ
815 2676 985 2732 reliqui
1016 2676 1125 2720 libri
1158 2677 1247 2720 edd
1370 2681 1423 2719 12
1454 2683 1636 2720 τοιοῦτο
1659 2676 1695 2718 Ι
1720 2675 1800 2718 sed
1830 2675 1938 2729 post

253 2749 277 2777 ο
309 2747 385 2778 ras
418 2740 440 2778 1
475 2735 553 2779 lit-‚b
675 2741 729 2780 13
762 2737 803 2781 εἰ
833 2736 934 2779 Mor
965 2733 1011 2791 (ἢ
1045 2735 1149 2792 Sav)
1189 2740 1194 2788 1
1232 2736 1338 2791 περὶ
1370 2735 1479 2779 Bad
1600 2738 1654 2777 14
1684 2732 1768 2789 τὴν
1801 2731 1937 2789 δίκην

253 2794 364 2838 Bad
395 2793 484 2837 Sav
510 2795 515 2853 Ι
543 2801 597 2852 τῇ
630 2809 706 2839 om
730 2796 840 2839 Bad
998 2799 1051 2838 15
1085 2794 1283 2838 ἐνοῦσαν
1316 2808 1390 2837 om
1415 2794 1526 2838 Bad
1584 2791 1715 2836 uncis
1746 2792 1938 2835 inclusit

255 2851 344 2895 Sav
512 2858 565 2896 18
597 2858 660 2912 τῷ
690 2855 853 2913 θεῷ],
858 2855 1026 2907 ‚malim
1058 2857 1120 2913 σῷ
1152 2855 1416 2909 ’ἰκτεηοοκμ
1449 2853 1517 2895 Re
1549 2853 1599 2895 at
1630 2851 1686 2894 cf.
1719 2865 1765 2906 p.
1791 2855 1890 2904 397,
1910 2856 1934 2894 2

316 2915 369 2954 19
403 2911 453 2956 δὲ
487 2912 577 2955 edd
606 2915 610 2968 Ι
640 2913 744 2956 οὔτε
776 2913 883 2956 Flor
909 2913 915 2971 Ι
941 2900 1227 2969 πληξάμενον
1260 2913 1369 2956 Bad
