2060 3162
641 100 870 145 LIBANII
899 99 1124 145 ORATIO
1156 97 1240 142 XV
1689 95 1794 147 125

105 244 303 295 τοίνυν
333 239 516 301 ἀδείας
549 235 894 310 ἀνεῳγμένης
924 244 988 307 τῇ
1021 237 1297 306 παρρησίᾳ
1327 240 1402 307 τῷ
1435 241 1599 302 σιγᾶν
1630 233 1795 286 οὐδα-

108 333 286 399 μόθεν
324 328 605 394 ἀπολογία.
682 326 859 395 ἄνδρα
909 325 970 378 δὲ
1017 318 1059 396 ᾧ
1092 326 1298 393 χαίρεις
1343 321 1434 376 καὶ
1475 321 1542 375 ὃν
1580 320 1642 375 ἐν
1679 330 1796 384 τοῖς

108 419 343 488 ἑταίροις
379 417 713 487 ἠρίθμηκας,
757 412 1144 483 ἐξελεγχθῆναι
1182 412 1429 482 πονηρὸν
1467 409 1557 464 καὶ
1595 411 1797 481 μιαρὸν

110 506 201 561 καὶ
254 506 403 574 ὠμὸν
447 502 538 557 καὶ
585 503 869 573 βάρβαρον
917 499 1036 555 οὐδ’
1070 500 1140 555 ἂν
1187 499 1274 555 σοὶ
1321 504 1499 563 καλῶς
1545 495 1708 569 εἶχεν,
1754 496 1797 552 ὦ

111 599 355 665 βασιλεῦ.
1844 602 1863 635 5

230 669 311 720 14.
351 668 464 720 Διά
502 673 673 719 ταῦτα
709 666 822 735 ἥκω
862 665 1185 735 πρεσβεύων
1222 666 1320 717 καί
1355 678 1456 717 σου
1498 662 1689 729 δέομαι
1728 663 1799 730 μὴ

110 755 310 827 μεταξὺ
365 755 624 824 λέγοντος
678 754 925 808 ἀπαντᾶν
979 750 1118 824 μηδε
1174 754 1274 822 τὴν
1325 754 1535 821 άμαχον
1585 750 1800 819 ἐκείνην

113 855 224 900 τῶν
262 846 443 914 λόγων
482 845 671 915 ῥώμην
709 841 1025 912 ἀντεξάγειν
1070 850 1186 905 τοῖς
1232 839 1395 909 ἐμοῖς.
1473 841 1558 893 δεῖ
1594 840 1698 909 γάρ
1740 853 1800 891 σε

111 938 349 1005 τήμερον
387 935 626 1004 χρηστὸν
664 940 909 1002 φανῆναι
949 936 1162 999 μᾶλλον
1207 929 1240 999 ἢ
1281 930 1596 1009 ρητορικρν·
1660 928 1693 981 ἃ
1741 928 1801 980 δὲ

113 1023 310 1093 δέομαί
344 1042 402 1076 τε
439 1023 531 1075 καὶ
569 1018 649 1075 ὧν
687 1020 947 1091 ἀξιοῦμεν
984 1029 1190 1090 τυχεῖν,
1228 1021 1457 1089 μίμησαι
1498 1019 1719 1084 σαυτόν,
1760 1013 1801 1068 ὦ
1827 1046 1869 1077 10

113 1115 358 1181 βασιλεῦ,
407 1110 499 1164 καὶ
537 1113 774 1180 ποίησον
811 1118 876 1181 τῇ
916 1108 1155 1180 προτέρᾳ
1192 1107 1443 1179 καθέδρα
1478 1108 1582 1175 τὴν
1620 1104 1802 1159 δευτέ-

114 1222 220 1270 ραν
258 1201 658 1272 παραπλησίαν.
730 1198 812 1251 15.
852 1197 1010 1267 ἔστης
1047 1196 1175 1269 παρ’
1204 1198 1338 1267 ἡμῖν
1376 1196 1481 1250 ἀπὸ
1521 1203 1616 1263 τῆς
1648 1193 1802 1247 ἕσπέ-

117 1311 217 1360 ρας
273 1288 541 1342 ἐλαύνων·
598 1293 765 1356 στῆθι
814 1289 904 1341 καὶ
958 1294 1066 1341 νῦν
1115 1286 1220 1340 ἀπὸ
1270 1295 1383 1340 τῶν
1431 1282 1804 1353 νενικημένων

115 1377 492 1447 ἀναστρέφων.
569 1378 805 1430 παλαιὸν
865 1375 1138 1444 βασιλέων
1199 1375 1484 1444 χειμάδιον
1543 1376 1577 1444 ἡ
1631 1376 1802 1438 πόλις.

116 1467 351 1535 μεινάτω
390 1469 586 1520 τοίνυν
625 1466 654 1520 ὁ
693 1464 819 1535 περὶ
850 1466 950 1518 τὸν
980 1473 1220 1534 χειμῶνα
1249 1466 1430 1531 νόμος.
1509 1464 1591 1517 16.
1630 1465 1799 1535 κάλλη
1826 1488 1868 1521 15

118 1556 218 1625 μὲν
255 1556 388 1624 ἡμῖν
426 1556 529 1609 οὐκ
566 1552 720 1608 ἔστιν
766 1554 1235 1622 οἰκοδομημάτων,
1282 1553 1350 1606 οὐ
1396 1554 1500 1622 γὰρ
1548 1558 1733 1607 εἴασεν
1770 1555 1802 1623 ἡ

117 1645 284 1698 πάλαι
325 1648 560 1714 Περσῶν
595 1643 759 1712 ὕβρις
803 1650 914 1712 πῦρ
954 1641 1292 1711 ἐπιφέρουσα
1337 1639 1343 1711 Ι
1392 1649 1508 1704 τοῖς
1546 1641 1708 1695 ἀνθι-
1746 1655 1892 1700 R456

119 1731 429 1801 σταμένοις,
484 1733 598 1784 ἔστι
638 1728 699 1784 δὲ
744 1733 888 1784 πολὺ
934 1731 996 1783 τὸ
1036 1731 1366 1798 οἰκούμενον
1411 1729 1670 1799 ἀποχρῶν
1715 1731 1805 1785 καὶ

119 1823 369 1883 πολίταις
429 1819 520 1872 καὶ
581 1823 856 1890 μετοίκοις
914 1819 1005 1872 καὶ
1061 1818 1236 1882 ξένοις
1296 1819 1386 1871 καὶ
1439 1820 1656 1887 βασιλεῖ
1715 1820 1804 1873 καὶ

239 1986 265 2025 8
297 1981 437 2025 Arist.
462 1981 575 2024 Aah.
601 1985 688 2025 440
703 1995 768 2036 sq.
893 1985 945 2023 11
981 1980 1037 2024 cf.
1071 1995 1115 2036 p.
1144 1983 1242 2034 181,
1263 1984 1315 2023 12

243 2135 263 2173 1
312 2136 374 2173 τῶ
408 2129 453 2172 Ρ
480 2129 560 2173 sed
593 2136 627 2172 ῶ
661 2142 716 2172 ex
749 2129 773 2172 ὸ
807 2142 908 2172 corr
930 2128 1001 2171 ιιιδ
1079 2128 1131 2172 τὸ
1164 2129 1209 2172 A
1241 2128 1322 2171 sed
1354 2128 1402 2171 in
1432 2135 1514 2172 τοῦ
1547 2141 1648 2171 corr
1678 2128 1748 2171 m²

122 2194 149 2232 3
175 2186 427 2244 ἑταίροιςΙ
444 2188 526 2232 sed
550 2187 650 2233 ἑται
673 2188 723 2231 in
738 2201 814 2231 ras
831 2187 900 2231 m²
927 2190 933 2244 Ι
961 2187 1129 2243 μιαρὸν
1153 2188 1235 2231 καὶ
1256 2187 1467 2243 πονηρὸν
1484 2189 1595 2232 ΒΜ
1696 2192 1723 2230 4
1748 2185 1807 2232 ἂν

121 2249 196 2292 σοὶ
228 2247 392 2304 scripsi
454 2247 513 2291 ἄν
545 2261 618 2292 σοι
640 2247 751 2290 libri
775 2247 867 2291 edd
987 2251 1012 2289 6
1045 2250 1273 2292 διαταῦτα
1296 2247 1409 2290 VIB
1436 2247 1442 2304 Ι
1470 2246 1550 2290 καὶ
1573 2253 1655 2290 σοῦ
1680 2247 1749 2290 Re

123 2312 150 2351 6
197 2305 278 2350 καί
316 2321 399 2350 σου
440 2333 494 2338 -
536 2311 560 2349 7
602 2307 817 2351 ἀπαντᾶν
864 2305 1027 2350 citavit
1071 2305 1233 2350 Thom.
1266 2306 1389 2363 Mag.
1422 2320 1466 2361 p.
1494 2309 1675 2359 239,14
1708 2320 1740 2348 s
1767 2321 1806 2348 v.

124 2366 327 2422 μεταξυ
359 2366 464 2410 ἀντὶ
493 2372 576 2409 τοῦ
609 2364 832 2422 διαμέσου
863 2366 944 2410 καὶ
974 2365 1143 2420 μεταξὺ
1175 2365 1281 2408 ἀντὶ
1310 2372 1392 2409 τοῦ
1425 2365 1474 2409 ἐν
1507 2363 1618 2424 ὅσῳ·
1663 2364 1808 2421 Λιβά-

123 2441 226 2475 νιος
250 2425 298 2469 ἐν
321 2428 384 2484 τῷ
411 2420 583 2476 Ἦλθες
601 2423 854 2481 Τηλέμαχε·
889 2421 987 2469 καί
1012 2438 1109 2468 σου
1133 2426 1242 2479 κτλ.,
1274 2425 1404 2467 cuius
1428 2411 1579 2467 verba
1591 2424 1810 2479 repetivit

124 2483 266 2527 schol.
298 2470 366 2526 B'
387 2485 580 2540 excepto
619 2484 745 2539 quod
765 2497 859 2558 pro
897 2482 1120 2540 Λιβάνιος
1152 2510 1207 2515 ——
1245 2481 1478 2541 Τηλέμαχε
1516 2483 1712 2538 praebet
1750 2483 1810 2532 ὡς

126 2542 336 2586 ἐνταῦθα
458 2546 484 2585 8
517 2544 590 2587 δεῖ
611 2569 669 2574 -
694 2547 719 2585 9
754 2542 998 2600 ρητορικόν
1031 2543 1092 2585 ad
1124 2557 1305 2587 versum
1337 2542 1604 2586 comoediae
1636 2541 1808 2586 atticae

126 2601 397 2645 revocavit
384 2616 433 2644 m
456 2602 580 2645 hunc
603 2601 794 2645 modum
826 2601 874 2646 σὲ
905 2602 992 2660 γὰρ
1019 2605 1093 2647 δεῖ
1113 2601 1308 2658 τήμερον
1336 2602 1342 2659 Ι
1369 2601 1567 2659 χρηστὸν
1599 2606 1809 2656 φανῆναι

127 2663 298 2735 μᾶλλον
331 2658 360 2716 ἢ
392 2661 565 2716 (δεινὸν
596 2659 760 2717 λέγειν)
792 2660 998 2705 Kockius
1029 2661 1101 2704 Fr.
1128 2674 1242 2704 com.
1267 2660 1364 2703 Att.
1390 2659 1453 2702 ΙΠ
1476 2663 1561 2703 492
1594 2675 1637 2702 n
1664 2663 1749 2702 442

130 2723 183 2761 10
216 2715 250 2762 ὦ
275 2719 448 2762 inserui
474 2733 530 2763 ex
554 2720 781 2764 UVIBM
838 2734 914 2763 om
936 2719 1107 2775 reliqui
1138 2719 1247 2763 libri
1272 2719 1363 2762 edd
1486 2723 1539 2762 13
1571 2716 1809 2774 νενικημέ-

128 2794 222 2820 νων
248 2780 291 2821 Α
323 2778 405 2822 sed
428 2777 512 2834 μέν
536 2791 561 2822 e
585 2776 667 2822 κότ
692 2792 792 2822 corr
814 2778 898 2832 m²
930 2781 965 2823 I
989 2778 1070 2822 sed
1094 2794 1252 2835 νενικη
1277 2778 1326 2821 in
1349 2778 1523 2821 lacuna
1543 2777 1626 2832 m²‚
1655 2775 1808 2845 μένων

127 2850 234 2935 {nb
208 2849 283 2879 ras
298 2837 384 2938 ‘113³
428 2794 765 2894 μνενικηκότων
799 2839 899 2883 UM
926 2838 1036 2882 Fen-
1059 2837 1160 2881 Mor
1293 2841 1346 2880 18
1380 2837 1472 2881 ἔστι
1503 2836 1668 2892 scripsi
1745 2835 1807 2879 ἔτι

148 2908 164 2937 ι
199 2895 238 2936 ri
270 2907 294 2937 e
