2060 3162
658 139 887 184 LIBANH
917 140 1141 185 ORATIO
1173 139 1278 184 XIX
1699 139 1809 192 413

126 279 219 331 καὶ
258 278 489 346 διδαχὴν
527 276 713 340 αὐτοῖς
757 272 898 329 εἶναι
936 284 1036 329 τοῦ
1075 286 1189 339 πῶς
1228 277 1313 329 δεῖ
1350 284 1561 346 καιροῖς
1602 276 1812 343 ὁμοίοις

127 365 558 435 προσφέρεσθαι.
636 364 823 435 φέρων
875 365 977 432 μὲν
1029 366 1133 435 γὰρ
1188 367 1484 427 δυσκολίας
1534 364 1563 418 ὁ
1614 366 1813 434 χρόνος

128 456 196 508 οὐ
235 455 525 521 παύσεται,
579 453 716 522 με’γα
756 454 816 507 δὲ
856 453 1087 516 ἐκείνοις
1133 447 1283 522 οἶμαι
1322 454 1394 522 μὴ
1434 455 1533 507 τὸν
1571 456 1811 522 συμβου-

132 544 403 596 λεύσοντα
464 546 641 611 ζητεῖν
696 548 923 595 οἴκοθεν
976 541 1066 595 καὶ
1122 543 1269 611 παρὰ
1329 550 1427 594 τοῦ
1482 543 1761 611 φύσαντος
1807 539 1813 614 Ι
1860 563 1883 595 4

127 629 316 701 ἔχουσι
354 632 455 700 τὴν
492 633 833 699 παραίνεσιν.
1753 643 1795 685 R
1818 646 1902 687 652

129 782 134 786 ᾖ
245 720 331 772 64.
369 720 486 772 Λύε
526 720 594 788 δὴ
633 721 734 788 τὴν
771 720 982 788 πολλὴν
1012 719 1326 789 συμφοράν,
1365 716 1407 772 ὦ
1444 722 1688 788 βασιλεῦ,
1725 718 1816 772 καὶ

127 818 246 871 ταῖς
310 817 517 877 φυγαῖς
576 806 668 861 καὶ
729 817 845 871 τοῖς
899 794 1169 876 ’ὀδυρμοῖς
1234 800 1496 871 ἐξίσωσον
1562 808 1663 875 τὴν
1722 814 1817 875 τῆς

131 898 384 950 καθόδου
425 897 778 966 φαιδρότητα.
847 898 1170 964 κομισάσθω
1210 916 1290 959 τις
1329 897 1427 949 τὸν
1464 902 1816 966 παρθενῶνα,

132 986 457 1054 κομισάσθω
497 987 558 1038 τὸ
600 986 895 1054 δωμάτιον,
935 985 1216 1053 φιλησάτω
1248 987 1342 1048 τὰς
1372 986 1588 1053 πρώτας
1619 986 1817 1055 θύρας,

131 1075 228 1137 τὰς
261 1074 534 1144 δευτέρας,
577 1075 671 1137 τὰς
704 1072 783 1127 ἐπ’
817 1073 1064 1142 ἐκείναις,
1102 1074 1462 1127 ἄπολαυσάτω
1495 1082 1591 1142 τῆς
1622 1074 1818 1136 νυκτὸς
1842 1095 1884 1128 10

129 1164 206 1226 εἰς
251 1163 432 1216 ὕπνον
487 1162 548 1216 ἐν
600 1171 716 1226 τοῖς
763 1163 934 1216 αὑτοῦ
982 1165 1378 1230 κατακείμενος.
1457 1161 1541 1214 65.
1596 1165 1818 1216 πολλῶν

128 1253 231 1321 μὲν
271 1251 504 1321 ἀκήκοας
544 1251 827 1321 ἐγκωμίων
864 1262 976 1305 τῶν
1014 1252 1114 1319 μὲν
1162 1251 1352 1305 σθένει
1404 1252 1669 1322 ῥητόρων,
1707 1260 1818 1304 τῶν

131 1337 192 1394 δὲ
239 1339 328 1394 καὶ
375 1342 544 1413 μανία
595 1351 839 1410 ποιητῶν
886 1339 1284 1411 εἰργασμένων,
1335 1339 1396 1393 ἐν
1446 1333 1528 1403 οἷς
1576 1341 1823 1412 πατρῷαί

130 1449 189 1482 τε
230 1429 415 1500 ἀρεταὶ
453 1428 544 1482 καὶ
585 1428 675 1482 σαὶ
714 1428 804 1482 καὶ
845 1431 985 1483 ὅπλα
1023 1429 1114 1482 καὶ
1154 1431 1473 1500 στρατηγίαι
1518 1429 1608 1481 καὶ
1654 1428 1819 1497 μάχαι

131 1516 223 1571 καὶ
262 1528 412 1571 νῖκαι
457 1519 548 1571 καὶ
585 1519 647 1571 τὸ
687 1519 867 1589 παρὸν
914 1515 974 1571 δὲ
1022 1526 1199 1588 σχῆμα
1245 1525 1427 1586 τοῦτο,
1474 1516 1602 1570 καθ’
1634 1515 1663 1569 ὃ
1703 1524 1818 1580 τοῖς
1843 1539 1884 1572 15

132 1607 319 1670 ἄλλοις
389 1605 686 1676 ἐφέστηκας
749 1606 991 1660 ἑκόντων
1057 1607 1166 1660 ὑπὸ
1230 1603 1291 1659 σὲ
1351 1615 1462 1659 τῶν
1521 1606 1818 1675 βαρβάρων

134 1696 347 1748 ἰόντων.
421 1698 658 1764 ποίησον
698 1697 765 1765 δὴ
795 1698 1053 1759 καλλίους
1092 1698 1221 1758 τοὺς
1252 1697 1384 1762 μετὰ
1415 1703 1586 1748 ταῦτα
1619 1697 1818 1763 λόγους

131 1790 206 1855 τῷ
239 1787 440 1836 καλλίω
481 1793 594 1847 τοῖς
632 1792 871 1853 παροῦσι
923 1786 990 1853 δὴ
1029 1785 1244 1847 τούτοις
1283 1792 1508 1853 ποιῆσαι
1546 1785 1646 1852 τὴν
1683 1784 1819 1837 ὑπό-

131 1877 312 1926 θεσιν.
389 1874 567 1925 ὄντων
612 1874 715 1942 γὰρ
765 1872 992 1926 ἐκείνων
1037 1874 1290 1941 μεγάλων
1337 1871 1420 1926 ἔνι
1459 1893 1511 1925 τι
1551 1872 1721 1926 πλέον
1760 1872 1819 1925 ἐν

131 1962 349 2024 τούτοις
386 1958 524 2031 ὑπὲρ
565 1956 644 2014 ὧν
684 1962 712 2015 ὁ
752 1960 882 2014 νυνὶ
923 1964 1098 2030 λόγος.
1843 1984 1886 2016 20

253 2126 274 2164 1
310 2122 467 2172 αὐτοῖς
498 2122 578 2165 καὶ
607 2122 806 2180 διδαχὴν
831 2123 939 2166 Bad
966 2124 972 2179 Ι
999 2130 1096 2173 πῶς
1119 2123 1210 2181 δεῖ]
1237 2125 1335 2167 δεῖν
1360 2123 1422 2166 Μ
1539 2126 1564 2165 3
1587 2121 1815 2165 παύσεται

132 2183 179 2226 Ρ
207 2181 288 2224 sed.
313 2195 339 2224 σ
369 2182 419 2224 in
441 2195 517 2225 ras
543 2185 568 2224 3
592 2180 672 2225 litt
699 2184 705 2238 Ι
733 2180 777 2225 δ’
809 2182 919 2226 Bad
942 2182 1011 2226 Re
1038 2183 1044 2239 Ι
1072 2182 1151 2240 μὴ]
1178 2183 1256 2226 καὶ
1281 2184 1354 2226 Pa
1382 2183 1387 2237 Ι
1416 2181 1816 2239 συμβουλεύσοντα

134 2241 181 2285 Ρ
210 2241 290 2284 sed
316 2254 341 2283 σ
367 2243 426 2297 (2)
458 2241 583 2284 inser
597 2241 679 2296 1113,
712 2243 747 2284 I
772 2242 853 2284 sed
885 2257 909 2284 ο
936 2244 997 2298 (2)
1023 2254 1078 2284 ex
1102 2258 1132 2284 α
1165 2255 1266 2285 corr
1282 2240 1351 2284 m²
1413 2240 1816 2299 συμβουλεύσαντα

133 2301 209 2344 Ρα
269 2299 638 2357 συμβουλεύοντα
670 2277 714 2344 U
828 2306 855 2343 4
888 2298 1080 2344 οἴκοθέν
1103 2316 1150 2344 τε
1175 2302 1210 2343 Ι
1323 2305 1348 2343 6
1381 2302 1459 2343 λῦε
1484 2300 1574 2343 ΙΜ
1599 2301 1604 2357 Ι
1633 2299 1683 2343 δὲ
1711 2300 1821 2343 Bad

138 2358 143 2416 Ι
178 2358 352 2414 πολλὴν
385 2373 456 2402 om
476 2359 586 2403 Bad
705 2362 731 2401 8
763 2357 832 2410 τίς
855 2360 937 2403 ΤΒ
1057 2364 1082 2403 9
1117 2359 1351 2416 φιλησάτω
1377 2361 1412 2403 Ι
1433 2359 1515 2402 sed
1540 2375 1556 2402 ι
1579 2359 1626 2400 in
1651 2371 1726 2401 ras
1751 2357 1821 2401 m²

196 2421 250 2459 10
281 2417 364 2473 τὴν
397 2417 637 2472 δευτέραν·
685 2418 740 2475 τὴ
743 2436 770 2463 ν
802 2418 916 2473 Mor,
949 2419 1030 2462 sed
1062 2435 1116 2476 γρ
1141 2435 1223 2468 τας
1255 2417 1491 2473 δευτέρας·
1539 2417 1622 2468 τὰς
1671 2421 1676 2470 Ι
1727 2413 1815 2460 ἀπ’

137 2474 328 2520 ἐκείνων
361 2477 470 2520 Bad
502 2479 548 2520 eb
579 2494 633 2533 γρ
664 2477 766 2521 Mor
942 2483 992 2520 11
1027 2479 1170 2522 αὑτοῦ
1201 2478 1351 2522 ΤΒΜ
1377 2479 1425 2521 et
1457 2490 1511 2519 ex
1544 2476 1686 2520 αὑτοῦ
1720 2490 1822 2520 corr

134 2535 266 2579 Bad2
306 2537 352 2578 et
390 2535 439 2578 in
470 2536 613 2579 αὑτοῦ
653 2549 754 2579 corr
780 2537 841 2581 Cn
1010 2542 1059 2580 11
1102 2539 1282 2581 πολλῶν
1315 2563 1370 2568 -
1406 2540 1460 2578 13
1510 2534 1820 2606 εἰργασμένων

136 2593 253 2637 citat
276 2594 382 2638 Lex
400 2593 663 2638 Darms‘oad
683 2594 762 2639 fol.
780 2599 882 2638 105r
906 2594 1081 2652 μανία
1107 2596 1186 2639 καὶ
1211 2595 1234 2639 ὁ
1254 2591 1641 2651 ἐνθουσιασμὸς”“
1616 2610 1644 2650 η
1664 2594 1693 2650 ἡ
1709 2597 1822 2638 θεο-

135 2651 302 2709 ληψία·
342 2651 566 2725 Λιβάνιος
602 2653 720 2708 πρὸς
755 2652 1009 2699 Θεοδόσιον
1040 2655 1122 2699 τὸν
1160 2653 1368 2713 βασιλέα·
1419 2655 1637 2698 πολλῶν
1669 2655 1759 2696 κτλ.

138 2715 192 2754 12
219 2708 457 2769 ἐγκωμίων
484 2711 806 2768 scripsiePar.
827 2717 942 2756 3014
963 2714 1069 2757 Lex
1086 2713 1242 2757 Darm.
1263 2727 1366 2756 cum
1390 2713 1492 2756 Mor
1508 2711 1621 2755 Sinn
1683 2711 1820 2768 ἐγκώ-

136 2786 219 2825 μια
250 2770 419 2826 reliqui
450 2770 560 2813 libri
583 2771 692 2815 Flor
715 2771 782 2815 Re
934 2777 986 2815 13
1020 2770 1331 2830 εἰργασμένων
1364 2772 1474 2815 Bad
1505 2771 1586 2815 sed
1620 2788 1649 2813 α
1682 2784 1822 2827 supra,

138 2845 203 2872 ων
219 2829 289 2872 m²
350 2827 626 2886 εἰργασμένα
642 2829 750 2873 Flor
858 2835 913 2873 14
937 2831 1017 2875 καὶ
1043 2833 1120 2875 σαὶ
1143 2832 1266 2875 inser
1282 2830 1339 2874 1²
1400 2831 1480 2874 καὶ
1504 2830 1582 2874 σαὶ
1606 2831 1686 2874 καὶ
1705 2828 1821 2874 ὅπλα

139 2900 214 2930 0111
238 2890 348 2933 Bad
481 2893 533 2932 15
566 2887 623 2944 δὴ
657 2889 766 2932 Bad
792 2890 797 2945 Ι
826 2889 951 2933 καθὸ
977 2891 1087 2934 Bad
1223 2894 1276 2933 16
1309 2887 1400 2933 ὑπό
1433 2902 1482 2933 σε
1514 2889 1606 2933 edd
1633 2891 1638 2945 Ι
1668 2903 1715 2933 σε
1748 2903 1822 2931 0111

62 2951 73 2964 ’
139 2947 250 2990 Bad
371 2951 424 2990 17
458 2946 509 2992 δὲ
536 2947 646 2991 CIR
671 2947 738 2990 Re
764 2947 877 2991 Sinn
905 2950 910 3004 Ι
939 2956 1196 3004 μεταταῦτα
1223 2949 1295 2992 VI
1297 2949 1379 2992 ΤΒ
1502 2952 1555 2991 19
1587 2946 1632 2991 τί
1664 2948 1737 2991 VI
1740 2948 1821 2991 ΤΒ
