2060 3162
696 139 924 184 LIBANII
955 139 1179 185 ORATIO
1211 140 1362 185 XVIII
1746 141 1854 194 263

166 273 229 328 δὲ
282 273 560 344 μέγιστον,
616 275 1015 343 σαγηνεύοντες
1065 276 1170 345 γὰρ
1217 278 1349 339 τοὺς
1396 275 1459 329 ἐν
1504 283 1622 339 ταῖς
1666 278 1858 344 νήσοις

165 363 227 416 ἐν
265 364 434 434 ταύτῃ
484 370 550 432 τῇ
599 365 750 433 θήρᾳ
795 361 886 416 καὶ
931 364 1031 416 τὸν
1077 365 1316 433 ἄρχοντα
1360 365 1494 431 μετὰ
1537 373 1650 417 τῶν
1696 364 1858 434 ἀρχο-

163 451 348 519 μένων
394 447 565 521 εἶχον·
633 451 700 504 ὃν
743 448 885 520 ἦγον
932 451 1180 521 ἐχόμενοι
1227 462 1339 505 τῶν
1384 462 1600 522 χειρῶν,
1647 453 1713 507 οὐ
1761 473 1859 521 γυ-

166 541 480 609 μνώσαντες
503 549 615 592 τῶν
639 539 842 608 ὅπλων,
875 541 1053 610 ἄνδρα
1077 539 1336 608 μέγιστόν
1366 560 1425 593 τε
1448 541 1538 594 καὶ
1562 541 1858 595 κάλλιστον

164 629 256 681 καὶ
286 630 417 690 τοὺς
448 627 706 682 ἁπάντων
738 628 1067 697 ὀφθαλμοὺς
1096 627 1500 698 ἐπιστρέφοντα
1531 630 1620 691 καὶ
1650 631 1856 699 σώματι
1903 652 1925 685 5

164 717 254 770 καὶ
317 725 499 787 σκευῇ.
589 717 674 769 62.
736 717 827 770 καὶ
883 716 912 770 ὁ
967 717 1068 783 μὲν
1120 717 1276 784 ἥλιος
1328 724 1586 771 τοιοῦτον
1638 715 1806 788 ἔργον
1847 733 1854 804 1

164 804 371 859 ἐπιδὼν
416 806 534 873 ἔδυ,
587 805 688 858 τὸν
733 806 910 875 ἄνδρα
957 802 1019 858 δὲ
1055 813 1259 858 τοῦτον
1306 805 1334 859 ὁ
1375 807 1635 873 βασιλεὺς
1674 808 1752 869 εἰς
1797 820 1947 863 R543
2034 845 2038 849 -

164 894 412 956 εὐθύνας
457 889 537 946 ὧν
582 892 847 962 ἐτόλμησε
893 896 1255 963 καταστήσας,
1309 893 1467 964 μέχρι
1517 894 1618 963 μὲν
1665 894 1856 964 ἐχρῆτο

163 983 351 1050 λόγοις
390 985 648 1052 φρόνημα
686 980 930 1051 ἔχουσιν,
970 981 1262 1052 ἐθαύμαζε,
1302 984 1531 1036 ταπεινὰ
1571 980 1633 1036 δὲ
1671 984 1739 1036 τὰ
1776 1003 1859 1036 τε-

164 1074 389 1124 λευταῖα
427 1074 702 1139 γενναίοις
740 1079 858 1134 τοῖς
895 1072 1135 1139 πρώτοις
1174 1070 1436 1124 ἐπιθέντα
1474 1071 1564 1128 καὶ
1601 1073 1859 1125 δείσαντα
1883 1094 1928 1127 10

162 1160 286 1229 περὶ
320 1166 383 1229 τῇ
415 1168 563 1230 ψυχῇ
596 1160 688 1212 καὶ
718 1159 1041 1229 μνησθέντα
1073 1163 1344 1229 σωτηρίας
1374 1160 1557 1230 ὥσπερ
1588 1159 1859 1229 ἐμίσησεν.

165 1248 233 1300 οὐ
273 1250 381 1317 μὴν
420 1245 621 1317 ἔδρασέ
655 1268 716 1316 γε
755 1249 944 1301 δεινὸν
984 1245 1153 1301 οὐδὲν
1188 1245 1320 1301 οὐδὲ
1352 1250 1549 1317 ἔδησεν
1580 1248 1861 1311 αἰδεσθεὶς

163 1337 266 1404 τὴν
290 1338 414 1405 ἄρτι
437 1337 610 1405 τύχην
632 1337 725 1389 καὶ
749 1339 1117 1405 λογιζόμενος,
1143 1337 1280 1390 ὅσον
1307 1342 1532 1405 ἴσχυσεν
1551 1335 1724 1407 ἡμέρα
1747 1338 1859 1405 μία.

277 1424 362 1477 63.
418 1427 553 1478 Τίνα
590 1434 702 1478 τῶν
740 1424 865 1492 παρ’
893 1423 1157 1493 ’Ἕλλησιν
1195 1423 1404 1494 ἑορτῶν
1441 1424 1751 1493 παρέβαλεν
1790 1426 1860 1477 ἄν

163 1532 246 1576 τις
291 1521 356 1583 τῇ
410 1515 533 1566 τότε
580 1513 780 1585 ἑσπέρᾳ
834 1516 1227 1583 συμπινόντων
1279 1510 1382 1582 μὲν
1435 1513 1693 1582 ἀλλήλοις
1746 1522 1859 1566 τῶν
1883 1534 1927 1568 1⁵

163 1601 577 1671 ἠγωνισμένων,
622 1602 1019 1672 ἀριθμούντων
1059 1599 1119 1654 δὲ
1158 1603 1296 1671 πρὸς
1336 1601 1624 1670 ἀλλήλους,
1663 1601 1760 1664 οὓς
1801 1600 1862 1655 ἐν

163 1698 228 1759 τῇ
275 1690 417 1759 μάχῃ
465 1691 825 1758 κατήνεγκαν,
871 1688 963 1742 καὶ
1002 1699 1113 1742 τῶν
1151 1686 1254 1757 μὲν
1291 1691 1599 1757 γελώντων,
1649 1698 1759 1742 τῶν
1799 1689 1862 1743 δὲ

165 1776 436 1848 ᾀδόντων,
475 1787 588 1830 τῶν
621 1778 683 1831 δὲ
721 1778 1118 1845 ἀπειλούντων,
1158 1778 1187 1831 ὁ
1221 1777 1283 1831 δὲ
1321 1779 1640 1846 εἰργόμενος
1670 1780 1862 1832 σιτίων

164 1874 282 1928 τοῖς
311 1867 622 1934 τραύμασιν
655 1866 865 1935 ἀρκοῦν
898 1861 1008 1935 εἶχε
1038 1867 1401 1934 παραμύθιον
1431 1866 1570 1919 αὐτὰ
1600 1867 1666 1919 τὰ
1696 1866 1862 1935 τραύ-

164 1974 329 2023 ματα;
371 1953 456 2006 64.
496 1950 529 2022 ἧ
560 1973 670 2008 που
710 1955 815 2008 κάν
854 1963 970 2017 τοῖς
1003 1953 1285 2024 ὀνείρασιν
1324 1953 1525 2008 ἐκεῖνοι
1564 1957 1694 2018 τοὺς
1724 1957 1859 2023 βαρ-
1884 1977 1929 2010 20

165 2174 183 2216 1
215 2174 231 2216 1
274 2120 328 2217 625
342 2114 508 2159 Iulian.
528 2128 599 2171 ep.
620 2115 679 2158 ad
706 2127 799 2158 sen.
818 2115 927 2159 Ath.
952 2130 997 2172 p.
1017 2119 1102 2158 279
1119 2113 1165 2158 G.
1213 2115 1363 2158 Amm.
1382 2113 1457 2158 1.1.
1479 2118 1535 2157 24
1658 2119 1684 2158 8
1709 2114 1859 2159 Amm.

288 2313 309 2349 1
344 2307 711 2364 σαγηνεύσαντες
742 2307 809 2349 Re
984 2311 1009 2349 3
1043 2303 1166 2351 εἶλον
1199 2305 1404 2350 Sintenis
1437 2307 1484 2348 et
1515 2304 1661 2349 Cobet
1691 2304 1860 2349 Mnem.

165 2365 207 2402 V
226 2370 308 2408 132
336 2364 466 2422 (Coll.
488 2367 590 2422 112)
624 2368 674 2409 at
697 2365 754 2409 cf.
787 2380 832 2421 p.
853 2370 953 2420 282,
972 2370 997 2408 2
1032 2367 1079 2409 et
1103 2369 1204 2420 283,
1224 2370 1276 2408 11
1306 2367 1312 2421 Ι
1341 2363 1396 2409 ὃν
1420 2365 1456 2407 I
1481 2364 1563 2407 sed
1587 2381 1611 2408 ο
1637 2366 1685 2408 et
1707 2364 1862 2420 gravis

165 2469 215 2512 in
239 2482 314 2512 ras
338 2468 408 2512 m'
552 2472 575 2510 7
611 2466 762 2522 ἄνδρα
787 2469 833 2512 Ρ
861 2468 944 2512 sed
967 2485 1022 2524 γρ
1048 2467 1252 2525 ἄρχοντα
1284 2467 1335 2510 in
1365 2481 1499 2524 marg
1523 2466 1594 2510 m³
1653 2426 1864 2524 ἄρκῖξιςτῖι

168 2529 253 2572 Mo
306 2526 510 2585 ἄρχοντα
530 2527 610 2571 ΟΒ
626 2525 729 2569 Mor
743 2526 812 2570 Re
840 2529 846 2583 1
874 2527 1088 2584 βασιλεὺς
1110 2526 1177 2578 εἰς
1193 2528 1238 2571 Ρ
1258 2526 1342 2570 sed
1366 2526 1443 2576 εὺς
1465 2525 1515 2568 in
1531 2539 1607 2569 ras
1633 2539 1861 2582 suprascr.

166 2586 236 2630 111²
267 2588 316 2630 et
346 2586 388 2630 εἰ
418 2586 469 2630 in
499 2599 575 2629 ras
607 2584 677 2627 m'
799 2589 852 2628 11
885 2591 968 2642 τῆς
999 2583 1228 2641 σωτηρίας
1258 2584 1382 2628 Fabr
1419 2587 1425 2638 Ι
1471 2582 1682 2641 ἐμίσησεν
1705 2586 1751 2628 Ρ
1780 2584 1863 2628 sed

168 2661 190 2689 ε
221 2644 421 2689 alterum
450 2645 501 2688 in
531 2656 607 2688 ras
639 2642 709 2686 m'
847 2647 901 2687 12
936 2644 1098 2701 ἔδησεν
1130 2645 1207 2688 La
1238 2643 1319 2686 sed
1350 2660 1378 2699 η
1410 2643 1461 2686 in
1491 2656 1567 2686 ras
1591 2658 1624 2687 n
1686 2643 1861 2689 ἔδεισεν

169 2703 251 2747 Mo
397 2708 452 2746 14
485 2704 539 2746 οὐ
571 2701 857 2759 παρέβαλλεν
888 2702 965 2746 La
1109 2708 1163 2747 15
1196 2701 1280 2759 μὲν
1313 2715 1390 2745 om
1423 2702 1508 2747 Mo
1653 2706 1707 2745 16
1739 2703 1862 2759 ἀγω-

167 2761 427 2818 νισαμένων
459 2761 561 2805 Mor
599 2761 605 2818 Ι
647 2759 783 2810 ὅσους
807 2759 951 2804 Cobet
972 2761 1203 2805 Mnem.V
1229 2765 1313 2804 132
1346 2759 1476 2816 (Gon.
1498 2762 1600 2818 112)
1723 2765 1776 2804 18
1810 2759 1862 2804 δὲ

171 2820 355 2878 (prius)]
387 2815 436 2864 δ“
470 2834 576 2864 cum
606 2832 769 2862 rasura
802 2823 827 2861 3
859 2819 939 2862 litt
962 2821 1039 2863 La
1175 2824 1228 2863 19
1262 2815 1358 2894 εἶῖέ
1381 2834 1432 2876 γε
1455 2819 1547 2862 edd
1609 2833 1749 2874 „num
1782 2820 1859 2876 leq.

171 2878 408 2932 ἀρκοῦσαν
441 2875 533 2936 εἶχε
571 2875 943 2933 παραρυυθίανὶ)“
991 2878 1060 2920 Re
1198 2883 1254 2921 20
1300 2896 1329 2935 η
1359 2892 1453 2921 που
1485 2878 1575 2920 κάν
1618 2878 1804 2933 reposui
1837 2890 1861 2921 e

168 2933 302 2979 libris
363 2936 488 2991 ἥπου
520 2934 610 2981 κᾶν
643 2936 734 2979 edd
