2060 3162
626 180 866 224 'LIBANII
897 181 1122 226 ORATIO
1155 181 1261 224 XVI
1688 180 1789 232 157

109 324 192 371 fol.
228 324 311 370 44.
344 346 361 364 ι
388 320 514 369 Vide
554 322 587 368 t.
613 320 638 367 I
675 338 722 385 p.
759 323 862 369 323
882 338 952 384 sq.
994 324 1043 370 et
1076 324 1196 371 432.
1277 321 1500 370 Contulit
1538 336 1700 368 meum
1740 322 1792 366 in

106 413 251 445 usum
289 394 567 444 Alexander
603 388 877 444 Laiiriotes.

220 471 303 520 24.
342 469 716 517 Monacensis
757 485 835 532 gr.
871 472 974 518 113
1011 464 1105 537 (=
1131 464 1237 537 Mo)
1271 485 1393 518 saec.
1419 469 1536 516 XVI
1567 468 1790 516 fol.13‘2.

108 545 234 593 Vide
273 546 308 591 t.
339 543 364 590 I
402 560 448 605 p.
476 544 596 591 413.
676 541 891 591 Contuli.

221 619 303 666 25.
343 616 771 666 Ambrosianus
803 618 828 664 I
859 619 928 666 49
972 634 1099 667 anno
1135 619 1275 666 1488
1318 619 1531 680 scriptus
1571 617 1655 664 fol.
1685 618 1802 663 75‘2-

82 692 238 756 ,Vide
271 693 306 739 t.
340 691 365 738 I
402 707 448 753 p.
484 693 588 739 363
608 707 677 752 sq.

220 766 301 813 26.
342 764 654 813 Parisinus
687 782 765 828 gr.
786 767 926 814 3017
962 782 1084 814 saec.
1103 766 1195 813 XV
1226 766 1414 815 10185.
1486 765 1611 812 Vide
1645 780 1793 826 supra

107 857 153 902 p.
187 841 219 886 4
237 855 308 902 sq.

222 915 303 962 27.
359 912 618 960 Urbinas
657 930 734 977 gr.
764 915 866 962 125
909 929 1031 962 saec.
1064 914 1182 962 XIV
1228 915 1311 962 fol.
1341 915 1459 961 142.
1536 913 1662 961 Vide
1702 915 1737 960 t.
1771 912 1806 958 1·

105 1005 153 1050 p.
191 988 295 1035 214
314 1003 383 1049 sq.
425 989 475 1034 et
515 988 634 1034 236.

222 1062 305 1110 28.
369 1059 793 1110 Casanatensis
854 1065 955 1111 197
1013 1078 1134 1111 saec.
1186 1062 1278 1109 XV
1331 1062 1414 1110 fol.
1466 1063 1584 1110 199.
1669 1061 1794 1109 Vide

105 1139 144 1184 t.
177 1135 202 1182 I
239 1152 285 1197 p.
320 1136 427 1183 420
444 1150 514 1197 sq.
555 1137 604 1183 et
643 1152 793 1198 supra
830 1154 875 1199 p.
906 1137 1024 1185 118.
1102 1135 1315 1185 Contuli.

224 1211 308 1257 29.
348 1209 678 1258 Vaticanus
710 1210 1033 1258 Palatinus
1073 1227 1150 1273 gr
1179 1211 1284 1259 350
1317 1226 1440 1258 saec.
1466 1209 1584 1256 XVI
1614 1210 1698 1257 fol.
1727 1211 1795 1257 3.

107 1283 236 1331 Vide
275 1299 425 1346 supra
469 1300 516 1345 p.
551 1285 580 1331 3
601 1300 672 1346 sq.
748 1285 945 1349 Desinit
990 1285 1074 1332 fol.
1110 1286 1168 1332 8
1214 1285 1376 1332 verbis
1426 1282 1517 1347 τὴν
1568 1282 1797 1348 μετάστα-

114 1371 195 1406 σιν
237 1350 306 1423 (p.
339 1358 460 1418 175,
485 1350 557 1423 4).

226 1433 308 1479 30.
362 1431 724 1481 Mutinensis
779 1450 857 1495 gr.
902 1434 1001 1481 181
1054 1448 1176 1480 saec.
1218 1432 1309 1479 XV
1347 1433 1432 1480 fol.
1476 1433 1594 1479 121.
1672 1431 1797 1479 Vide

112 1521 265 1567 supra
301 1522 347 1567 p.
382 1506 449 1552 48
469 1521 539 1567 sq.

226 1580 308 1627 31.
341 1580 682 1628 Marcianus
715 1597 793 1643 gr.
820 1581 925 1628 445
953 1595 1076 1628 saec.
1094 1579 1186 1626 XV
1210 1580 1294 1627 fol.
1317 1580 1434 1627 139.
1497 1579 1623 1626 Vide
1647 1594 1799 1641 supra

113 1671 159 1715 p.
189 1654 270 1701 51.
347 1653 553 1701 Initium
592 1654 831 1702 orationis
869 1669 1027 1716 usque
1068 1654 1129 1701 ad
1166 1671 1212 1716 p.
1250 1654 1369 1714 165,
1406 1655 1469 1700 12
1511 1654 1712 1701 0011131111.

228 1727 309 1774 32.
352 1726 904 1775 Cheltenhamensis
947 1728 1134 1775 10618
1176 1743 1300 1775 saec.
1332 1726 1475 1774 XVII
1512 1727 1592 1775 vel
1630 1726 1799 1774 XVIII

115 1801 200 1848 fol.
221 1801 287 1847 38
323 1815 351 1847 a
382 1800 637 1849 Leonardo
670 1800 849 1849 Adami
881 1818 906 1849 e
937 1801 1042 1848 Pal.
1069 1802 1172 1848 282
1206 1802 1574 1863 transscriptus.
1644 1801 1798 1849 Foliis

115 1875 334 1921 42-—45
362 1874 579 1922 eiusdem
595 1876 755 1923 versio
779 1875 938 1923 latina
963 1877 1256 1939 continetur.
1296 1875 1421 1922 Vide
1444 1878 1478 1922 t.
1496 1875 1521 1922 I
1544 1891 1592 1937 p.
1612 1876 1714 1922 282
1728 1890 1798 1936 sq.

230 1948 313 1995 33.
368 1947 527 1996 Musei
574 1949 851 1997 Britannici
904 1949 1266 1997 Harleianus
1316 1950 1457 1997 5592
1513 1950 1799 1998 chartaceus

116 2023 169 2068 in
210 2021 329 2068 folio
370 2024 588 2070 continet
627 2038 781 2085 aeque
821 2026 968 2085 atque
1010 2025 1168 2084 5591,
1208 2025 1350 2071 cuius
1390 2025 1443 2070 111
1480 2023 1639 2085 primo
1679 2024 1799 2071 folio

117 2096 357 2156 scriptum
396 2098 470 2144 est
508 2097 591 2144 Ex
628 2098 765 2145 libris
803 2098 1007 2145 Hewrici
1043 2097 1234 2157 Stefani
1280 2100 1330 2145 et
1378 2095 1439 2146 ἐκ
1484 2103 1595 2145 τῶν
1642 2094 1799 2161 ἐνρί-

116 2186 224 2217 xcv
277 2175 378 2217 τοῦ
433 2169 754 2235 στεφάνου,
808 2173 857 2218 et
908 2172 1049 2220 5593
1098 2174 1327 2234 excerpta
1371 2170 1621 2219 Henrici
1672 2170 1798 2218 Ste-

116 2243 299 2304 phani
340 2246 487 2305 atque
526 2246 657 2292 inter
693 2245 812 2293 haec
850 2245 902 2291 in
943 2246 1175 2293 fasciculo
1216 2244 1426 2293 secundo
1464 2245 1578 2293 inde
1620 2261 1649 2292 a
1679 2245 1799 2293 folio

123 2317 225 2364 208
266 2331 419 2378 usque
458 2318 522 2365 ad
563 2320 665 2366 212
715 2317 858 2384 πρὸς
908 2316 1214 2384 ἀντιοχέας
1252 2317 1382 2385 περὶ
1420 2325 1522 2382 τῆς
1559 2325 1662 2366 τοῦ
1700 2319 1800 2383 βα-

119 2387 323 2448 σιλέως
362 2387 540 2456 ὀργῆς
578 2408 688 2440 011111
727 2393 1082 2455 subscriptione
1122 2390 1254 2451 τέλος
1293 2398 1379 2441 τοῦ
1418 2391 1565 2458 λόγου
1604 2398 1690 2441 τοῦ
1730 2395 1799 2440 λι-

120 2464 311 2527 βανίου.
373 2460 427 2522 ὃς
465 2463 781 2531 ἐπιγράφεται
819 2465 940 2531 πρὸς
978 2464 1226 2531 ἀντιοχέας
1264 2464 1373 2531 περὶ
1410 2473 1498 2529 τῆς
1535 2473 1622 2514 τοῦ
1661 2467 1800 2530 βασι-

120 2535 238 2595 λέως
288 2545 464 2603 φυγῆς.
540 2539 581 2586 Ε
621 2542 741 2587 nota
789 2541 1054 2604 marginali
1101 2541 1210 2588 folii
1252 2542 1402 2589 202':
1459 2540 1664 2588 Venetiis
1701 2539 1797 2587 An.

126 2611 281 2658 1555.
365 2610 570 2672 Auyust.
610 2613 816 2661 XVIII
863 2614 1066 2677 colligas
1121 2616 1394 2662 orationem
1446 2614 1538 2661 hoc
1592 2629 1720 2661 anno
1772 2630 1799 2660 a

123 2683 372 2747 Stephano
411 2685 708 2748 descriptam
747 2701 848 2734 esse
879 2688 1101 2735 Venetiis
1141 2705 1165 2735 e
1206 2688 1370 2735 codice
1410 2703 1553 2748 quem
1592 2687 1799 2735 Marcia-

124 2774 243 2804 num
282 2775 351 2822 gr.
387 2760 491 2807 445
532 2761 612 2807 vel
642 2759 764 2808 XCI.
794 2763 823 2807 2
864 2761 1014 2809 fuisse
1053 2763 1357 2809 coniecerim.

237 2831 461 2880 0011100111
501 2849 628 2881 anno
663 2835 804 2881 1880
842 2834 1046 2896 inspexi.

234 2904 307 2950 De
348 2906 511 2954 codice
550 2907 791 2954 Ioannis
822 2906 1043 2969 Altini,
1083 2925 1106 2956 e
1148 2923 1243 2969 quo
1277 2908 1548 2955 orationem
1587 2907 1799 2968 descrip-

124 2978 228 3024 tam
273 2993 419 3040 penes
459 2994 508 3027 se
556 2995 657 3028 esse
702 2982 913 3028 testatus
961 2983 1035 3029 est
1071 2981 1313 3029 Henricus
1353 2981 1579 3028 Valesius
1619 2980 1797 3028 Adnot.

1832 1956 1886 1995 98
