<?xml version="1.0" encoding="UTF-8"?>
<!DOCTYPE html PUBLIC "-//W3C//DTD XHTML 1.0 Transitional//EN"
    "http://www.w3.org/TR/xhtml1/DTD/xhtml1-transitional.dtd">
<html xmlns="http://www.w3.org/1999/xhtml" xml:lang="en" lang="en">
 <head>
  <title>
</title>
<meta http-equiv="Content-Type" content="text/html;charset=utf-8" />
  <meta name='ocr-system' content='tesseract 3.04.00' />
  <meta name='ocr-capabilities' content='ocr_page ocr_carea ocr_par ocr_line ocrx_word'/>
</head>
<body>
  <div class='ocr_page' id='page_1' title='image "./operarecensuitri02libauoft_0449.png"; bbox 0 0 2060 3162; ppageno 0'>
   <div class='ocr_carea' id='block_1_1' title="bbox 724 103 1874 158">
    <p class='ocr_par' dir='ltr' id='par_1_1' title="bbox 724 103 1874 158">
     <span class='ocr_line' id='line_1_1' title="bbox 724 103 1874 158; baseline -0.001 -9"><span class='ocrx_word' id='word_1_1' title='bbox 724 105 952 149; x_wconf 87' lang='lat' dir='ltr'><strong>LIBANII</strong></span> <span class='ocrx_word' id='word_1_2' title='bbox 982 103 1207 149; x_wconf 82' lang='lat' dir='ltr'><strong>ORATIO</strong></span> <span class='ocrx_word' id='word_1_3' title='bbox 1238 104 1323 148; x_wconf 87' lang='lat' dir='ltr'><strong><em>XX</em></strong></span> <span class='ocrx_word' id='word_1_4' title='bbox 1765 105 1874 158; x_wconf 85' lang='lat'><strong><em>439</em></strong></span> 
     </span>
    </p>
   </div>
   <div class='ocr_carea' id='block_1_2' title="bbox 187 236 1960 1906">
    <p class='ocr_par' dir='ltr' id='par_1_2' title="bbox 194 236 1868 398">
     <span class='ocr_line' id='line_1_2' title="bbox 194 236 1868 310; baseline 0 -16"><span class='ocrx_word' id='word_1_5' title='bbox 194 242 338 294; x_wconf 86' lang='grc' dir='ltr'><strong><em>εἰσιν</em></strong></span> <span class='ocrx_word' id='word_1_6' title='bbox 377 236 438 293; x_wconf 82' lang='grc' dir='ltr'><strong><em>εὖ</em></strong></span> <span class='ocrx_word' id='word_1_7' title='bbox 485 241 743 308; x_wconf 84' lang='grc' dir='ltr'><strong><em>πράττειν</em></strong></span> <span class='ocrx_word' id='word_1_8' title='bbox 790 239 955 309; x_wconf 76' lang='grc' dir='ltr'><strong><em>ἄξιοι,</em></strong></span> <span class='ocrx_word' id='word_1_9' title='bbox 1008 239 1237 308; x_wconf 80' lang='grc' dir='ltr'><strong><em>βασιλέα</em></strong></span> <span class='ocrx_word' id='word_1_10' title='bbox 1283 237 1344 293; x_wconf 72' lang='grc' dir='ltr'><strong><em>δὲ</em></strong></span> <span class='ocrx_word' id='word_1_11' title='bbox 1389 241 1737 310; x_wconf 77' lang='grc' dir='ltr'><strong><em>παρεκάλουν</em></strong></span> <span class='ocrx_word' id='word_1_12' title='bbox 1780 240 1868 310; x_wconf 85' lang='grc' dir='ltr'><strong><em>ἐφ’</em></strong></span> 
     </span>
     <span class='ocr_line' id='line_1_3' title="bbox 194 327 1194 398; baseline -0.001 -15"><span class='ocrx_word' id='word_1_13' title='bbox 194 328 230 383; x_wconf 82' lang='grc' dir='ltr'><em>ἃ</em></span> <span class='ocrx_word' id='word_1_14' title='bbox 267 329 356 382; x_wconf 79' lang='grc' dir='ltr'><strong><em>καὶ</em></strong></span> <span class='ocrx_word' id='word_1_15' title='bbox 395 329 502 398; x_wconf 90' lang='grc' dir='ltr'><strong><em>πρὸ</em></strong></span> <span class='ocrx_word' id='word_1_16' title='bbox 543 327 768 382; x_wconf 84' lang='grc' dir='ltr'><strong><em>ἐκείνων</em></strong></span> <span class='ocrx_word' id='word_1_17' title='bbox 807 329 972 392; x_wconf 86' lang='grc' dir='ltr'><strong><em>αὐτὸς</em></strong></span> <span class='ocrx_word' id='word_1_18' title='bbox 1010 329 1194 382; x_wconf 87' lang='grc' dir='ltr'><strong><em>αὑτόν.</em></strong></span> 
     </span>
    </p>

    <p class='ocr_par' dir='ltr' id='par_1_3' title="bbox 187 410 1960 1639">
     <span class='ocr_line' id='line_1_4' title="bbox 312 410 1874 488; baseline 0.001 -19"><span class='ocrx_word' id='word_1_19' title='bbox 312 416 397 469; x_wconf 84' lang='lat'><strong><em>38.</em></strong></span> <span class='ocrx_word' id='word_1_20' title='bbox 467 420 648 484; x_wconf 89' lang='grc' dir='ltr'><strong><em>Δηλοῖ</em></strong></span> <span class='ocrx_word' id='word_1_21' title='bbox 709 416 760 469; x_wconf 88' lang='grc' dir='ltr'><strong><em>δ’</em></strong></span> <span class='ocrx_word' id='word_1_22' title='bbox 807 410 921 480; x_wconf 85' lang='grc' dir='ltr'><strong><em>οἷός</em></strong></span> <span class='ocrx_word' id='word_1_23' title='bbox 981 415 1156 485; x_wconf 79' lang='grc' dir='ltr'><strong><em>ἐστιν,</em></strong></span> <span class='ocrx_word' id='word_1_24' title='bbox 1225 416 1434 480; x_wconf 82' lang='grc' dir='ltr'><strong><em>ἐκεῖνος</em></strong></span> <span class='ocrx_word' id='word_1_25' title='bbox 1502 416 1562 470; x_wconf 84' lang='grc' dir='ltr'><strong><em>ἐν</em></strong></span> <span class='ocrx_word' id='word_1_26' title='bbox 1629 426 1692 488; x_wconf 77' lang='grc' dir='ltr'><strong><em>τῇ</em></strong></span> <span class='ocrx_word' id='word_1_27' title='bbox 1762 427 1874 471; x_wconf 84' lang='grc' dir='ltr'><strong><em>τῶν</em></strong></span> 
     </span>
     <span class='ocr_line' id='line_1_5' title="bbox 194 506 1876 576; baseline 0.001 -18"><span class='ocrx_word' id='word_1_28' title='bbox 194 506 614 575; x_wconf 77' lang='grc' dir='ltr'><strong><em>φιλανθρώπων</em></strong></span> <span class='ocrx_word' id='word_1_29' title='bbox 653 507 920 576; x_wconf 79' lang='grc' dir='ltr'><strong><em>διατριβῇ.</em></strong></span> <span class='ocrx_word' id='word_1_30' title='bbox 997 506 1198 558; x_wconf 86' lang='grc' dir='ltr'><strong><em>διελὼν</em></strong></span> <span class='ocrx_word' id='word_1_31' title='bbox 1242 506 1346 575; x_wconf 78' lang='grc' dir='ltr'><strong><em>γὰρ</em></strong></span> <span class='ocrx_word' id='word_1_32' title='bbox 1387 506 1420 558; x_wconf 77' lang='grc' dir='ltr'><strong><em>ἃ</em></strong></span> <span class='ocrx_word' id='word_1_33' title='bbox 1460 507 1672 574; x_wconf 89' lang='grc' dir='ltr'><strong><em>δίδωσι,</em></strong></span> <span class='ocrx_word' id='word_1_34' title='bbox 1711 507 1876 576; x_wconf 85' lang='grc' dir='ltr'><strong><em>χωρὶς</em></strong></span> 
     </span>
     <span class='ocr_line' id='line_1_6' title="bbox 192 592 1940 663; baseline 0.002 -17"><span class='ocrx_word' id='word_1_35' title='bbox 192 592 424 647; x_wconf 84' lang='grc' dir='ltr'><strong><em>ἕκαστον</em></strong></span> <span class='ocrx_word' id='word_1_36' title='bbox 463 593 790 663; x_wconf 76' lang='grc' dir='ltr'><strong><em>ἀπαριθμεῖ,</em></strong></span> <span class='ocrx_word' id='word_1_37' title='bbox 829 595 924 656; x_wconf 82' lang='grc' dir='ltr'><strong><em>τὰς</em></strong></span> <span class='ocrx_word' id='word_1_38' title='bbox 964 594 1181 662; x_wconf 79' lang='grc' dir='ltr'><strong><em>οὐσίας,</em></strong></span> <span class='ocrx_word' id='word_1_39' title='bbox 1219 595 1286 646; x_wconf 84' lang='grc' dir='ltr'><strong><em>τὰ</em></strong></span> <span class='ocrx_word' id='word_1_40' title='bbox 1324 595 1595 663; x_wconf 75' lang='grc' dir='ltr'><strong><em>θεάματα,</em></strong></span> <span class='ocrx_word' id='word_1_41' title='bbox 1641 596 1708 647; x_wconf 82' lang='grc' dir='ltr'><strong><em>τὰ</em></strong></span> <span class='ocrx_word' id='word_1_42' title='bbox 1746 600 1875 648; x_wconf 88' lang='grc' dir='ltr'><strong><em>λου-</em></strong></span> <span class='ocrx_word' id='word_1_43' title='bbox 1921 617 1940 649; x_wconf 88' lang='lat'>5</span> 
     </span>
     <span class='ocr_line' id='line_1_7' title="bbox 193 675 1874 752; baseline 0.002 -18"><span class='ocrx_word' id='word_1_44' title='bbox 193 683 313 750; x_wconf 90' lang='grc' dir='ltr'><strong><em>τρά,</em></strong></span> <span class='ocrx_word' id='word_1_45' title='bbox 351 685 482 745; x_wconf 91' lang='grc' dir='ltr'><strong><em>τοὺς</em></strong></span> <span class='ocrx_word' id='word_1_46' title='bbox 519 681 959 751; x_wconf 80' lang='grc' dir='ltr'><strong><em>ἐξεληλαμένους,</em></strong></span> <span class='ocrx_word' id='word_1_47' title='bbox 1001 675 1085 745; x_wconf 82' lang='grc' dir='ltr'><strong><em>οἷς</em></strong></span> <span class='ocrx_word' id='word_1_48' title='bbox 1121 684 1245 752; x_wconf 89' lang='grc' dir='ltr'><strong><em>περὶ</em></strong></span> <span class='ocrx_word' id='word_1_49' title='bbox 1284 684 1385 751; x_wconf 88' lang='grc' dir='ltr'><strong><em>τὴν</em></strong></span> <span class='ocrx_word' id='word_1_50' title='bbox 1415 684 1598 752; x_wconf 85' lang='grc' dir='ltr'><strong><em>ψυχὴν</em></strong></span> <span class='ocrx_word' id='word_1_51' title='bbox 1635 683 1663 737; x_wconf 92' lang='grc' dir='ltr'>ὁ</span> <span class='ocrx_word' id='word_1_52' title='bbox 1696 686 1874 752; x_wconf 79' lang='grc' dir='ltr'><strong><em>λόγος,</em></strong></span> 
     </span>
     <span class='ocr_line' id='line_1_8' title="bbox 190 769 1873 843; baseline 0.002 -20"><span class='ocrx_word' id='word_1_53' title='bbox 190 772 291 839; x_wconf 89' lang='grc' dir='ltr'><strong><em>τὴν</em></strong></span> <span class='ocrx_word' id='word_1_54' title='bbox 321 772 387 823; x_wconf 81' lang='grc' dir='ltr'><strong><em>τὰ</em></strong></span> <span class='ocrx_word' id='word_1_55' title='bbox 418 771 583 839; x_wconf 82' lang='grc' dir='ltr'><strong><em>αὑτῆς</em></strong></span> <span class='ocrx_word' id='word_1_56' title='bbox 615 771 986 840; x_wconf 87' lang='grc' dir='ltr'><strong><em>ἀπειληφυῖαν</em></strong></span> <span class='ocrx_word' id='word_1_57' title='bbox 1017 771 1207 841; x_wconf 84' lang='grc' dir='ltr'><strong><em>ἀρχήν,</em></strong></span> <span class='ocrx_word' id='word_1_58' title='bbox 1246 769 1386 841; x_wconf 79' lang='grc' dir='ltr'><strong><em>ἔχων</em></strong></span> <span class='ocrx_word' id='word_1_59' title='bbox 1418 771 1479 825; x_wconf 81' lang='grc' dir='ltr'><strong><em>ἐν</em></strong></span> <span class='ocrx_word' id='word_1_60' title='bbox 1511 773 1690 840; x_wconf 81' lang='grc' dir='ltr'><strong><em>δυοῖν,</em></strong></span> <span class='ocrx_word' id='word_1_61' title='bbox 1723 777 1873 843; x_wconf 80' lang='grc' dir='ltr'><strong><em>εἴπερ</em></strong></span> 
     </span>
     <span class='ocr_line' id='line_1_9' title="bbox 190 858 1873 930; baseline 0.001 -18"><span class='ocrx_word' id='word_1_62' title='bbox 190 858 467 929; x_wconf 78' lang='grc' dir='ltr'><strong><em>ἐβούλετο,</em></strong></span> <span class='ocrx_word' id='word_1_63' title='bbox 519 860 720 930; x_wconf 77' lang='grc' dir='ltr'><strong><em>ῥήμασι</em></strong></span> <span class='ocrx_word' id='word_1_64' title='bbox 758 863 1077 930; x_wconf 87' lang='grc' dir='ltr'><strong><em>περιλαβεῖν</em></strong></span> <span class='ocrx_word' id='word_1_65' title='bbox 1115 862 1216 929; x_wconf 85' lang='grc' dir='ltr'><strong><em>τὴν</em></strong></span> <span class='ocrx_word' id='word_1_66' title='bbox 1254 862 1427 914; x_wconf 89' lang='grc' dir='ltr'><strong><em>δόσιν.</em></strong></span> <span class='ocrx_word' id='word_1_67' title='bbox 1503 861 1532 914; x_wconf 88' lang='grc' dir='ltr'>ὁ</span> <span class='ocrx_word' id='word_1_68' title='bbox 1572 860 1651 929; x_wconf 89' lang='grc' dir='ltr'><strong><em>δέ,</em></strong></span> <span class='ocrx_word' id='word_1_69' title='bbox 1692 862 1873 930; x_wconf 82' lang='grc' dir='ltr'><strong><em>ὥσπερ</em></strong></span> 
     </span>
     <span class='ocr_line' id='line_1_10' title="bbox 190 948 1876 1020; baseline 0.002 -19"><span class='ocrx_word' id='word_1_70' title='bbox 190 950 249 1001; x_wconf 78' lang='grc' dir='ltr'><strong><em>οἱ</em></strong></span> <span class='ocrx_word' id='word_1_71' title='bbox 283 957 394 1002; x_wconf 82' lang='grc' dir='ltr'><strong><em>τῶν</em></strong></span> <span class='ocrx_word' id='word_1_72' title='bbox 439 948 660 1002; x_wconf 78' lang='grc' dir='ltr'><strong><em>ἀνθέων</em></strong></span> <span class='ocrx_word' id='word_1_73' title='bbox 707 948 952 1018; x_wconf 79' lang='grc' dir='ltr'><strong><em>βραδέως</em></strong></span> <span class='ocrx_word' id='word_1_74' title='bbox 998 949 1490 1017; x_wconf 82' lang='grc' dir='ltr'><strong><em>ἀπαλλαττόμενοι,</em></strong></span> <span class='ocrx_word' id='word_1_75' title='bbox 1540 959 1876 1020; x_wconf 82' lang='grc' dir='ltr'><strong><em>μακρηγορεῖ</em></strong></span> 
     </span>
     <span class='ocr_line' id='line_1_11' title="bbox 188 1035 1941 1107; baseline 0.001 -17"><span class='ocrx_word' id='word_1_76' title='bbox 188 1035 280 1089; x_wconf 85' lang='grc' dir='ltr'><strong><em>καὶ</em></strong></span> <span class='ocrx_word' id='word_1_77' title='bbox 319 1040 473 1106; x_wconf 85' lang='grc' dir='ltr'><strong><em>μόλις</em></strong></span> <span class='ocrx_word' id='word_1_78' title='bbox 512 1036 780 1107; x_wconf 79' lang='grc' dir='ltr'><strong><em>ἐξέρχεται</em></strong></span> <span class='ocrx_word' id='word_1_79' title='bbox 820 1039 910 1091; x_wconf 79' lang='grc' dir='ltr'><strong><em>καὶ</em></strong></span> <span class='ocrx_word' id='word_1_80' title='bbox 942 1037 1192 1091; x_wconf 83' lang='grc' dir='ltr'><strong><em>δέδοικεν</em></strong></span> <span class='ocrx_word' id='word_1_81' title='bbox 1223 1035 1363 1107; x_wconf 75' lang='grc' dir='ltr'><strong><em>ὑπὲρ</em></strong></span> <span class='ocrx_word' id='word_1_82' title='bbox 1395 1048 1507 1091; x_wconf 84' lang='grc' dir='ltr'><strong><em>τῶν</em></strong></span> <span class='ocrx_word' id='word_1_83' title='bbox 1536 1038 1873 1107; x_wconf 88' lang='grc' dir='ltr'><strong><em>πενομένων,</em></strong></span> <span class='ocrx_word' id='word_1_84' title='bbox 1899 1061 1941 1093; x_wconf 83' lang='grc' dir='ltr'><strong><em>ιο</em></strong></span> 
     </span>
     <span class='ocr_line' id='line_1_12' title="bbox 189 1125 1879 1199; baseline 0.001 -21"><span class='ocrx_word' id='word_1_85' title='bbox 189 1125 264 1189; x_wconf 83' lang='grc' dir='ltr'><strong><em>ὡς</em></strong></span> <span class='ocrx_word' id='word_1_86' title='bbox 302 1131 426 1179; x_wconf 77' lang='grc' dir='ltr'><strong><em>ἴσον</em></strong></span> <span class='ocrx_word' id='word_1_87' title='bbox 466 1126 532 1179; x_wconf 89' lang='grc' dir='ltr'><strong><em>ὂν</em></strong></span> <span class='ocrx_word' id='word_1_88' title='bbox 571 1126 801 1195; x_wconf 90' lang='grc' dir='ltr'><strong><em>ἀπορεῖν</em></strong></span> <span class='ocrx_word' id='word_1_89' title='bbox 846 1125 936 1179; x_wconf 83' lang='grc' dir='ltr'><strong><em>καὶ</em></strong></span> <span class='ocrx_word' id='word_1_90' title='bbox 977 1127 1257 1180; x_wconf 79' lang='grc' dir='ltr'><strong><em>τεθνάναι.</em></strong></span> <span class='ocrx_word' id='word_1_91' title='bbox 1334 1127 1418 1179; x_wconf 84' lang='lat'><strong><em>39.</em></strong></span> <span class='ocrx_word' id='word_1_92' title='bbox 1472 1128 1564 1180; x_wconf 80' lang='grc' dir='ltr'><strong><em>διὰ</em></strong></span> <span class='ocrx_word' id='word_1_93' title='bbox 1602 1134 1766 1180; x_wconf 86' lang='grc' dir='ltr'><strong><em>τοῦτο</em></strong></span> <span class='ocrx_word' id='word_1_94' title='bbox 1805 1133 1879 1199; x_wconf 81' lang='grc' dir='ltr'><strong><em>τῷ</em></strong></span> 
     </span>
     <span class='ocr_line' id='line_1_13' title="bbox 189 1209 1879 1285; baseline 0.001 -17"><span class='ocrx_word' id='word_1_95' title='bbox 189 1217 286 1284; x_wconf 82' lang='grc' dir='ltr'><strong><em>ζῆν</em></strong></span> <span class='ocrx_word' id='word_1_96' title='bbox 329 1215 641 1284; x_wconf 87' lang='grc' dir='ltr'><strong><em>προσέθηκε</em></strong></span> <span class='ocrx_word' id='word_1_97' title='bbox 687 1217 748 1269; x_wconf 93' lang='grc' dir='ltr'><strong><em>τὸ</em></strong></span> <span class='ocrx_word' id='word_1_98' title='bbox 795 1217 886 1268; x_wconf 83' lang='grc' dir='ltr'><strong><em>καὶ</em></strong></span> <span class='ocrx_word' id='word_1_99' title='bbox 934 1214 994 1268; x_wconf 86' lang='grc' dir='ltr'><strong><em>ἐν</em></strong></span> <span class='ocrx_word' id='word_1_100' title='bbox 1041 1209 1124 1278; x_wconf 88' lang='grc' dir='ltr'><strong><em>οἷς</em></strong></span> <span class='ocrx_word' id='word_1_101' title='bbox 1170 1212 1320 1285; x_wconf 79' lang='grc' dir='ltr'><strong><em>εἶχον</em></strong></span> <span class='ocrx_word' id='word_1_102' title='bbox 1367 1219 1476 1284; x_wconf 83' lang='grc' dir='ltr'><strong><em>ζῆν.</em></strong></span> <span class='ocrx_word' id='word_1_103' title='bbox 1552 1214 1657 1269; x_wconf 86' lang='grc' dir='ltr'><strong><em>εἰσὶ</em></strong></span> <span class='ocrx_word' id='word_1_104' title='bbox 1705 1212 1765 1268; x_wconf 77' lang='grc' dir='ltr'><strong><em>δὲ</em></strong></span> <span class='ocrx_word' id='word_1_105' title='bbox 1821 1218 1879 1269; x_wconf 82' lang='grc' dir='ltr'><strong><em>οἳ</em></strong></span> 
     </span>
     <span class='ocr_line' id='line_1_14' title="bbox 189 1300 1873 1373; baseline 0.001 -17"><span class='ocrx_word' id='word_1_106' title='bbox 189 1302 265 1356; x_wconf 80' lang='grc' dir='ltr'><strong><em>δι’</em></strong></span> <span class='ocrx_word' id='word_1_107' title='bbox 294 1303 501 1356; x_wconf 91' lang='grc' dir='ltr'><strong><em>ἀδίκων</em></strong></span> <span class='ocrx_word' id='word_1_108' title='bbox 539 1305 802 1357; x_wconf 90' lang='grc' dir='ltr'><strong><em>θανάτων</em></strong></span> <span class='ocrx_word' id='word_1_109' title='bbox 841 1302 929 1357; x_wconf 86' lang='grc' dir='ltr'><strong><em>ε’πὶ</em></strong></span> <span class='ocrx_word' id='word_1_110' title='bbox 967 1305 1064 1367; x_wconf 93' lang='grc' dir='ltr'><strong><em>τάς</em></strong></span> <span class='ocrx_word' id='word_1_111' title='bbox 1101 1324 1269 1358; x_wconf 91' lang='grc' dir='ltr'><strong><em>τινων</em></strong></span> <span class='ocrx_word' id='word_1_112' title='bbox 1306 1300 1445 1373; x_wconf 79' lang='grc' dir='ltr'><strong><em>ἧκον</em></strong></span> <span class='ocrx_word' id='word_1_113' title='bbox 1485 1305 1699 1373; x_wconf 83' lang='grc' dir='ltr'><strong><em>οὐσίας,</em></strong></span> <span class='ocrx_word' id='word_1_114' title='bbox 1738 1305 1771 1373; x_wconf 82' lang='grc' dir='ltr'><em>ἡ</em></span> <span class='ocrx_word' id='word_1_115' title='bbox 1812 1301 1873 1357; x_wconf 78' lang='grc' dir='ltr'><strong><em>δὲ</em></strong></span> 
     </span>
     <span class='ocr_line' id='line_1_15' title="bbox 188 1391 1960 1462; baseline 0.003 -17"><span class='ocrx_word' id='word_1_116' title='bbox 188 1391 456 1445; x_wconf 81' lang='grc' dir='ltr'><strong><em>ἐντεῦθεν</em></strong></span> <span class='ocrx_word' id='word_1_117' title='bbox 494 1392 732 1462; x_wconf 83' lang='grc' dir='ltr'><strong><em>ὠφέλεια</em></strong></span> <span class='ocrx_word' id='word_1_118' title='bbox 770 1401 878 1446; x_wconf 86' lang='grc' dir='ltr'><strong><em>νῦν</em></strong></span> <span class='ocrx_word' id='word_1_119' title='bbox 915 1412 973 1446; x_wconf 91' lang='grc' dir='ltr'><strong><em>τε</em></strong></span> <span class='ocrx_word' id='word_1_120' title='bbox 1011 1394 1101 1446; x_wconf 84' lang='grc' dir='ltr'><strong><em>καὶ</em></strong></span> <span class='ocrx_word' id='word_1_121' title='bbox 1159 1394 1165 1462; x_wconf 90' lang='grc' dir='ltr'>Ι</span> <span class='ocrx_word' id='word_1_122' title='bbox 1223 1392 1278 1456; x_wconf 84' lang='grc' dir='ltr'><strong><em>ἐς</em></strong></span> <span class='ocrx_word' id='word_1_123' title='bbox 1317 1393 1400 1446; x_wconf 83' lang='grc' dir='ltr'><strong><em>ἀεὶ</em></strong></span> <span class='ocrx_word' id='word_1_124' title='bbox 1438 1403 1549 1447; x_wconf 82' lang='grc' dir='ltr'><strong><em>τῶν</em></strong></span> <span class='ocrx_word' id='word_1_125' title='bbox 1587 1393 1670 1446; x_wconf 85' lang='grc' dir='ltr'><strong><em>ἀεὶ</em></strong></span> <span class='ocrx_word' id='word_1_126' title='bbox 1708 1394 1769 1446; x_wconf 89' lang='grc' dir='ltr'><strong><em>τὸ</em></strong></span> <span class='ocrx_word' id='word_1_127' title='bbox 1816 1405 1960 1451; x_wconf 80' lang='lat' dir='ltr'><strong>R673</strong></span> 
     </span>
     <span class='ocr_line' id='line_1_16' title="bbox 187 1480 1940 1551; baseline 0.001 -17"><span class='ocrx_word' id='word_1_128' title='bbox 187 1482 386 1551; x_wconf 87' lang='grc' dir='ltr'><strong><em>κράτος</em></strong></span> <span class='ocrx_word' id='word_1_129' title='bbox 436 1480 675 1550; x_wconf 83' lang='grc' dir='ltr'><strong><em>ἐχόντων</em></strong></span> <span class='ocrx_word' id='word_1_130' title='bbox 722 1480 1137 1548; x_wconf 84' lang='grc' dir='ltr'><strong><em>διδασκομένων</em></strong></span> <span class='ocrx_word' id='word_1_131' title='bbox 1182 1483 1253 1550; x_wconf 86' lang='grc' dir='ltr'><strong><em>μὴ</em></strong></span> <span class='ocrx_word' id='word_1_132' title='bbox 1301 1491 1412 1535; x_wconf 87' lang='grc' dir='ltr'><strong><em>τῶν</em></strong></span> <span class='ocrx_word' id='word_1_133' title='bbox 1458 1483 1636 1535; x_wconf 85' lang='grc' dir='ltr'><strong><em>ὄντων</em></strong></span> <span class='ocrx_word' id='word_1_134' title='bbox 1682 1480 1873 1548; x_wconf 88' lang='grc' dir='ltr'><strong><em>ε’κβάλ-</em></strong></span> <span class='ocrx_word' id='word_1_135' title='bbox 1898 1503 1940 1537; x_wconf 80' lang='lat'><strong><em>15</em></strong></span> 
     </span>
     <span class='ocr_line' id='line_1_17' title="bbox 190 1567 1873 1639; baseline 0 -16"><span class='ocrx_word' id='word_1_136' title='bbox 190 1573 310 1623; x_wconf 87' lang='grc' dir='ltr'><strong><em>λειν</em></strong></span> <span class='ocrx_word' id='word_1_137' title='bbox 344 1572 476 1633; x_wconf 87' lang='grc' dir='ltr'><strong><em>τοὺς</em></strong></span> <span class='ocrx_word' id='word_1_138' title='bbox 507 1569 869 1638; x_wconf 83' lang='grc' dir='ltr'><strong><em>κεκτημένους</em></strong></span> <span class='ocrx_word' id='word_1_139' title='bbox 899 1567 1036 1638; x_wconf 76' lang='grc' dir='ltr'><strong><em>μηδὲ</em></strong></span> <span class='ocrx_word' id='word_1_140' title='bbox 1067 1569 1232 1639; x_wconf 84' lang='grc' dir='ltr'><strong><em>κέρδη</em></strong></span> <span class='ocrx_word' id='word_1_141' title='bbox 1265 1571 1331 1622; x_wconf 81' lang='grc' dir='ltr'><strong><em>τὰ</em></strong></span> <span class='ocrx_word' id='word_1_142' title='bbox 1361 1578 1588 1623; x_wconf 88' lang='grc' dir='ltr'><strong><em>τοιαῦτα</em></strong></span> <span class='ocrx_word' id='word_1_143' title='bbox 1618 1572 1873 1638; x_wconf 81' lang='grc' dir='ltr'><strong><em>νομίζειν.</em></strong></span> 
     </span>
    </p>

    <p class='ocr_par' dir='ltr' id='par_1_4' title="bbox 187 1654 1873 1906">
     <span class='ocr_line' id='line_1_18' title="bbox 300 1654 1872 1728; baseline -0.001 -17"><span class='ocrx_word' id='word_1_144' title='bbox 300 1659 385 1711; x_wconf 90' lang='lat'><strong><em>40.</em></strong></span> <span class='ocrx_word' id='word_1_145' title='bbox 443 1662 565 1711; x_wconf 86' lang='grc' dir='ltr'><strong><em>Τῶν</em></strong></span> <span class='ocrx_word' id='word_1_146' title='bbox 602 1655 703 1725; x_wconf 78' lang='grc' dir='ltr'><strong><em>μὲν</em></strong></span> <span class='ocrx_word' id='word_1_147' title='bbox 742 1654 845 1711; x_wconf 82' lang='grc' dir='ltr'><strong><em>οὖν</em></strong></span> <span class='ocrx_word' id='word_1_148' title='bbox 886 1664 1021 1712; x_wconf 86' lang='grc' dir='ltr'><strong><em>ἰσων</em></strong></span> <span class='ocrx_word' id='word_1_149' title='bbox 1058 1655 1252 1727; x_wconf 81' lang='grc' dir='ltr'><strong><em>ἔτυχεν</em></strong></span> <span class='ocrx_word' id='word_1_150' title='bbox 1291 1658 1361 1711; x_wconf 76' lang='grc' dir='ltr'><strong><em>ἂν</em></strong></span> <span class='ocrx_word' id='word_1_151' title='bbox 1399 1657 1489 1711; x_wconf 89' lang='grc' dir='ltr'><strong><em>καὶ</em></strong></span> <span class='ocrx_word' id='word_1_152' title='bbox 1529 1659 1596 1711; x_wconf 88' lang='grc' dir='ltr'><strong><em>οὐ</em></strong></span> <span class='ocrx_word' id='word_1_153' title='bbox 1635 1660 1872 1728; x_wconf 86' lang='grc' dir='ltr'><strong><em>τοσαύτη</em></strong></span> 
     </span>
     <span class='ocr_line' id='line_1_19' title="bbox 187 1746 1872 1817; baseline 0.001 -17"><span class='ocrx_word' id='word_1_154' title='bbox 187 1749 346 1810; x_wconf 83' lang='grc' dir='ltr'><strong><em>πόλις</em></strong></span> <span class='ocrx_word' id='word_1_155' title='bbox 386 1746 447 1800; x_wconf 84' lang='grc' dir='ltr'><strong><em>ἐν</em></strong></span> <span class='ocrx_word' id='word_1_156' title='bbox 484 1748 757 1809; x_wconf 88' lang='grc' dir='ltr'><strong><em>τοιούτοις</em></strong></span> <span class='ocrx_word' id='word_1_157' title='bbox 796 1746 1176 1816; x_wconf 81' lang='grc' dir='ltr'><strong><em>ἁμαρτήμασιν</em></strong></span> <span class='ocrx_word' id='word_1_158' title='bbox 1214 1748 1446 1815; x_wconf 83' lang='grc' dir='ltr'><strong><em>εἰδότος,</em></strong></span> <span class='ocrx_word' id='word_1_159' title='bbox 1498 1748 1584 1801; x_wconf 81' lang='grc' dir='ltr'><strong><em>ὅτι</em></strong></span> <span class='ocrx_word' id='word_1_160' title='bbox 1620 1749 1872 1817; x_wconf 88' lang='grc' dir='ltr'><strong><em>καθάπερ</em></strong></span> 
     </span>
     <span class='ocr_line' id='line_1_20' title="bbox 188 1834 1873 1906; baseline 0.001 -18"><span class='ocrx_word' id='word_1_161' title='bbox 188 1835 253 1889; x_wconf 80' lang='grc' dir='ltr'><strong><em>ἐν</em></strong></span> <span class='ocrx_word' id='word_1_162' title='bbox 292 1837 499 1903; x_wconf 86' lang='grc' dir='ltr'><strong><em>σώματι</em></strong></span> <span class='ocrx_word' id='word_1_163' title='bbox 537 1834 641 1888; x_wconf 76' lang='grc' dir='ltr'><strong><em>κᾶν</em></strong></span> <span class='ocrx_word' id='word_1_164' title='bbox 678 1836 740 1888; x_wconf 91' lang='grc' dir='ltr'><strong><em>τὸ</em></strong></span> <span class='ocrx_word' id='word_1_165' title='bbox 780 1837 1111 1904; x_wconf 87' lang='grc' dir='ltr'><strong><em>μικρότατον</em></strong></span> <span class='ocrx_word' id='word_1_166' title='bbox 1149 1835 1372 1906; x_wconf 84' lang='grc' dir='ltr'><strong><em>ἀφέλῃς,</em></strong></span> <span class='ocrx_word' id='word_1_167' title='bbox 1409 1837 1471 1889; x_wconf 93' lang='grc' dir='ltr'><strong><em>τὸ</em></strong></span> <span class='ocrx_word' id='word_1_168' title='bbox 1511 1844 1622 1889; x_wconf 85' lang='grc' dir='ltr'><strong><em>πᾶν</em></strong></span> <span class='ocrx_word' id='word_1_169' title='bbox 1653 1835 1873 1905; x_wconf 82' lang='grc' dir='ltr'><strong><em>ἐζημίω-</em></strong></span> 
     </span>
    </p>
   </div>
   <div class='ocr_carea' id='block_1_3' title="bbox 191 1927 335 1931">
    <p class='ocr_par' dir='ltr' id='par_1_5' title="bbox 191 1927 335 1931">
     <span class='ocr_line' id='line_1_21' title="bbox 191 1927 335 1931; baseline 0 0"><span class='ocrx_word' id='word_1_170' title='bbox 191 1927 335 1931; x_wconf 95' lang='lat' dir='ltr'><strong><em> </em></strong></span> 
     </span>
    </p>
   </div>
   <div class='ocr_carea' id='block_1_4' title="bbox 338 1925 545 1931">
    <p class='ocr_par' dir='ltr' id='par_1_6' title="bbox 338 1925 545 1931">
     <span class='ocr_line' id='line_1_22' title="bbox 338 1925 545 1931; baseline 0 0"><span class='ocrx_word' id='word_1_171' title='bbox 338 1925 545 1931; x_wconf 95' lang='lat' dir='ltr'><strong><em> </em></strong></span> 
     </span>
    </p>
   </div>
   <div class='ocr_carea' id='block_1_5' title="bbox 309 1966 670 2023">
    <p class='ocr_par' dir='ltr' id='par_1_7' title="bbox 309 1966 670 2023">
     <span class='ocr_line' id='line_1_23' title="bbox 309 1966 670 2023; baseline 0.003 -14"><span class='ocrx_word' id='word_1_172' title='bbox 309 1971 333 2009; x_wconf 82' lang='grc'><strong>3</strong></span> <span class='ocrx_word' id='word_1_173' title='bbox 368 1966 423 2009; x_wconf 79' lang='lat' dir='ltr'><strong><em>cf.</em></strong></span> <span class='ocrx_word' id='word_1_174' title='bbox 457 1982 500 2023; x_wconf 92' lang='lat' dir='ltr'><strong><em>p.</em></strong></span> <span class='ocrx_word' id='word_1_175' title='bbox 527 1972 628 2021; x_wconf 88' lang='lat'>444,</span> <span class='ocrx_word' id='word_1_176' title='bbox 648 1972 670 2010; x_wconf 90' lang='lat'>1</span> 
     </span>
    </p>
   </div>
   <div class='ocr_carea' id='block_1_6' title="bbox 192 2044 546 2051">
    <p class='ocr_par' dir='ltr' id='par_1_8' title="bbox 192 2044 546 2051">
     <span class='ocr_line' id='line_1_24' title="bbox 192 2044 546 2051; baseline 0 0"><span class='ocrx_word' id='word_1_177' title='bbox 192 2044 546 2051; x_wconf 95' lang='lat' dir='ltr'><strong><em> </em></strong></span> 
     </span>
    </p>
   </div>
   <div class='ocr_carea' id='block_1_7' title="bbox 187 2081 1875 2964">
    <p class='ocr_par' dir='ltr' id='par_1_9' title="bbox 187 2081 1875 2964">
     <span class='ocr_line' id='line_1_25' title="bbox 308 2081 1873 2143; baseline -0.001 -15"><span class='ocrx_word' id='word_1_178' title='bbox 308 2090 333 2128; x_wconf 83' lang='lat'>2</span> <span class='ocrx_word' id='word_1_179' title='bbox 367 2083 528 2143; x_wconf 84' lang='grc' dir='ltr'><strong><em>αὑτόν]</em></strong></span> <span class='ocrx_word' id='word_1_180' title='bbox 563 2085 683 2129; x_wconf 82' lang='grc' dir='ltr'><strong><em>αὐτὰ</em></strong></span> <span class='ocrx_word' id='word_1_181' title='bbox 707 2086 779 2129; x_wconf 88' lang='grc' dir='ltr'><strong><em>Ρα</em></strong></span> <span class='ocrx_word' id='word_1_182' title='bbox 937 2089 963 2127; x_wconf 87' lang='grc'><strong>3</strong></span> <span class='ocrx_word' id='word_1_183' title='bbox 997 2084 1048 2129; x_wconf 83' lang='grc' dir='ltr'><strong><em>δὲ</em></strong></span> <span class='ocrx_word' id='word_1_184' title='bbox 1080 2085 1147 2129; x_wconf 83' lang='lat' dir='ltr'><strong><em>Re</em></strong></span> <span class='ocrx_word' id='word_1_185' title='bbox 1190 2087 1196 2142; x_wconf 94' lang='grc' dir='ltr'>Ι</span> <span class='ocrx_word' id='word_1_186' title='bbox 1238 2101 1307 2137; x_wconf 90' lang='grc' dir='ltr'><strong><em>τις</em></strong></span> <span class='ocrx_word' id='word_1_187' title='bbox 1336 2086 1443 2142; x_wconf 73' lang='lat' dir='ltr'>post</span> <span class='ocrx_word' id='word_1_188' title='bbox 1473 2081 1572 2137; x_wconf 86' lang='grc' dir='ltr'><strong><em>οἷος</em></strong></span> <span class='ocrx_word' id='word_1_189' title='bbox 1605 2085 1642 2130; x_wconf 83' lang='lat' dir='ltr'><em>C</em></span> <span class='ocrx_word' id='word_1_190' title='bbox 1671 2087 1718 2129; x_wconf 74' lang='lat' dir='ltr'><strong><em>et</em></strong></span> <span class='ocrx_word' id='word_1_191' title='bbox 1747 2085 1873 2128; x_wconf 82' lang='lat' dir='ltr'><strong>inser</strong></span> 
     </span>
     <span class='ocr_line' id='line_1_26' title="bbox 190 2144 1871 2203; baseline -0.001 -15"><span class='ocrx_word' id='word_1_192' title='bbox 190 2144 254 2188; x_wconf 76' lang='grc' dir='ltr'><strong><em>Ρ8</em></strong></span> <span class='ocrx_word' id='word_1_193' title='bbox 295 2147 300 2199; x_wconf 94' lang='grc' dir='ltr'>Ι</span> <span class='ocrx_word' id='word_1_194' title='bbox 343 2144 465 2189; x_wconf 82' lang='grc' dir='ltr'><strong><em>ἐστιν</em></strong></span> <span class='ocrx_word' id='word_1_195' title='bbox 497 2158 571 2188; x_wconf 91' lang='lat' dir='ltr'><strong><em>om</em></strong></span> <span class='ocrx_word' id='word_1_196' title='bbox 598 2144 635 2189; x_wconf 85' lang='lat' dir='ltr'><em>C</em></span> <span class='ocrx_word' id='word_1_197' title='bbox 671 2145 676 2203; x_wconf 88' lang='grc' dir='ltr'>Ι</span> <span class='ocrx_word' id='word_1_198' title='bbox 713 2145 887 2194; x_wconf 83' lang='grc' dir='ltr'><strong><em>ἐκεῖνος</em></strong></span> <span class='ocrx_word' id='word_1_199' title='bbox 917 2158 992 2188; x_wconf 93' lang='lat' dir='ltr'><strong><em>om</em></strong></span> <span class='ocrx_word' id='word_1_200' title='bbox 1016 2144 1084 2188; x_wconf 80' lang='lat' dir='ltr'><strong><em>Re</em></strong></span> <span class='ocrx_word' id='word_1_201' title='bbox 1126 2147 1132 2203; x_wconf 88' lang='grc' dir='ltr'>Ι</span> <span class='ocrx_word' id='word_1_202' title='bbox 1173 2145 1279 2199; x_wconf 78' lang='grc' dir='ltr'><strong><em>περὶ</em></strong></span> <span class='ocrx_word' id='word_1_203' title='bbox 1312 2146 1420 2187; x_wconf 74' lang='lat' dir='ltr'>ante</span> <span class='ocrx_word' id='word_1_204' title='bbox 1450 2151 1542 2188; x_wconf 88' lang='grc' dir='ltr'><strong><em>τῶν</em></strong></span> <span class='ocrx_word' id='word_1_205' title='bbox 1574 2144 1871 2188; x_wconf 83' lang='lat' dir='ltr'>inserendum</span> 
     </span>
     <span class='ocr_line' id='line_1_27' title="bbox 188 2203 1871 2262; baseline 0.001 -16"><span class='ocrx_word' id='word_1_206' title='bbox 188 2205 302 2260; x_wconf 71' lang='lat' dir='ltr'><strong>puto</strong></span> <span class='ocrx_word' id='word_1_207' title='bbox 343 2205 530 2247; x_wconf 76' lang='lat' dir='ltr'>auctore</span> <span class='ocrx_word' id='word_1_208' title='bbox 569 2204 656 2257; x_wconf 79' lang='lat' dir='ltr'><strong><em>Re,</em></strong></span> <span class='ocrx_word' id='word_1_209' title='bbox 709 2203 800 2246; x_wconf 86' lang='lat' dir='ltr'>nisi</span> <span class='ocrx_word' id='word_1_210' title='bbox 846 2218 930 2260; x_wconf 88' lang='lat' dir='ltr'><strong><em>pro</em></strong></span> <span class='ocrx_word' id='word_1_211' title='bbox 977 2205 1189 2262; x_wconf 84' lang='grc' dir='ltr'><strong><em>διατριβῇ</em></strong></span> <span class='ocrx_word' id='word_1_212' title='bbox 1231 2203 1525 2248; x_wconf 83' lang='lat' dir='ltr'><strong>scribendum</strong></span> <span class='ocrx_word' id='word_1_213' title='bbox 1572 2203 1871 2260; x_wconf 82' lang='grc' dir='ltr'><strong><em>διαριθμήσει</em></strong></span> 
     </span>
     <span class='ocr_line' id='line_1_28' title="bbox 189 2261 1872 2319; baseline 0.001 -14"><span class='ocrx_word' id='word_1_214' title='bbox 189 2262 292 2306; x_wconf 86' lang='lat' dir='ltr'>coll.</span> <span class='ocrx_word' id='word_1_215' title='bbox 324 2262 444 2306; x_wconf 76' lang='lat' dir='ltr'><strong>Plut.</strong></span> <span class='ocrx_word' id='word_1_216' title='bbox 486 2277 638 2318; x_wconf 85' lang='lat' dir='ltr'><strong>quom.</strong></span> <span class='ocrx_word' id='word_1_217' title='bbox 680 2262 804 2306; x_wconf 82' lang='lat' dir='ltr'>adul.</span> <span class='ocrx_word' id='word_1_218' title='bbox 837 2265 960 2319; x_wconf 80' lang='lat' dir='ltr'><strong>poet.</strong></span> <span class='ocrx_word' id='word_1_219' title='bbox 993 2263 1098 2306; x_wconf 81' lang='lat' dir='ltr'><strong>aud.</strong></span> <span class='ocrx_word' id='word_1_220' title='bbox 1130 2278 1175 2319; x_wconf 92' lang='lat' dir='ltr'><strong><em>p.</em></strong></span> <span class='ocrx_word' id='word_1_221' title='bbox 1202 2267 1257 2306; x_wconf 82' lang='lat'><strong><em>27</em></strong></span> <span class='ocrx_word' id='word_1_222' title='bbox 1283 2262 1316 2306; x_wconf 83' lang='lat' dir='ltr'>G</span> <span class='ocrx_word' id='word_1_223' title='bbox 1359 2263 1437 2307; x_wconf 81' lang='grc' dir='ltr'><strong><em>ἐπὶ</em></strong></span> <span class='ocrx_word' id='word_1_224' title='bbox 1478 2269 1532 2319; x_wconf 84' lang='grc' dir='ltr'><strong><em>τῇ</em></strong></span> <span class='ocrx_word' id='word_1_225' title='bbox 1571 2261 1872 2319; x_wconf 78' lang='grc' dir='ltr'><strong><em>διαριθμήσει</em></strong></span> 
     </span>
     <span class='ocr_line' id='line_1_29' title="bbox 188 2321 1873 2380; baseline 0 -15"><span class='ocrx_word' id='word_1_226' title='bbox 188 2329 279 2365; x_wconf 84' lang='grc' dir='ltr'><strong><em>τῶν</em></strong></span> <span class='ocrx_word' id='word_1_227' title='bbox 310 2321 554 2380; x_wconf 79' lang='grc' dir='ltr'><strong><em>χρημάτων</em></strong></span> <span class='ocrx_word' id='word_1_228' title='bbox 582 2322 588 2380; x_wconf 93' lang='grc' dir='ltr'>Ι</span> <span class='ocrx_word' id='word_1_229' title='bbox 615 2329 706 2366; x_wconf 86' lang='grc' dir='ltr'><strong><em>τῶν</em></strong></span> <span class='ocrx_word' id='word_1_230' title='bbox 739 2336 814 2365; x_wconf 89' lang='lat' dir='ltr'><strong><em>om</em></strong></span> <span class='ocrx_word' id='word_1_231' title='bbox 837 2323 910 2366; x_wconf 88' lang='lat' dir='ltr'><strong><em>Pa</em></strong></span> <span class='ocrx_word' id='word_1_232' title='bbox 1046 2326 1071 2365; x_wconf 84' lang='lat'>5</span> <span class='ocrx_word' id='word_1_233' title='bbox 1106 2321 1164 2365; x_wconf 84' lang='grc' dir='ltr'><strong><em>τὰ</em></strong></span> <span class='ocrx_word' id='word_1_234' title='bbox 1195 2321 1366 2377; x_wconf 89' lang='grc' dir='ltr'><strong><em>λουτρά</em></strong></span> <span class='ocrx_word' id='word_1_235' title='bbox 1398 2335 1473 2365; x_wconf 90' lang='lat' dir='ltr'><strong><em>om</em></strong></span> <span class='ocrx_word' id='word_1_236' title='bbox 1496 2321 1599 2366; x_wconf 89' lang='lat' dir='ltr'><strong><em>Mor</em></strong></span> <span class='ocrx_word' id='word_1_237' title='bbox 1733 2325 1758 2364; x_wconf 83' lang='lat'>6</span> <span class='ocrx_word' id='word_1_238' title='bbox 1790 2327 1873 2377; x_wconf 88' lang='grc' dir='ltr'><strong><em>τῆς</em></strong></span> 
     </span>
     <span class='ocr_line' id='line_1_30' title="bbox 187 2380 1870 2439; baseline -0.001 -15"><span class='ocrx_word' id='word_1_239' title='bbox 187 2386 344 2439; x_wconf 69' lang='grc' dir='ltr'><strong><em>ψυχῆς</em></strong></span> <span class='ocrx_word' id='word_1_240' title='bbox 373 2382 514 2425; x_wconf 88' lang='grc' dir='ltr'><strong><em>ΙΒΜ</em></strong></span> <span class='ocrx_word' id='word_1_241' title='bbox 541 2383 589 2424; x_wconf 78' lang='lat' dir='ltr'><strong><em>et</em></strong></span> <span class='ocrx_word' id='word_1_242' title='bbox 619 2381 724 2425; x_wconf 85' lang='lat' dir='ltr'>coni</span> <span class='ocrx_word' id='word_1_243' title='bbox 747 2381 815 2425; x_wconf 80' lang='lat' dir='ltr'><strong><em>Re</em></strong></span> <span class='ocrx_word' id='word_1_244' title='bbox 839 2381 992 2434; x_wconf 85' lang='lat' dir='ltr'><strong>Anim,</strong></span> <span class='ocrx_word' id='word_1_245' title='bbox 1026 2381 1106 2437; x_wconf 86' lang='lat' dir='ltr'><strong><em>qui</em></strong></span> <span class='ocrx_word' id='word_1_246' title='bbox 1137 2381 1187 2424; x_wconf 90' lang='lat' dir='ltr'><strong><em>in</em></strong></span> <span class='ocrx_word' id='word_1_247' title='bbox 1218 2381 1328 2424; x_wconf 75' lang='lat' dir='ltr'><strong>edit.</strong></span> <span class='ocrx_word' id='word_1_248' title='bbox 1363 2381 1670 2436; x_wconf 78' lang='lat' dir='ltr'><strong><em>,‚suspicabar‚</em></strong></span> <span class='ocrx_word' id='word_1_249' title='bbox 1702 2380 1870 2436; x_wconf 78' lang='lat' dir='ltr'>inquit,</span> 
     </span>
     <span class='ocr_line' id='line_1_31' title="bbox 187 2439 1870 2498; baseline -0.001 -15"><span class='ocrx_word' id='word_1_250' title='bbox 187 2440 439 2495; x_wconf 74' lang='lat' dir='ltr'><em>aliquando</em></span> <span class='ocrx_word' id='word_1_251' title='bbox 471 2440 550 2497; x_wconf 77' lang='lat' dir='ltr'><em>ley.</em></span> <span class='ocrx_word' id='word_1_252' title='bbox 582 2454 672 2485; x_wconf 77' lang='lat' dir='ltr'><strong><em>esse</em></strong></span> <span class='ocrx_word' id='word_1_253' title='bbox 702 2440 807 2495; x_wconf 84' lang='grc' dir='ltr'><strong><em>περὶ</em></strong></span> <span class='ocrx_word' id='word_1_254' title='bbox 838 2446 891 2498; x_wconf 82' lang='grc' dir='ltr'><strong><em>τῇ</em></strong></span> <span class='ocrx_word' id='word_1_255' title='bbox 925 2447 1054 2498; x_wconf 81' lang='grc' dir='ltr'><strong><em>ψυχῇ</em></strong></span> <span class='ocrx_word' id='word_1_256' title='bbox 1087 2439 1285 2496; x_wconf 88' lang='grc' dir='ltr'><strong><em>δρόμος“</em></strong></span> <span class='ocrx_word' id='word_1_257' title='bbox 1408 2445 1431 2483; x_wconf 85' lang='grc'><strong>7</strong></span> <span class='ocrx_word' id='word_1_258' title='bbox 1463 2439 1522 2483; x_wconf 84' lang='grc' dir='ltr'><strong><em>τὰ</em></strong></span> <span class='ocrx_word' id='word_1_259' title='bbox 1552 2453 1628 2483; x_wconf 88' lang='lat' dir='ltr'><strong><em>om</em></strong></span> <span class='ocrx_word' id='word_1_260' title='bbox 1652 2441 1726 2484; x_wconf 86' lang='lat' dir='ltr'><strong><em>Pa</em></strong></span> <span class='ocrx_word' id='word_1_261' title='bbox 1753 2442 1759 2496; x_wconf 97' lang='grc' dir='ltr'>Ι</span> <span class='ocrx_word' id='word_1_262' title='bbox 1787 2440 1870 2483; x_wconf 79' lang='grc' dir='ltr'><strong><em>αὐ-</em></strong></span> 
     </span>
     <span class='ocr_line' id='line_1_32' title="bbox 188 2495 1875 2554; baseline 0 -12"><span class='ocrx_word' id='word_1_263' title='bbox 188 2504 272 2554; x_wconf 86' lang='grc' dir='ltr'><strong><em>τῆς</em></strong></span> <span class='ocrx_word' id='word_1_264' title='bbox 295 2499 552 2542; x_wconf 87' lang='grc' dir='ltr'><strong><em>ΙΡαΤΒΜ</em></strong></span> <span class='ocrx_word' id='word_1_265' title='bbox 580 2499 682 2542; x_wconf 89' lang='lat' dir='ltr'><strong><em>Mor</em></strong></span> <span class='ocrx_word' id='word_1_266' title='bbox 741 2504 886 2554; x_wconf 76' lang='grc' dir='ltr'><strong><em>ἀυτῆς</em></strong></span> <span class='ocrx_word' id='word_1_267' title='bbox 919 2500 959 2544; x_wconf 91' lang='lat' dir='ltr'><em>U</em></span> <span class='ocrx_word' id='word_1_268' title='bbox 1093 2505 1144 2543; x_wconf 91' lang='grc'><strong><em>11</em></strong></span> <span class='ocrx_word' id='word_1_269' title='bbox 1181 2496 1283 2543; x_wconf 83' lang='grc' dir='ltr'><strong><em>ἶσον</em></strong></span> <span class='ocrx_word' id='word_1_270' title='bbox 1306 2500 1379 2543; x_wconf 88' lang='grc' dir='ltr'><strong><em>Ρα</em></strong></span> <span class='ocrx_word' id='word_1_271' title='bbox 1405 2501 1412 2554; x_wconf 94' lang='grc' dir='ltr'>Ι</span> <span class='ocrx_word' id='word_1_272' title='bbox 1440 2495 1494 2542; x_wconf 80' lang='grc' dir='ltr'><strong><em>ὃν</em></strong></span> <span class='ocrx_word' id='word_1_273' title='bbox 1526 2510 1582 2541; x_wconf 80' lang='lat' dir='ltr'><strong><em>ex</em></strong></span> <span class='ocrx_word' id='word_1_274' title='bbox 1613 2496 1672 2542; x_wconf 76' lang='grc' dir='ltr'><strong><em>ἂν</em></strong></span> <span class='ocrx_word' id='word_1_275' title='bbox 1704 2511 1806 2542; x_wconf 81' lang='lat' dir='ltr'><strong>eon·</strong></span> <span class='ocrx_word' id='word_1_276' title='bbox 1828 2499 1875 2542; x_wconf 90' lang='lat' dir='ltr'><em>P</em></span> 
     </span>
     <span class='ocr_line' id='line_1_33' title="bbox 250 2556 1868 2612; baseline 0.001 -12"><span class='ocrx_word' id='word_1_277' title='bbox 250 2557 375 2601; x_wconf 80' lang='lat' dir='ltr'>inser</span> <span class='ocrx_word' id='word_1_278' title='bbox 398 2556 455 2601; x_wconf 85' lang='lat'><strong><em>1²</em></strong></span> <span class='ocrx_word' id='word_1_279' title='bbox 497 2560 502 2612; x_wconf 96' lang='grc' dir='ltr'>Ι</span> <span class='ocrx_word' id='word_1_280' title='bbox 545 2559 760 2602; x_wconf 71' lang='grc' dir='ltr'><strong><em>διατοῦτο</em></strong></span> <span class='ocrx_word' id='word_1_281' title='bbox 795 2559 971 2602; x_wconf 82' lang='lat' dir='ltr'><em>VIBM</em></span> <span class='ocrx_word' id='word_1_282' title='bbox 1044 2559 1124 2602; x_wconf 86' lang='grc' dir='ltr'><strong><em>καὶ</em></strong></span> <span class='ocrx_word' id='word_1_283' title='bbox 1155 2562 1372 2604; x_wconf 85' lang='grc' dir='ltr'><strong><em>διατοῦτο</em></strong></span> <span class='ocrx_word' id='word_1_284' title='bbox 1398 2559 1469 2602; x_wconf 90' lang='grc' dir='ltr'><strong><em>Ρα</em></strong></span> <span class='ocrx_word' id='word_1_285' title='bbox 1622 2562 1675 2600; x_wconf 83' lang='grc'><strong><em>12</em></strong></span> <span class='ocrx_word' id='word_1_286' title='bbox 1708 2558 1785 2601; x_wconf 82' lang='grc' dir='ltr'><strong><em>καὶ</em></strong></span> <span class='ocrx_word' id='word_1_287' title='bbox 1817 2557 1868 2602; x_wconf 88' lang='grc' dir='ltr'><strong><em>τὸ</em></strong></span> 
     </span>
     <span class='ocr_line' id='line_1_34' title="bbox 187 2612 1871 2674; baseline -0.001 -14"><span class='ocrx_word' id='word_1_288' title='bbox 187 2615 256 2660; x_wconf 79' lang='lat' dir='ltr'><strong><em>Re</em></strong></span> <span class='ocrx_word' id='word_1_289' title='bbox 297 2618 305 2672; x_wconf 96' lang='grc' dir='ltr'>Ι</span> <span class='ocrx_word' id='word_1_290' title='bbox 346 2616 426 2660; x_wconf 79' lang='grc' dir='ltr'><strong><em>καὶ</em></strong></span> <span class='ocrx_word' id='word_1_291' title='bbox 458 2630 532 2659; x_wconf 93' lang='lat' dir='ltr'><strong><em>om</em></strong></span> <span class='ocrx_word' id='word_1_292' title='bbox 555 2618 630 2660; x_wconf 87' lang='lat' dir='ltr'><strong><em>Pa-</em></strong></span> <span class='ocrx_word' id='word_1_293' title='bbox 671 2617 676 2674; x_wconf 98' lang='grc' dir='ltr'>Ι</span> <span class='ocrx_word' id='word_1_294' title='bbox 719 2612 810 2673; x_wconf 80' lang='grc' dir='ltr'><strong><em>εἶχε</em></strong></span> <span class='ocrx_word' id='word_1_295' title='bbox 834 2618 906 2661; x_wconf 82' lang='lat' dir='ltr'><strong><em>Pa</em></strong></span> <span class='ocrx_word' id='word_1_296' title='bbox 947 2619 955 2673; x_wconf 94' lang='grc' dir='ltr'>Ι</span> <span class='ocrx_word' id='word_1_297' title='bbox 997 2617 1042 2661; x_wconf 88' lang='grc' dir='ltr'><strong><em>οἳ</em></strong></span> <span class='ocrx_word' id='word_1_298' title='bbox 1072 2618 1153 2661; x_wconf 80' lang='grc' dir='ltr'><strong><em>καὶ</em></strong></span> <span class='ocrx_word' id='word_1_299' title='bbox 1185 2614 1252 2661; x_wconf 85' lang='grc' dir='ltr'><strong><em>δι’</em></strong></span> <span class='ocrx_word' id='word_1_300' title='bbox 1287 2618 1328 2661; x_wconf 88' lang='grc' dir='ltr'><strong><em>Τ</em></strong></span> <span class='ocrx_word' id='word_1_301' title='bbox 1502 2620 1556 2660; x_wconf 88' lang='grc'><strong><em>13</em></strong></span> <span class='ocrx_word' id='word_1_302' title='bbox 1592 2613 1739 2668; x_wconf 76' lang='grc' dir='ltr'><strong><em>Ἀσίας</em></strong></span> <span class='ocrx_word' id='word_1_303' title='bbox 1769 2616 1871 2660; x_wconf 84' lang='lat' dir='ltr'><strong><em>Mor</em></strong></span> 
     </span>
     <span class='ocr_line' id='line_1_35' title="bbox 250 2673 1863 2732; baseline -0.001 -13"><span class='ocrx_word' id='word_1_304' title='bbox 250 2679 305 2719; x_wconf 93' lang='lat'><strong><em>14</em></strong></span> <span class='ocrx_word' id='word_1_305' title='bbox 338 2675 404 2726; x_wconf 88' lang='grc' dir='ltr'><strong><em>εἰς</em></strong></span> <span class='ocrx_word' id='word_1_306' title='bbox 435 2675 505 2718; x_wconf 85' lang='grc' dir='ltr'><strong><em>Ρα</em></strong></span> <span class='ocrx_word' id='word_1_307' title='bbox 548 2678 554 2730; x_wconf 97' lang='grc' dir='ltr'>Ι</span> <span class='ocrx_word' id='word_1_308' title='bbox 597 2675 722 2718; x_wconf 80' lang='grc' dir='ltr'><strong><em>ἐσαεὶ</em></strong></span> <span class='ocrx_word' id='word_1_309' title='bbox 755 2676 945 2719; x_wconf 83' lang='lat' dir='ltr'><strong><em>VTBM</em></strong></span> <span class='ocrx_word' id='word_1_310' title='bbox 1003 2676 1147 2720; x_wconf 81' lang='grc' dir='ltr'><strong><em>εἰσαεὶ</em></strong></span> <span class='ocrx_word' id='word_1_311' title='bbox 1171 2677 1204 2719; x_wconf 92' lang='grc' dir='ltr'><em>Ι</em></span> <span class='ocrx_word' id='word_1_312' title='bbox 1328 2680 1381 2718; x_wconf 91' lang='grc'><strong><em>16</em></strong></span> <span class='ocrx_word' id='word_1_313' title='bbox 1414 2673 1727 2732; x_wconf 81' lang='grc' dir='ltr'><strong><em>κτησαμένους</em></strong></span> <span class='ocrx_word' id='word_1_314' title='bbox 1755 2674 1824 2718; x_wconf 81' lang='lat' dir='ltr'><strong><em>Re</em></strong></span> <span class='ocrx_word' id='word_1_315' title='bbox 1859 2676 1863 2732; x_wconf 84' lang='grc' dir='ltr'>Ι</span> 
     </span>
     <span class='ocr_line' id='line_1_36' title="bbox 189 2733 1808 2793; baseline -0.001 -15"><span class='ocrx_word' id='word_1_316' title='bbox 189 2733 248 2790; x_wconf 86' lang='grc' dir='ltr'><strong><em>μὴ</em></strong></span> <span class='ocrx_word' id='word_1_317' title='bbox 292 2733 344 2778; x_wconf 81' lang='grc' dir='ltr'><strong><em>δὲ</em></strong></span> <span class='ocrx_word' id='word_1_318' title='bbox 374 2734 696 2778; x_wconf 82' lang='lat' dir='ltr'><strong><em>APVITBM</em></strong></span> <span class='ocrx_word' id='word_1_319' title='bbox 872 2739 924 2778; x_wconf 83' lang='lat'><strong><em>17</em></strong></span> <span class='ocrx_word' id='word_1_320' title='bbox 974 2735 1223 2793; x_wconf 75' lang='grc' dir='ltr'><strong><em>ἐτύγχανεν</em></strong></span> <span class='ocrx_word' id='word_1_321' title='bbox 1263 2735 1307 2779; x_wconf 89' lang='lat' dir='ltr'><em>U</em></span> <span class='ocrx_word' id='word_1_322' title='bbox 1344 2734 1425 2778; x_wconf 81' lang='lat' dir='ltr'><strong><em>sed</em></strong></span> <span class='ocrx_word' id='word_1_323' title='bbox 1464 2751 1504 2790; x_wconf 80' lang='lat' dir='ltr'><strong><em>y,</em></strong></span> <span class='ocrx_word' id='word_1_324' title='bbox 1537 2751 1581 2789; x_wconf 85' lang='grc' dir='ltr'><strong><em>α,</em></strong></span> <span class='ocrx_word' id='word_1_325' title='bbox 1614 2750 1664 2779; x_wconf 86' lang='grc' dir='ltr'><strong><em>εν</em></strong></span> <span class='ocrx_word' id='word_1_326' title='bbox 1708 2747 1808 2777; x_wconf 76' lang='lat' dir='ltr'><strong>eras</strong></span> 
     </span>
     <span class='ocr_line' id='line_1_37' title="bbox 190 2790 1867 2850; baseline 0.001 -15"><span class='ocrx_word' id='word_1_327' title='bbox 190 2797 246 2836; x_wconf 89' lang='grc'><strong><em>18</em></strong></span> <span class='ocrx_word' id='word_1_328' title='bbox 276 2799 373 2844; x_wconf 86' lang='grc' dir='ltr'><strong><em>τοῖς</em></strong></span> <span class='ocrx_word' id='word_1_329' title='bbox 402 2792 631 2842; x_wconf 80' lang='grc' dir='ltr'><strong><em>τοιούτοις</em></strong></span> <span class='ocrx_word' id='word_1_330' title='bbox 653 2793 764 2836; x_wconf 88' lang='grc' dir='ltr'><strong><em>ΒΜ</em></strong></span> <span class='ocrx_word' id='word_1_331' title='bbox 786 2793 792 2850; x_wconf 96' lang='grc' dir='ltr'>Ι</span> <span class='ocrx_word' id='word_1_332' title='bbox 821 2790 994 2844; x_wconf 82' lang='grc' dir='ltr'><strong><em>εἰδότες</em></strong></span> <span class='ocrx_word' id='word_1_333' title='bbox 1023 2793 1125 2837; x_wconf 88' lang='lat' dir='ltr'><strong><em>Mor</em></strong></span> <span class='ocrx_word' id='word_1_334' title='bbox 1155 2793 1237 2837; x_wconf 79' lang='lat' dir='ltr'><strong><em>sed</em></strong></span> <span class='ocrx_word' id='word_1_335' title='bbox 1268 2791 1454 2843; x_wconf 82' lang='grc' dir='ltr'><strong><em>εἰκότως</em></strong></span> <span class='ocrx_word' id='word_1_336' title='bbox 1483 2793 1589 2839; x_wconf 80' lang='lat' dir='ltr'>coni</span> <span class='ocrx_word' id='word_1_337' title='bbox 1616 2795 1622 2850; x_wconf 98' lang='grc' dir='ltr'>Ι</span> <span class='ocrx_word' id='word_1_338' title='bbox 1649 2792 1867 2846; x_wconf 83' lang='grc' dir='ltr'><strong><em>καθάπερ</em></strong></span> 
     </span>
     <span class='ocr_line' id='line_1_38' title="bbox 187 2849 1868 2908; baseline 0 -14"><span class='ocrx_word' id='word_1_339' title='bbox 187 2876 248 2884; x_wconf 92' lang='grc'>-</span> <span class='ocrx_word' id='word_1_340' title='bbox 278 2856 378 2906; x_wconf 82' lang='grc'><strong><em>440,</em></strong></span> <span class='ocrx_word' id='word_1_341' title='bbox 405 2856 427 2894; x_wconf 84' lang='grc'><strong>7</strong></span> <span class='ocrx_word' id='word_1_342' title='bbox 463 2851 678 2895; x_wconf 79' lang='grc' dir='ltr'><strong><em>ἐνιαυτὸν</em></strong></span> <span class='ocrx_word' id='word_1_343' title='bbox 710 2851 828 2894; x_wconf 77' lang='lat' dir='ltr'>citat</span> <span class='ocrx_word' id='word_1_344' title='bbox 858 2851 975 2895; x_wconf 77' lang='lat' dir='ltr'><strong>Plan</strong></span> <span class='ocrx_word' id='word_1_345' title='bbox 1006 2852 1085 2896; x_wconf 88' lang='lat' dir='ltr'><strong>fol.</strong></span> <span class='ocrx_word' id='word_1_346' title='bbox 1107 2857 1214 2896; x_wconf 57' lang='grc' dir='ltr'><strong><em>103ςῖ</em></strong></span> <span class='ocrx_word' id='word_1_347' title='bbox 1360 2856 1412 2896; x_wconf 85' lang='grc'><strong><em>19</em></strong></span> <span class='ocrx_word' id='word_1_348' title='bbox 1445 2849 1698 2908; x_wconf 77' lang='grc' dir='ltr'><strong><em>ἐζημίωσας</em></strong></span> <span class='ocrx_word' id='word_1_349' title='bbox 1728 2853 1760 2895; x_wconf 93' lang='grc' dir='ltr'><em>Ι</em></span> <span class='ocrx_word' id='word_1_350' title='bbox 1787 2851 1868 2894; x_wconf 84' lang='lat' dir='ltr'><strong><em>sed</em></strong></span> 
     </span>
     <span class='ocr_line' id='line_1_39' title="bbox 189 2909 734 2964; baseline 0 -11"><span class='ocrx_word' id='word_1_351' title='bbox 189 2923 216 2953; x_wconf 93' lang='grc' dir='ltr'><strong><em>σ</em></strong></span> <span class='ocrx_word' id='word_1_352' title='bbox 246 2909 295 2953; x_wconf 88' lang='lat' dir='ltr'><strong><em>in</em></strong></span> <span class='ocrx_word' id='word_1_353' title='bbox 327 2928 354 2954; x_wconf 85' lang='grc' dir='ltr'><strong><em>κ</em></strong></span> <span class='ocrx_word' id='word_1_354' title='bbox 386 2924 487 2954; x_wconf 86' lang='lat' dir='ltr'>corr</span> <span class='ocrx_word' id='word_1_355' title='bbox 509 2909 592 2964; x_wconf 74' lang='grc' dir='ltr'><strong><em>ω’,</em></strong></span> <span class='ocrx_word' id='word_1_356' title='bbox 617 2910 734 2954; x_wconf 82' lang='lat' dir='ltr'>Plan</span> 
     </span>
    </p>
   </div>
  </div>
 </body>
</html>
