2060 3162
669 151 895 195 LIBANH
926 149 1149 195 ORATIO
1180 150 1285 194 XIX
1710 151 1815 204 391

135 286 356 340 δέδοται
394 294 459 357 τῇ
499 287 665 355 φύσει
704 296 814 339 τῶν
859 289 1073 339 πόλεων
1108 288 1176 340 τὰ
1212 294 1439 340 τοιαῦτα
1485 291 1819 356 πλημμελεῖν

133 374 227 428 καὶ
268 376 334 428 οὐ
373 375 434 428 τὸ
470 374 804 443 ἁμαρτάνειν
834 376 1200 443 θαυμάζομεν,
1235 375 1372 429 ἀλλὰ
1401 377 1464 429 τὸ
1496 379 1583 445 μή.
1644 376 1819 438 οὕτως

135 465 186 517 εἰ
223 464 314 516 καὶ
351 464 423 532 μὴ
463 463 792 532 γράμμασιν,
832 463 948 516 ἀλλ’
980 467 1121 535 ἔργῳ
1166 473 1367 518 τοῦτον
1405 466 1684 518 τεθείκατε
1720 465 1818 517 τὸν

132 554 327 621 νόμον,
366 552 700 620 συγγνώμην
731 554 874 621 ἔχειν
904 555 1116 605 πόλεων
1154 553 1328 623 ἀνοίᾳ.
1409 553 1489 606 15.
1526 557 1532 619 1
1567 561 1728 606 τοῦτο
1757 565 1800 608 R
1821 569 1904 609 632

133 640 200 693 δὲ
237 640 343 709 ἄρα
381 636 494 692 εἶδε
543 645 720 703 καλῶς
765 639 856 693 καὶ
901 649 1023 694 τοῖν
1069 641 1337 710 ἀδελφοῖν
1382 636 1503 694 τοῖν
1543 644 1819 695 Παιόνοιν
1864 663 1884 696 5

130 728 165 781 ὁ
204 729 481 797 νεώτερος.
557 730 658 798 τὴν
705 731 807 798 γὰρ
854 725 925 782 αὗ
971 731 1212 798 μεγάλην
1257 732 1422 783 πόλιν
1468 730 1640 799 ἡδέως
1684 730 1819 783 ὑπο-

135 815 437 886 δεξαμένην
474 818 753 887 τυράννου
793 819 1004 887 θράσος
1048 819 1137 871 καὶ
1177 820 1242 872 τὰ
1280 816 1381 887 μὲν
1421 820 1702 887 εἰποῦσαν,
1753 820 1819 872 τὰ

135 905 199 958 δὲ
235 904 326 958 καὶ
363 905 663 975 πράξασαν,
710 906 772 960 ἐν
817 900 900 969 οἷς
946 907 1274 978 ἀμφοτέροις
1319 917 1438 970 ταῖς
1488 909 1566 970 εἰς
1606 907 1819 961 ἐκεῖνον

131 994 366 1063 ὕβρεσιν
404 993 672 1065 ἐχαρίζετο
712 1002 787 1068 τῷ
819 997 1100 1068 τυράννῳ,
1139 1004 1341 1050 τοῦτον
1378 998 1572 1050 τοίνυν
1611 995 1820 1059 ἐκεῖνος

132 1083 390 1136 καθελὼν
426 1083 577 1152 ἥξειν
615 1104 673 1138 τε
712 1084 1056 1154 ἐλπιζόμενος
1101 1084 1196 1138 ἐπί
1229 1105 1286 1139 τε
1324 1086 1386 1138 τὸ
1427 1095 1582 1154 σῶμα
1626 1084 1716 1138 καὶ
1755 1086 1817 1138 τὸ
1842 1106 1885 1138 ιο

133 1175 399 1241 πλήρωμα
443 1181 538 1241 τῆς
574 1175 784 1236 πόλεως
821 1181 984 1227 τοῦτο
1023 1171 1124 1242 μὲν
1163 1170 1294 1226 οὐδὲ
1339 1172 1648 1242 ἐνενόησεν,
1699 1172 1820 1227 ἑκά-

129 1266 276 1329 θητο
316 1258 377 1314 δὲ
416 1261 720 1330 ἀναμένων,
772 1262 921 1324 ὅστις
960 1262 1132 1330 αὐτὴν
1172 1261 1503 1331 ἐξαιτήσεται
1520 1303 1534 1330 ,
1585 1263 1674 1315 καὶ
1714 1282 1818 1332 φα-

134 1349 326 1412 νέντος
363 1350 462 1402 τὸν
500 1347 601 1419 μὲν
639 1349 886 1421 ἐπῄνεσε,
925 1352 1026 1419 τὴν
1066 1351 1127 1403 δὲ
1159 1351 1262 1404 οὐκ
1292 1349 1531 1404 ἐκόλασε.
1612 1351 1693 1403 16.
1735 1355 1818 1403 λε-

133 1437 321 1505 γέσθω
362 1439 433 1507 δή
469 1459 520 1491 τι
559 1438 650 1492 καὶ
688 1438 813 1508 περὶ
851 1447 953 1492 σοῦ
985 1446 1257 1507 τοιοῦτον,
1298 1439 1474 1501 ἄλλως
1510 1437 1570 1491 θ’
1601 1439 1690 1491 ὅτε
1730 1454 1818 1492 σοι

132 1525 226 1579 καὶ
258 1526 392 1590 δόξα
421 1530 626 1580 πλείων
664 1526 930 1581 ἐντεῦθεν
960 1527 992 1595 ἢ
1026 1529 1172 1597 παρὰ
1216 1538 1328 1580 τῶν
1366 1526 1427 1581 ἐν
1466 1527 1658 1590 ὅπλοις
1694 1547 1819 1580 κατ-
1842 1549 1884 1582 15

132 1614 506 1684 ωρθωμένων,
580 1617 615 1668 ἅ
675 1630 735 1669 σε
797 1617 1071 1683 δεσπότην
1139 1616 1228 1668 καὶ
1289 1620 1538 1668 Σκυθῶν
1599 1613 1818 1684 ἐποίησε

255 1767 281 1806 5
312 1761 485 1805 Valens
517 1761 574 1805 of.
607 1762 641 1804 t.
658 1760 680 1803 Ι
704 1765 804 1815 665,
823 1765 928 1816 Ssq.
947 1760 988 1803 R
1128 1765 1152 1804 6
1186 1760 1242 1804 cf.
1268 1775 1312 1816 p.
1339 1765 1438 1813 286,
1459 1765 1512 1804 19
1651 1765 1674 1803 7
1708 1761 1816 1805 Pro-

131 1820 261 1876 copii
285 1819 341 1863 cf.
368 1822 401 1863 t.
420 1820 463 1863 Π
487 1824 557 1873 39,
574 1824 601 1862 4
618 1819 671 1862 R.
719 1819 868 1862 Amm.
886 1819 1034 1863 XXVI
1058 1824 1098 1872 6,
1118 1824 1174 1863 14
1187 1835 1251 1875 sq.
1302 1820 1400 1863 Zos.
1425 1820 1488 1863 IV
1505 1824 1544 1863 5.
1594 1820 1815 1864 Themist.

133 1893 198 1922 or.
218 1879 301 1922 VH
331 1894 376 1935 p.
404 1883 500 1922 103.
546 1883 627 1922 107
646 1877 698 1921 D.
853 1883 906 1922 12
946 1878 1168 1922 Themist.
1202 1893 1265 1923 or.
1283 1879 1368 1922 VH
1398 1894 1441 1935 p.
1463 1883 1560 1922 101.
1596 1885 1677 1923 111
1690 1894 1755 1935 sq.

137 1943 191 1980 15
239 1938 300 1982 Io.
334 1938 493 1993 Chrys,
525 1938 647 1981 hom.
672 1937 778 1980 XXI
807 1952 852 1993 p.
880 1942 965 1981 215
983 1937 1019 1980 Ε
1194 1942 1255 1985 >16
1303 1938 1401 1982 Zos.
1426 1938 1575 1982 IV34.
1632 1937 1814 1983 Consul.

131 1996 288 2041 Consb.
322 1996 505 2053 (Chron.
530 1997 640 2040 min.
675 1997 745 2040 ed.
771 1997 1044 2051 Mommsen,
1075 1997 1210 2040 Auct.
1236 1999 1331 2041 ant.
1355 1997 1419 2040 IX
1436 2003 1461 2041 2
1493 2012 1537 2054 p.
1565 2001 1668 2054 243)

255 2134 278 2172 1
312 2128 530 2174 δέδοκται
556 2131 612 2173 Μ
639 2131 646 2188 Ι
672 2128 731 2173 τὰ
762 2144 836 2173 om
861 2131 934 2174 Pa
961 2133 966 2187 l
994 2133 1236 2187 πλημελεῖν
1261 2131 1361 2176 PU
1383 2131 1432 2174 et
1461 2129 1511 2173 in
1541 2132 1817 2187 πλημμελεῖν

133 2201 238 2232 corr
259 2188 318 2231 1²
468 2193 493 2231 2
528 2189 582 2233 οὐ
617 2189 654 2234 0
683 2189 764 2232 sed
796 2205 851 2233 ov
882 2190 932 2232 in
962 2203 1038 2233 ras
1068 2204 1091 2234 s
1117 2190 1123 2248 Ι
1151 2190 1212 2258 μῂ
1244 2189 1389 2239 οὕτως
1411 2190 1686 2234 PVITBM
1755 2189 1816 2246 μὴ

132 2263 253 2291 ουτω
286 2248 396 2292 Bad
418 2248 520 2291 Mor
668 2252 694 2291 3
726 2248 857 2305 ὑμεῖς
887 2247 939 2293 δὲ
970 2250 1078 2292 ante
1110 2249 1151 2293 εἰ
1181 2250 1306 2292 inser
1334 2248 1419 2302 P²‚
1453 2249 1503 2294 δὲ
1534 2250 1643 2292 ante
1674 2249 1754 2292 καὶ
1779 2249 1823 2291 V

139 2307 143 2365 Ι
179 2307 259 2350 καὶ
289 2306 330 2350 εἰ
355 2307 463 2351 Βαά
490 2309 495 2363 Ι
524 2307 573 2351 ἐν
604 2306 866 2364 γράμμασιν
890 2307 992 2351 Mor
1018 2311 1024 2363 Ι
1050 2305 1292 2353 τεθείκατε
1321 2315 1486 2351 τοῦτον
1508 2309 1549 2351 Τ
1603 2315 1815 2352 τοιοῦτον

136 2367 196 2409 ,Μ
313 2370 339 2408 5
372 2364 416 2410 δ’
447 2366 489 2409 V
605 2371 631 2410 5
665 2366 695 2409 ἄ
726 2383 757 2409 α
780 2393 838 2399 —
863 2371 888 2410 6
921 2363 981 2409 αὖ
1013 2381 1086 2410 om
1112 2369 1235 2418 Bad,
1266 2366 1567 2423 θαυμάζομεν
1594 2366 1655 2423 μὴ
1680 2369 1814 2410 κολα-

134 2427 333 2468 σθεῖσαν
363 2425 414 2467 in
444 2438 577 2478 marg
625 2428 632 2481 Ι
682 2441 702 2469 ε
724 2427 804 2469 ὃεν
828 2427 873 2469 Α
964 2422 1062 2470 οἶδε
1093 2428 1139 2470 Ρ
1166 2427 1247 2470 sed
1281 2442 1326 2470 οι
1356 2426 1406 2468 in
1435 2438 1511 2468 ras
1542 2424 1624 2478 m',
1667 2426 1820 2470 UBM

135 2483 237 2527 Mor
303 2498 415 2526 num
447 2480 585 2540 ηδειῗ
634 2484 641 2542 Ι
689 2485 914 2540 ἀδελφοῖν
946 2492 1046 2529 τοῖν
1077 2499 1152 2528 om
1177 2487 1222 2530 B
1374 2490 1398 2527 6
1441 2482 1575 2528 πόλιν
1608 2498 1684 2527 om
1707 2485 1816 2528 Bad

194 2546 221 2585 8
252 2543 332 2585 καὶ
363 2556 438 2585 om
447 2501 620 2586 ῃΒΒαιῖ
642 2543 744 2586 Mor
922 2547 947 2586 9
979 2551 1145 2588 τοῦτον
1179 2543 1217 2588 Ο
1246 2544 1326 2587 sed
1359 2559 1413 2587 ον
1444 2543 1491 2585 in
1517 2556 1616 2587 raes
1663 2544 1670 2601 Ι
1719 2542 1814 2587 τοί-

132 2617 221 2644 νυν
253 2615 329 2644 om
354 2602 462 2645 Bad
489 2602 495 2656 Ι
522 2601 698 2651 ἐκεῖνος
722 2600 883 2647 τοίνυν
906 2604 947 2646 Τ
1062 2607 1116 2646 10
1147 2619 1195 2647 τε
1219 2606 1279 2659 (2)
1305 2616 1380 2646 om
1405 2602 1514 2646 Bad
1634 2606 1686 2646 11
1714 2601 1813 2646 ἐνό-

135 2673 246 2715 ησεν
277 2661 352 2704 Ρα
502 2665 554 2703 11
589 2660 792 2716 ἐκάθητο
819 2688 870 2694 --
900 2667 952 2704 12
986 2661 1270 2716 ἐξαιτήσεται
1303 2661 1418 2705 citat
1447 2660 1701 2717 praemisso
1734 2667 1815 2704 Λι-

132 2717 300 2776 βάνιος
322 2719 427 2762 Lex.
453 2717 652 2762 Darmsb.
677 2718 757 2762 fol.
778 2724 881 2763 115¹
903 2720 1071 2776 (Etym.
1099 2720 1215 2764 Gud.
1242 2721 1312 2764 ed.
1340 2719 1471 2763 Sturz
1502 2734 1547 2776 p.
1566 2723 1666 2774 633,
1684 2723 1756 2775 24)

131 2781 192 2820 12
224 2776 275 2821 δὲ
307 2791 383 2820 om
406 2777 607 2820 Darmst.
646 2780 652 2832 Ι
686 2778 830 2822 αὐτὸν
862 2780 970 2823 Bad
1004 2783 1010 2835 Ι
1046 2778 1329 2834 ἐξαιτήσεται
1360 2779 1483 2833 Bad,
1514 2777 1667 2829 αἰτίας
1697 2779 1814 2822 ἀπο-

134 2835 285 2879 λύσων
308 2836 357 2878 in
380 2850 515 2893 marg
617 2840 671 2880 13
695 2837 750 2880 οὐ
774 2836 994 2882 κεκόλακε
1015 2839 1115 2882 Mor
1207 2843 1260 2880 14
1286 2836 1346 2892 δή
1366 2839 1430 2895 τι]
1455 2835 1613 2881 τοίνυν
1632 2838 1816 2881 PaBad

138 2893 240 2937 Mor
265 2897 272 2950 Ι
297 2901 479 2938 τοιοῦτο
497 2895 598 2938 Mor
719 2900 772 2938 15
805 2895 855 2938 ἐν
879 2910 954 2939 om
971 2898 1165 2941 PVIPa
1174 2897 1368 2941 UTBM
1387 2896 1517 2940 uncis
1540 2895 1731 2939 inclusit
1747 2895 1814 2938 Re

139 2955 147 3011 1
174 2953 550 3009 κατορθωμάτων
569 2955 629 2998 Μ
649 2954 730 2998 sed
754 2954 1135 3012 κατωρθωμένων
1152 2955 1462 3011 suprascr.m³
1570 2958 1622 2997 16
1657 2952 1680 2997 ὅ
1706 2955 1815 2998 Bad
