2072 3162
198 138 267 190 88
731 138 961 182 LIBANH
992 137 1214 182 ORATIO
1246 138 1352 183 XIV

195 275 377 344 τυχών
421 294 573 336 τινος
619 273 838 341 ἀγαθοῦ
884 274 985 342 τὴν
1030 273 1201 327 αὑτοῦ
1248 283 1540 342 κομιεῖται·
1595 275 1643 327 εἰ
1689 273 1739 327 δ’
1778 276 1884 347 ἄρα

195 371 295 417 τοῦ
338 365 599 432 δαίμονος
637 362 669 430 ἡ
710 359 1022 431 δυσμένεια,
1062 361 1133 415 δι’
1167 363 1239 432 ἣν
1277 362 1339 417 ἐν
1377 366 1603 426 πολλοῖς
1639 368 1882 417 τεταλαι-

195 454 442 522 πώρηται
480 459 692 518 κακοῖς,
743 447 824 503 ἔτι
861 448 952 503 καὶ
990 458 1098 504 νῦν
1144 449 1451 522 ἐπηρεάζοι,
1503 454 1565 506 τὸ
1612 459 1752 520 γοῦν
1790 451 1889 520 ἐμέ

195 562 253 595 τε
292 542 438 611 παρὰ
478 537 566 593 σοὶ
606 540 698 592 διὰ
732 539 833 608 τὴν
864 540 1117 608 σπουδὴν
1149 540 1465 610 εὐδοκιμεῖν
1494 540 1726 613 κάκείνῳ
1758 542 1883 594 τινὰ

150 653 169 684 5
194 630 555 700 παραμυθίαν
595 622 738 681 εἶναι
771 628 833 680 τὸ
867 629 939 697 μὴ
970 634 1290 698 περιῶφθαι
1323 630 1705 700 δυστυχοῦντα
1735 631 1883 699 παρὰ

105 733 252 776 R425
283 727 394 771 τῶν
435 718 441 787 Ι
484 719 776 788 γνωρίμων
814 716 1057 787 ὑπάρξει.
1135 718 1183 771 3.
1223 719 1272 771 εἰ
1310 715 1412 787 μὲν
1451 715 1556 772 οὖν
1593 720 1665 788 μὴ
1705 723 1885 782 καλῶς

192 817 369 861 ποιῶν
409 807 437 860 ὁ
479 807 747 876 δυσχερὴς
786 804 995 869 ἐκεῖνος
1033 808 1408 877 παρεληλύθει
1445 810 1660 878 χρόνος,
1700 808 1884 876 λέγειν

191 896 293 964 μὲν
341 894 410 949 ἀν
450 892 616 948 οὐδὲν
655 894 839 964 ἐχρῆν,
887 895 953 948 οὐ
1001 896 1104 965 γὰρ
1143 892 1215 964 ἧν
1254 896 1282 949 ὁ
1323 897 1511 966 καιρὸς
1548 898 1747 965 λόγων,
1797 900 1882 965 ζη-

191 994 308 1038 τεῖν
346 981 407 1037 δὲ
446 993 557 1037 τῶν
590 984 872 1053 εὐνούχων
903 986 1034 1047 τοὺς
1067 985 1095 1038 ὅ
1127 1004 1179 1037 τι
1212 983 1387 1048 δόξειε
1416 986 1754 1056 πράττοντας
1791 986 1882 1039 καὶ

127 1096 169 1128 10
195 1073 592 1141 δανεισάμενον
632 1073 706 1136 ὡς
744 1078 1004 1127 πλεῖστον
1041 1076 1276 1144 χρυσίον
1315 1074 1582 1127 ὠνεῖσθαι
1624 1072 1751 1144 παρ’
1791 1075 1883 1127 αὐ-

191 1171 303 1216 τῶν
341 1163 407 1215 τὰ
446 1161 696 1230 μέγιστα·
751 1160 865 1215 ἐπεὶ
906 1159 968 1214 δὲ
1006 1171 1122 1224 τοῖς
1160 1162 1510 1231 γιγνομένοις
1549 1161 1578 1215 ὁ
1622 1165 1762 1226 Ζεὺς
1801 1164 1882 1216 αῑ-

195 1252 534 1320 σχυνόμενος
572 1257 854 1304 νοσοῦσαν
904 1247 1005 1320 μὲν
1042 1251 1143 1319 τὴν
1181 1253 1466 1318 βασιλείαν
1506 1253 1760 1320 ἔπαυσεν,
1808 1252 1885 1314 εἰς

194 1337 255 1393 δὲ
293 1341 395 1409 τὴν
435 1339 539 1392 ἀπὸ
579 1348 690 1391 τῶν
729 1343 1009 1407 λογισμῶν
1049 1340 1325 1408 διοίκησιν
1363 1340 1424 1393 τὸ
1464 1348 1687 1410 πρᾶγμα
1732 1339 1883 1409 μετέ-

193 1443 356 1498 στησε
407 1427 498 1481 καὶ
545 1427 727 1496 λέγειν
775 1426 985 1491 ἔξεστιν
1031 1425 1171 1499 ὑπὲρ
1223 1424 1301 1482 ὧν
1351 1428 1526 1499 ἀγορὰ
1571 1429 1882 1498 προῦκειτο,

126 1540 167 1574 15
191 1521 397 1586 πολλῆς
441 1516 728 1586 ἡγησάμην
776 1516 969 1586 ἀργίας
1015 1513 1157 1570 εἶναι
1204 1518 1275 1585 μὴ
1321 1523 1563 1587 χρῆσθαι
1609 1525 1674 1587 τῇ
1722 1524 1881 1587 φωνῇ

190 1615 290 1660 τοῦ
328 1614 525 1677 καιροῦ
565 1607 770 1674 ταύτην
811 1605 1190 1674 ἀπαιτοῦντος,
1230 1607 1407 1669 ἄλλως
1445 1626 1501 1659 τε
1539 1607 1629 1659 καὶ
1670 1613 1772 1659 σοῦ
1812 1612 1888 1679 τῷ

192 1697 383 1766 ρ”ήτορι
443 1697 733 1765 χαίροντος
785 1694 876 1747 καὶ
929 1695 1029 1763 τῆς
1077 1696 1299 1764 γνώμης
1353 1696 1420 1749 οὐ
1474 1699 1684 1763 μᾶλλον
1738 1695 1884 1758 ὅπως

181 1782 560 1854 Ἀριστοφάνει
598 1803 651 1836 τι
683 1792 794 1837 τῶν
824 1784 960 1836 κατὰ
998 1791 1138 1836 νοῦν
1178 1786 1328 1836 ἔσται
1367 1785 1631 1853 ζητούσης
1670 1783 1702 1852 ἢ
1737 1784 1883 1846 ὅπως

191 1881 287 1942 τῆς
324 1873 677 1942 ὑπαρχούσης
717 1870 877 1940 δόξης
917 1869 1070 1934 ἄξιόν
1107 1891 1160 1925 τι
1198 1875 1430 1941 ποιήσας
1470 1871 1710 1942 ὀφθήσῃ.

125 1985 168 2017 20
302 1961 352 2013 4.
398 1963 742 2028 Γεγενῆσθαι
781 1957 883 2029 μὲν
923 1955 1027 2013 οὖν
1067 1960 1127 2013 ἐν
1164 1962 1374 2030 χείρονι
1413 1963 1559 2032 λόγω
1599 1962 1690 2014 καὶ
1728 1963 1880 2030 φήμῃ

190 2051 289 2103 τὸν
329 2051 632 2114 ἄνθρωπον
673 2049 776 2101 οὐκ
815 2047 1097 2116 ἀντιλέγω,
1136 2049 1225 2100 καὶ
1265 2050 1367 2118 γὰρ
1408 2056 1572 2102 τοῦτο
1613 2058 1707 2118 τῆς
1747 2050 1880 2101 δυσ-

189 2141 394 2207 τυχίας,
433 2137 466 2206 ἣ
507 2137 573 2189 τά
608 2156 665 2189 τε
705 2137 842 2189 ἄλλα
881 2144 1083 2189 τοῦτον
1114 2135 1419 2203 κατέβλαψε
1451 2136 1541 2189 καὶ
1574 2135 1704 2206 δόξῃ
1737 2156 1880 2205 φαυ-

311 2260 333 2299 1
369 2255 510 2298 αὐτοῦ
544 2252 655 2296 ΒΜ
712 2258 856 2296 αυτοῦ
891 2253 936 2297 U
1060 2256 1086 2295 8
1119 2249 1179 2296 ὃὶν
1212 2265 1286 2295 0111
1318 2253 1461 2296 IBM
1578 2256 1631 2295 10
1665 2250 1880 2296 δανεισά-

191 2331 329 2371 μενον
364 2313 528 2370 scripsi
590 2310 952 2367 δανεισαμένους
982 2311 1091 2354 libri
1116 2311 1207 2354 edd
1328 2315 1380 2354 11
1415 2311 1492 2356 ἐπὶ
1520 2311 1591 2369 ΠΙ
1620 2309 1879 2367 γινομένοις

200 2374 307 2417 Ve‘n
340 2386 363 2416 e
395 2370 686 2430 γιγνομένοις
716 2384 817 2414 corr
841 2372 887 2414 B
1009 2375 1063 2414 14
1103 2370 1129 2413 ὐ
1163 2371 1210 2413 eb
1241 2386 1265 2413 ο
1304 2370 1522 2413 ultimum
1552 2370 1602 2412 in
1631 2369 1878 2425 προῦκειτο

191 2432 240 2475 in
270 2446 345 2475 ras
377 2431 450 2476 Ρ3
540 2428 779 2486 πρόέκειτο
814 2430 858 2474 V
890 2429 971 2473 sed
1003 2427 1026 2474 ε’
1057 2431 1104 2473 eb
1135 2445 1159 2473 ο
1193 2428 1411 2472 ultimum
1454 2430 1503 2472 in
1533 2442 1610 2472 ras
1641 2443 1674 2472 ‘n
1763 2427 1877 2483 πρό-

190 2497 373 2535 aaron?
429 2490 632 2534 Sinssenis
814 2493 867 2532 15
915 2488 1158 2545 ἡγησάμην
1198 2501 1253 2531 ex
1291 2486 1586 2544 ἡγησαμένην
1631 2501 1731 2530 corr
1760 2488 1795 2530 Ι
1802 2487 1818 2511 ²

194 2554 247 2592 17
294 2547 418 2600 ὅπως
449 2549 624 2593 inserui
657 2561 681 2591 e
714 2549 893 2592 VIBM
902 2549 946 2593 U
1090 2552 1143 2591 18
1179 2544 1498 2603 Ἀριστοφάνει
1530 2546 1578 2591 εἴ
1598 2562 1643 2589 τι
1674 2546 1778 2590 coni
1810 2546 1878 2589 Re

192 2608 334 2651 Anim
361 2610 367 2664 1
393 2606 438 2651 τί
462 2609 628 2652 PVIB
749 2611 805 2650 20
833 2609 1278 2663 Γεγενῆσθαι-89,
1298 2610 1352 2649 10
1385 2604 1729 2664 ὑπολαμβάνειν
1762 2604 1879 2648 citat

189 2667 252 2710 Io.
280 2666 412 2710 Sicel.
437 2666 615 2722 Doxap.
647 2666 731 2709 1.1.
765 2666 844 2709 fol.
872 2671 952 2708 32V
1000 2663 1158 2722 ὅμοιον
1197 2668 1259 2740 τῷ
1294 2663 1495 2720 παρόντι
1529 2662 1757 2722 προοιμίῳ
1797 2664 1878 2706 καὶ

190 2724 321 2781 παρὰ
350 2729 413 2785 τῷ
445 2723 651 2784 Λιβανίῳ
685 2724 735 2769 ἐν
766 2731 819 2783 τῇ
853 2724 967 2780 ὑπὲρ
999 2723 1355 2780 Άριστοφανους
1397 2722 1642 2784 ἀπολογίᾳ·
1692 2727 1877 2780 γεγενῆ-

192 2788 307 2828 σθαι
338 2787 428 2828 κτλ.
551 2789 606 2827 20
639 2782 834 2842 χείρονι]
859 2787 1008 2843 καιρῷ
1024 2783 1188 2839 Doxap
1325 2787 1378 2825 21
1412 2783 1651 2835 καὶ-89,
1672 2787 1694 2824 1
1730 2781 1876 2838 ἔργων

192 2858 267 2887 0111
297 2843 461 2899 Doxap
609 2847 663 2885 22
696 2840 795 2886 τάτ’
824 2845 870 2887 P
915 2843 921 2900 Ι
963 2849 1127 2886 τοῦτον
1160 2842 1324 2898 scripsi
1356 2855 1460 2885 cum
1493 2840 1673 2884 Sinteni
1705 2854 1729 2884 e
1762 2840 1882 2884 VUI

192 2903 293 2958 (sed.
323 2902 373 2945 in
403 2902 491 2945 hoc
523 2915 547 2945 e
578 2902 723 2945 τούτω
757 2915 857 2945 corr
880 2901 967 2958 m2)
1027 2901 1173 2961 τούτῳ
1206 2900 1374 2957 reliqui
1405 2900 1515 2943 libri
1539 2900 1630 2944 edd
1692 2900 1877 2954 „malim

195 2962 275 3005 καὶ
307 2961 364 3017 δὴ
396 2961 476 3004 καὶ
508 2959 648 3018 δόξῃι*
680 2961 747 3004 Re
809 2958 921 3016 δόξη
947 2962 992 3004 Β
1025 2961 1105 3004 sed
1134 2977 1164 3003 α
1197 2974 1336 3016 supra
1366 2977 1394 3016 η
1427 2959 1496 3002 m²
1587 2957 1712 3012 δόξει
1736 2959 1798 3002 M
