2060 3162
257 93 365 146 330
485 81 489 84 ’
774 93 1003 137 LIBANH
1033 93 1256 138 ORATIO
1288 94 1437 139 va

254 248 389 297 κειν,
443 229 685 297 ὑπερβὰς
737 229 831 291 τὰς
877 228 1134 283 ἁπάντων
1180 228 1402 294 ἐλπίδας
1450 230 1541 285 καὶ
1587 232 1723 285 κατὰ
1775 232 1936 302 τάχος

255 318 448 386 διαβὰς
486 317 584 370 τὸν
622 318 869 384 ποταμὸν
915 318 1017 370 οὐκ
1056 317 1143 371 ἐπὶ
1182 319 1282 387 τὴν
1319 321 1554 388 πλησίον
1599 321 1840 389 μεγάλην
1877 340 1935 374 τε

251 404 342 458 καὶ
366 405 813 475 πολυάνθρωπον
829 408 995 459 πόλιν
1012 407 1334 476 [Σαμόσατα
1348 407 1719 478 καλουμένην]
1743 405 1934 477 ἦλθεν,

252 494 325 556 ὡς
365 495 475 546 ἴδοι
515 513 572 547 τε
610 492 701 546 καὶ
741 493 945 563 ὀφθείη
985 496 1075 548 καὶ
1114 497 1180 549 τὰ
1221 497 1456 550 εἰωθότα
1493 506 1609 560 τοῖς
1646 500 1934 566 βασιλεῦσι

210 604 228 635 5
253 584 526 651 τιμηθείη,
567 581 686 636 ἀλλ’
718 581 976 652 ὀξύτητος
1015 585 1238 638 δεῖσθαι
1275 586 1374 638 τὸν
1408 587 1604 654 καιρὸν
1643 584 1803 649 εἰδὼς
1840 582 1935 655 ἧκε

252 667 353 740 μὲν
393 672 469 733 εἰς
507 673 671 724 πόλιν
709 669 947 741 ἔχουσαν
984 671 1123 741 μέγα
1151 674 1290 736 Διὸς
1326 675 1477 744 ἱερὸν
1509 674 1755 743 ἀρχαῖον,
1795 680 1935 727 θαυ-

251 760 426 828 μάσας
464 756 525 812 δὲ
566 758 656 813 καὶ
690 759 982 830 εὐξάμενος
1018 763 1219 815 δοῦναί
1248 764 1300 815 οἱ
1331 772 1574 816 κακῶσαι
1604 764 1670 816 τὰ
1703 767 1936 832 Περσῶν

253 848 551 917 ἀποσχίσας
596 857 691 917 τῆς
731 850 1016 919 δυνάμεως
1065 851 1336 921 μυριάδας
1375 850 1615 904 ὁπλιτῶν
1662 852 1764 904 δύο
1811 852 1936 904 τού-

251 957 380 999 τους
418 937 519 1006 μὲν
557 936 646 990 ἐπὶ
685 939 783 990 τὸν
828 941 1067 1008 Τίγρητα
1105 938 1301 1008 πέμπει
1349 939 1692 1008 φυλάξοντας
1741 960 1798 993 τε
1835 941 1937 1008 τὴν

184 1047 227 1079 10
251 1034 372 1094 γῆν,
427 1030 485 1078 εἴ
521 1046 573 1078 τι
624 1027 791 1096 ταύτῃ
846 1029 1067 1097 προσίοι
1121 1029 1326 1096 δεινόν,
1386 1029 1475 1081 καὶ
1529 1028 1937 1099 παρεσομένους

253 1114 398 1186 αὐτῷ
441 1116 576 1167 κατὰ
626 1116 819 1185 καιρὸν
868 1120 1143 1169 καλοῦντι.
1228 1116 1350 1169 215.
1404 1126 1543 1186 χρῆν
1590 1114 1650 1170 δὲ
1697 1118 1802 1184 ἄρα
1847 1117 1935 1170 καὶ

251 1204 350 1256 τὸν
394 1201 675 1273 Ἀρμένιον
726 1207 1111 1274 παραπλήσιόν
1165 1225 1218 1257 τι
1270 1214 1468 1273 ποιεῖν,
1539 1207 1630 1258 διὰ
1685 1206 1787 1275 γὰρ
1843 1213 1937 1273 τῆς

251 1291 466 1345 ἐκείνου
514 1300 612 1360 γῆς
650 1300 744 1361 τῆς
791 1293 1014 1362 ἀρίστης
1061 1293 1299 1347 ἐλθόντα
1339 1296 1472 1361 μετὰ
1513 1296 1706 1364 πυρός,
1753 1294 1969 1364 ὥσπερ’

252 1382 420 1449 εἰκός,
474 1381 573 1434 τὸν
635 1380 840 1451 ἐχθρὸν
891 1381 1149 1451 συμμίξαι
1207 1389 1281 1455 τῷ
1332 1385 1569 1451 βασιλεῖ,
1630 1383 1720 1436 καὶ
1782 1401 1937 1450 γενο-

98 1525 103 1531 ‚
184 1489 227 1521 15
252 1468 451 1535 μένους
489 1467 736 1539 ἀθρόους
774 1468 806 1538 ἣ
847 1467 1100 1538 ἐκβαλεῖν
1149 1479 1260 1523 τῶν
1299 1471 1444 1539 ὅρων
1482 1473 1612 1533 τοὺς
1651 1469 1937 1534 ἐναντίους

252 1558 560 1625 φεύγοντας
599 1557 631 1626 ἣ
670 1566 1044 1626 καταπατῆσαι
1081 1557 1361 1625 μένοντας.
1437 1560 1651 1612 τούτων
1702 1556 1762 1612 δὲ
1801 1578 1936 1629 παρ-

251 1645 602 1714 ηγγελμένων
649 1646 813 1709 αὐτὸς
860 1646 1116 1716 ἐχόμενος
1154 1647 1458 1717 Εὐφράτου
1505 1656 1653 1704 πιεῖν
1694 1658 1754 1700 ’τε
1801 1667 1937 1718 παρ-

253 1734 471 1803 έχοντος
501 1733 591 1786 καὶ
622 1734 1081 1804 παραπέμποντος
1110 1737 1211 1804 τὴν
1244 1735 1305 1788 ἐν
1339 1745 1452 1799 τοῖς
1483 1738 1695 1799 πλοίοις
1725 1738 1938 1806 τροφὴν

162 1836 309 1879 R595
354 1820 358 1892 i
402 1821 605 1892 ἐχώρει.
682 1823 804 1876 216.
843 1829 1058 1893 πλῆθος
1098 1821 1159 1877 δὲ
1196 1827 1453 1894 καμήλων
1490 1826 1794 1894 θεώμενος,
1842 1826 1937 1878 κά-

187 1934 228 1966 20
252 1915 427 1979 μηλον
466 1909 830 1980 ἐξηρτημένην
868 1914 1112 1980 καμήλου
1149 1916 1398 1981 φορτίοις
1437 1912 1832 1983 βαρυνομένας,
1871 1914 1936 1964 τὰ

167 2027 177 2038 ·
254 1997 314 2052 δὲ
353 1995 422 2067 ἧν
463 1996 612 2062 οἶνός
658 2019 714 2052 τε
761 2001 984 2068 ἥδιστος
1032 2001 1193 2063 ἄλλος
1240 2000 1293 2064 ἐξ
1342 2002 1507 2069 ἄλλης
1553 2009 1651 2068 γῆς
1697 1999 1787 2053 καὶ
1835 2001 1936 2052 ὅσα

372 2189 822 2242 ssAmm.XX1113‚1.
850 2189 1084 2233 Zos.11112
1148 2181 1533 2245 8sq.A'mm.1.1.5
1600 2189 1933 2232 16Amm.1.1.6

374 2372 395 2410 1
431 2365 691 2424 κατατάχος
716 2367 758 2410 V
903 2370 927 2408 3
960 2363 1095 2411 πόλιν
1120 2367 1179 2421 Β,
1211 2365 1269 2408 τὰ
1300 2365 1537 2422 σαμόσατα
1571 2379 1795 2422 suprascr.
1821 2366 1891 2411 m²
1925 2367 1929 2423 Ι

253 2425 507 2482 Σαμόσατα
539 2423 828 2481 καλουμένην
860 2425 985 2480 quod
1009 2425 1140 2468 deest]
1166 2426 1214 2467 in
1238 2425 1370 2468 libris
1395 2425 1650 2468 cancellavi
1773 2430 1795 2468 7
1827 2426 1936 2474 τοὺς

253 2483 438 2539 Πέρσας
460 2485 528 2528 Re
649 2489 675 2528 8
708 2484 792 2529 δύο
826 2497 900 2526 om
927 2485 1010 2527 Mo
1131 2488 1155 2526 9
1188 2483 1268 2528 τὸν
1301 2499 1376 2527 om
1400 2486 1475 2528 La
1507 2486 1553 2527 et
1583 2484 1632 2526 in
1655 2498 1730 2527 ras
1756 2489 1781 2527 3
1806 2484 1884 2526 litt
1908 2486 1936 2527 1

317 2548 368 2586 11
404 2545 526 2587 αὑτῶ
560 2543 634 2587 La
695 2557 771 2587 om
795 2543 886 2586 edd
913 2543 918 2600 Ι
948 2540 992 2587 δ’
1021 2542 1089 2586 Re
1212 2548 1264 2586 12
1298 2540 1518 2599 ἀρμένιον
1547 2543 1592 2585 Β
1625 2542 1706 2586 sed
1737 2556 1876 2598 supra
1909 2559 1933 2585 ο

256 2604 419 2645 acutus
452 2604 499 2645 et>
528 2611 637 2658 post
667 2620 694 2647 ν
727 2603 846 2645 duae
878 2601 974 2645 fere
1005 2601 1084 2644 litt
1116 2615 1215 2645 eras
1304 2601 1523 2658 ἁρμένιον
1556 2602 1599 2645 U
1738 2606 1791 2644 13
1824 2606 1935 2656 „aut

255 2660 475 2711 ἐλθόντος
496 2669 578 2705 τοῦ
603 2662 776 2719 ἐχθροῦ
809 2662 886 2718 169.
912 2661 1089 2705 videtur
1119 2667 1201 2705 aut
1225 2659 1458 2705 ἐλθόντων
1488 2667 1580 2704 τῶν
1609 2660 1819 2717 ἐχθρῶν“
1852 2660 1932 2713 Re,

256 2733 450 2774 quorum
483 2721 734 2763 secundum
765 2719 961 2763 fortasse
992 2720 1283 2775 probandum
1427 2725 1481 2762 14
1528 2716 1744 2775 συμμίξαι
1783 2718 1838 2761 cf.
1874 2719 1934 2762 ad

255 2793 299 2834 p.
327 2783 396 2832 28,
417 2782 468 2821 19
621 2783 673 2822 15
706 2776 734 2834 ἢ
767 2779 975 2837 ἐκβαλεῖν
1006 2786 1097 2822 τῶν
1130 2777 1250 2834 ὅρων
1282 2778 1330 2821 in
1356 2792 1429 2821 ras
1448 2777 1519 2821 Ρ2
1550 2775 1588 2834 (¹
1612 2777 1661 2819 in
1684 2791 1758 2820 ras
1790 2777 1874 2832 m3)

259 2841 312 2880 18
344 2835 523 2888 πλοίοις
555 2840 599 2882 Ρ
628 2838 706 2881 sed
738 2836 845 2881 πλοί
876 2837 925 2880 in
948 2851 1021 2880 ras
1053 2838 1121 2880 m³
1213 2836 1370 2888 ὅπλοις
1410 2837 1618 2881 ULaIM
1645 2838 1691 2879 et
1722 2837 1770 2879 in
1801 2849 1935 2892 marg

258 2897 341 2939 Mo
463 2901 517 2939 20
551 2896 894 2954 βαρυνομένους
924 2896 1026 2939 Mor
1086 2894 1413 2953 βαρυνομένων
1445 2895 1567 2938 Fabr
