2060 3162
242 197 348 250 134
790 198 1018 242 LIBANII
1050 198 1273 244 ORATIO
1306 200 1390 244 XV

145 346 294 390 R463
326 333 463 403 πρὸς
501 340 594 400 τῆς
623 331 872 402 Ἀθηνᾶς,
909 329 974 401 ἧς
1011 335 1112 403 τὴν
1150 336 1315 388 πόλιν
1349 337 1529 405 ὥσπερ
1563 333 1769 404 Ῥώμην
1802 333 1923 388 ἑκαὸ

233 420 397 492 τέραν
437 420 727 490 ἐπιθυμεῖς
768 422 924 490 ἰδεῖν,
974 423 1107 489 μετὰ
1145 431 1240 491 τῆς
1277 431 1484 477 σαυτοῦ
1530 424 1793 493 πατρίδος
1829 422 1920 477 καὶ

233 518 329 578 τῆς
367 511 433 562 τὰ
482 510 659 562 πολλὰ
703 517 874 562 ταῦτα
919 510 1258 580 κτησαμένης
1303 514 1509 575 πόλεως
1555 514 1650 575 τὰς
1683 511 1923 581 Ἀθήνας

235 599 548 666 θαυμάζων.
626 597 712 650 37.
746 597 995 666 ἐνθυμοῦ
1026 601 1238 669 τοίνυν,
1276 600 1360 653 ὅτι
1390 602 1602 654 τούτων
1633 610 1744 654 τῶν
1765 599 1922 670 Ἀθη-

186 708 209 740 5
234 689 407 741 ναίων
463 688 602 740 καλὰ
661 688 762 754 μὲν
815 687 1057 757 κάκεῖνα,
1119 691 1417 758 ναυμαχίαι
1477 691 1611 758 μετὰ
1664 698 1922 759 χρησμῶν

232 777 678 847 κατορθούμεναι
715 774 807 829 καὶ
846 778 1147 830 πείθουσαι
1185 779 1316 840 τοὺς
1352 778 1666 847 βαρβάρους
1706 777 1924 846 ἀγαπᾶν

232 867 363 928 τοὺς
402 864 664 935 ἀρχαίους
704 864 896 935 ὅρους,
941 869 1152 933 μᾶλλον
1198 866 1260 919 δὲ
1298 864 1615 920 συστέλλειν
1655 867 1733 929 εἰς
1771 868 1922 919 ἔλατ-

232 973 332 1006 τον
372 952 775 1021 ἀναγκάζουσαι
813 956 942 1017 τοὺς
989 953 1172 1024 ὄρους,
1221 955 1512 1008 κάλλιστον
1560 955 1621 1008 δὲ
1666 955 1923 1008 ἁπάντων

233 1042 265 1110 ἡ
316 1042 456 1112 πρὸς
509 1044 639 1106 τοὺς
692 1042 1031 1112 ἀτυχοῦντας
1082 1046 1497 1114 φιλανθρωπία,
1551 1041 1623 1096 δι’
1662 1043 1734 1112 ἢν
1786 1045 1925 1114 πρὸς

163 1151 213 1195 30
239 1130 338 1194 οὓς
393 1132 515 1201 ἄρτι
575 1131 994 1202 παρετάττοντο,
1055 1129 1195 1202 ὑπὲρ
1250 1133 1462 1186 τούτων
1513 1133 1651 1202 πρὸς
1706 1130 1925 1202 ἑτέρους

233 1221 584 1289 ἠγωνίζοντο.
662 1219 746 1272 38.
802 1222 1043 1290 ἔπασχον
1091 1220 1201 1274 ὑπὸ
1253 1223 1512 1289 Θηβαίων
1562 1230 1759 1282 κακῶς·
1823 1214 1916 1273 εἶτ’

234 1306 459 1378 ἔτρεχον
492 1309 570 1371 εἰς
597 1307 880 1378 Ἁλίαρτον
913 1308 1383 1379 ἐλευθερώσοντες
1410 1311 1699 1378 Θηβαίους.
1759 1305 1926 1362 οὐδὲν

234 1396 612 1467 μετριωτέρων
643 1395 940 1467 ἐπειρῶντο
970 1399 1298 1468 Κορινθίων
1328 1396 1418 1450 καὶ
1443 1398 1773 1467 Κορινθίοις
1807 1397 1925 1466 ἠδι-

235 1484 488 1554 κημένοις
546 1483 841 1554 ἐβοήθουν.
918 1483 1121 1551 ἔσωζον
1174 1484 1265 1539 καὶ
1324 1487 1424 1555 τὴν
1475 1486 1742 1556 Σπάρτην
1795 1487 1926 1553 μετὰ

167 1593 210 1627 15
238 1575 474 1645 Κριτίαν
518 1572 609 1627 καὶ
648 1576 1038 1645 Δρακοντίδην
1084 1575 1174 1627 καὶ
1213 1575 1273 1628 τὸ
1313 1573 1704 1645 καθῃρημένον
1750 1583 1927 1644 τεῖχος

234 1661 324 1716 καὶ
370 1664 466 1726 τὰς
499 1662 959 1732 ’ἀφειλκυσμένας
1004 1666 1243 1734 τριήρεις
1280 1662 1372 1717 καὶ
1410 1664 1470 1716 τὸ
1512 1665 1655 1716 πολὺ
1695 1664 1927 1716 κώνειον

236 1750 326 1804 καὶ
365 1752 461 1814 τὰς
500 1753 682 1820 φυγὰς
727 1750 819 1805 καὶ
857 1753 955 1805 τὸν
994 1753 1156 1822 λιμὸν
1193 1750 1409 1805 ἐκεῖνον
1455 1752 1546 1804 καὶ
1584 1752 1683 1806 τὸν
1731 1754 1925 1820 φόνον.

238 1838 652 1902 δι”Ελευσῖνος
682 1848 775 1910 τῆς
806 1840 1137 1909 τετμημένης
1167 1836 1349 1909 ἦλθον
1381 1841 1459 1903 εἰς
1491 1842 1926 1909 Πελοπόννησον

232 1928 341 1981 ὀὐκ
366 1926 748 1998 ἐπιτρέψοντες
773 1927 1082 1981 ἀπολέσθαι
1109 1930 1210 1997 τὴν
1234 1930 1635 1998 Λακεδαίμονα.
1705 1928 1790 1981 39.
1816 1938 1927 1993 τῶν

165 2036 214 2071 so
240 2017 342 2087 γὰρ
384 2020 527 2068 οἴκοι
573 2016 671 2069 τὸν
716 2013 871 2069 ἔλεον
921 2016 1245 2084 ἡγουμένων
1290 2019 1443 2086 θεόν,
1490 2011 1557 2069 οὗ
1604 2018 1702 2070 τὸν
1740 2016 1927 2085 βωμὸν

240 2103 482 2174 ἑώρακας
516 2102 832 2173 Ἀθήνησιν,
884 2100 925 2156 ὦ
977 2106 1229 2172 βασιλεῦ,
1284 2109 1598 2172 μεμνῆσθαι
1650 2113 1762 2156 τῶν
1814 2111 1927 2166 τοῖς

237 2196 469 2253 καλοῦσι
518 2190 610 2244 καὶ
665 2190 945 2261 δεομένοις
999 2190 1390 2260 ἡμαρτημένων
1444 2191 1544 2245 οὐκ
1597 2187 1684 2260 ἧν,
1739 2191 1855 2244 ἀλλ’
1894 2192 1926 2261 ἢ

365 2387 390 2425 5
421 2381 529 2426 Her.
546 2382 633 2425 VII
666 2386 747 2424 141
763 2396 829 2438 sq.
860 2381 968 2425 VIII
993 2385 1047 2424 96
1201 2386 1252 2425 11
1285 2381 1398 2424 Xen.
1426 2380 1543 2424 Heu.
1569 2381 1632 2424 III
1665 2385 1704 2436 5,
1724 2385 1866 2424 7—22

240 2445 295 2483 13
343 2440 457 2484 Xen.
483 2440 603 2484 Hell.
636 2441 699 2484 IV
725 2445 766 2497 2,
793 2445 868 2495 173
910 2445 949 2494 5,
977 2445 1002 2483 3
1186 2445 1238 2484 14
1284 2440 1397 2484 Xon.
1431 2439 1550 2483 Hell.
1575 2440 1639 2483 VI
1663 2446 1704 2494 5,
1730 2445 1785 2484 33
1800 2455 1865 2496 sq.

241 2504 297 2542 18
329 2498 471 2543 Thuc.
498 2500 540 2542 Π
566 2504 635 2556 19,
661 2505 685 2542 2
809 2503 864 2543 20
895 2499 1029 2544 PauS.
1056 2499 1076 2542 I
1103 2503 1170 2553 17,
1192 2505 1213 2543 1
1249 2499 1304 2542 cf.
1338 2501 1370 2542 b.
1397 2498 1460 2542 IV
1484 2503 1568 2543 253
1587 2514 1654 2555 sq.
1672 2499 1713 2542 R

363 2678 386 2717 1
422 2673 581 2730 ἑτέραν
608 2677 757 2721 VBM
785 2678 832 2720 eb
866 2675 1122 2733 praemisso
1153 2692 1208 2733 γρ
1241 2688 1379 2732 supra
1405 2675 1627 2731 ἑκατέραν
1659 2675 1741 2719 sed
1763 2676 1927 2731 postea

240 2745 344 2776 eras
377 2734 412 2776 Ι
579 2739 601 2777 7
650 2737 820 2791 μᾶλλον
851 2759 907 2768 —-
940 2739 966 2778 8
1001 2732 1136 2790 ὅρους
1175 2734 1433 2792 praemissa,
1471 2748 1581 2779 voce
1623 2731 1835 2790 κείμενον
1877 2734 1927 2777 in

244 2805 379 2848 marg
408 2791 466 2834 1⁸
645 2798 670 2836 8
717 2794 811 2839 ἀνα
814 2797 1078 2851 γκαζουσῶν
1114 2796 1175 2838 M
1210 2793 1291 2838 sed
1330 2793 1676 2851 ἀναγκάζουσαι
1713 2793 1762 2835 in
1794 2806 1927 2851 marg

240 2849 314 2893 m²
494 2855 547 2893 10
594 2852 710 2906 πρὸς
743 2812 925 2909 ἑτέρους
962 2854 1086 2896 inser
1115 2852 1177 2896 1²
1260 2867 1335 2897 om
1360 2854 1421 2896 M
1597 2857 1649 2895 11
1698 2847 1798 2896 εἶτα
1831 2852 1875 2896 V

252 2942 307 2980 12
339 2938 456 2992 πρὸς
489 2939 643 2983 UIM
750 2944 803 2993 13
836 2928 1135 2996 μετριώτερον
1168 2942 1213 2984 Β
1350 2944 1403 2983 19
1435 2940 1516 2985 τὸν
1549 2953 1574 2984 e
1604 2946 1696 2984 τῶν
1727 2953 1828 2983 corr
1860 2938 1927 2982 V²

306 3001 359 3040 21
389 2994 631 3054 Ἀθήνησιν
663 2998 787 3042 inser
818 3000 889 3043 P³
926 3003 932 3055 Ι
967 2999 1027 3056 μὴ
1061 3001 1327 3056 μεμνησθαι
1361 3000 1404 3043 V
