2060 3162
243 116 351 170 500
752 113 980 157 LIBANII
1012 112 1234 158 ORATIO
1267 113 1416 157 XXIII

242 269 349 305 πον
390 252 549 318 δίκην
588 248 806 303 ἐθέλειν
846 249 1466 318 λαμβάνειν,ἐπιζήμιον
1507 255 1585 321 τῷ
1627 247 1932 320 ληψομένῳ.

245 343 401 408 ζημία
441 337 502 391 δὲ
542 339 608 391 οὐ
661 339 844 414 μικρὰ.
876 339 1055 406 δήπου
1103 341 1319 406 βασιλεῖ
1363 340 1521 400 πόλις
1569 337 1932 406 ἀπολλυμένη.

243 436 342 481 τοῦ
395 429 497 497 γὰρ
546 426 723 480 ἐκεῖνο
772 432 936 499 θυμῷ
985 434 1280 488 ποιοῦντος
1326 421 1396 494 ἦν
1447 427 1625 494 δήπου
1680 427 1742 479 τὸ
1798 423 1932 494 μηδὲ

242 526 354 569 τῶν
409 516 637 585 ἀψύχων
691 517 1000 584 φείδεσθαι.
1077 518 1159 577 τίς
1210 511 1313 568 οὖν
1366 517 1624 582 βασιλεὺς
1672 516 1933 583 τοιαύτην

199 604 315 678 ὃᾶν
360 603 521 673 ἔλαβε
571 606 717 675 παρὰ
767 606 976 666 πόλεως
1027 605 1205 672 δίκην,
1256 603 1288 671 ἣ
1335 605 1437 672 τὴν
1487 603 1661 673 ἀρχὴν
1710 602 1934 672 ἔμελλεν

245 693 390 766 αὐτῷ
425 697 678 762 ποιήσειν
710 692 994 762 ἐλάττονας
1038 693 1119 745 13.
1160 696 1339 747 καίτοι
1378 691 1467 745 καὶ
1508 698 1561 744 εἴ
1594 713 1646 745 τι
1678 700 1934 745 τοιοῦτον

244 780 336 835 ὑπ’
369 784 552 836 ἄλλων
603 781 923 851 ἐπέπρακτο,
974 784 1173 835 τοῦτόν
1223 801 1284 849 γε
1336 781 1438 834 οὐκ
1489 780 1654 850 ἐχρῆν
1703 780 1934 833 ἀκολου-

157 885 198 927 R
221 884 364 926 11300
396 874 595 939 θήσειν
627 872 846 924 οἴεσθαι
885 873 985 924 τὸν
1019 877 1094 943 τῷ
1126 872 1198 939 μὴ
1239 871 1488 935 κολάζειν
1517 873 1726 939 μᾶλλον
1762 872 1767 932 ξ
1802 868 1835 937 ἢ
1866 875 1935 942 τᾷ

245 961 494 1025 κολάζειν
533 960 822 1028 ἡδόμενον.
891 960 1099 1030 μάρτυς
1131 956 1191 1012 δὲ
1226 959 1253 1013 ὁ
1286 968 1381 1028 τῆς
1419 960 1698 1027 βασιλείας
1737 960 1935 1027 χρόνος

181 1072 223 1104 10
246 1050 457 1117 πολλὴν
496 1050 643 1121 αὐτῷ
687 1050 953 1111 συνειδὼς
991 1053 1270 1117 πολλαχοῦ
1310 1050 1411 1120 τὴν
1451 1048 1798 1116 συγγνώμην.
1877 1047 1937 1109 ὅς

247 1157 308 1205 γε
377 1138 466 1190 καὶ
519 1141 658 1209 ,τοὺς
718 1146 814 1206 τῆς
883 1141 1164 1206 βασιλείας
1233 1137 1399 1213 αὐτῆς
1468 1136 1937 1204 ἐπιτεθυμηκότας

248 1226 608 1301 ᾠθουμένους
646 1235 710 1296 τῇ
761 1229 927 1298 ψήφῳ
968 1227 1105 1296 πρὸς
1144 1226 1394 1279 θάνατον
1434 1225 1703 1294 ε’ρρύσατό
1750 1244 1807 1276 τε
1846 1224 1935 1276 καὶ

245 1300 344 1383 ’ζῆν
376 1315 602 1384 ἀφῆκεν.
669 1315 843 1377 οὕτως
875 1314 993 1384 ,οὐδ’
1018 1314 1282 1368 ὁστισοῦν
1313 1313 1459 1367 τοῦτ’
1491 1312 1719 1381 ἔδεισεν,
1754 1313 1937 1382 ὀρθῶς

249 1405 503 1472 φαίνεται
554 1405 752 1466 δείσας.
834 1406 915 1456 14.
971 1404 1039 1456 οὐ
1091 1407 1284 1457 τοίνυν
1331 1402 1451 1456 οὐδ’
1484 1403 1633 1465 ὅστις
1682 1400 1938 1465 ἐξουσίαν

184 1515 225 1547 15
249 1490 459 1545 ἔδεισεν
509 1494 586 1554 εἰς
631 1491 886 1562 ἁρπαγὴν
939 1502 1050 1545 τῶν
1104 1491 1165 1545 ἐν
1217 1501 1281 1562 τῇ
1336 1494 1493 1545 πόλει
1546 1491 1852 1560 χρημάτων,
1908 1490 1936 1544 ὃ

250 1584 611 1653 πεποιήκασιν
664 1583 768 1650 ἤδη
821 1579 966 1644 τινες
1018 1583 1263 1648 βασιλεῖς
1313 1580 1534 1650 ἐφέντες
1585 1581 1939 1649 στρατιώταις

251 1669 510 1738 ἁρπάζειν
563 1673 943 1739 προειπόντες,
1003 1669 1063 1723 ἐν
1117 1670 1227 1741 ὅσῳ
1285 1671 1369 1723 δεῖ
1421 1677 1584 1722 τοῦτο
1640 1668 1791 1738 μέρει
1844 1677 1938 1736 τῆς

250 1758 451 1828 ἡμέρας
491 1759 775 1827 γενέσθαι,
824 1757 944 1811 οὐδ’
976 1745 1133 1812 οὗτοί
1168 1779 1260 1827 μοι
1301 1759 1694 1820 καλῶςδεῖσαι
1741 1758 1936 1810 δοκοῦ-

252 1861 357 1899 σιν.
435 1846 495 1899 ἐν
542 1849 647 1916 γὰρ
696 1847 988 1909 ἀπουσίαις
1032 1846 1306 1914 βασιλέων
1344 1847 1538 1914 ἥκιστα
1583 1848 1644 1899 τὸ
1683 1853 1939 1898 τοιοῦτον

186 1959 229 1991 20
253 1938 570 2004 γίγνεσθαι,
625 1936 818 2005 παρὼν
868 1933 928 1988 δὲ
983 1938 1034 1988 εἰ
1078 1937 1381 2003 βουληθείη
1428 1935 1517 1988 καὶ
1564 1935 1732 2003 ταύτῃ
1780 1934 1940 2001 δίκην

254 2026 460 2091 λαβεῖν,
512 2023 577 2075 οὐ
626 2025 861 2076 κωλύειν
911 2024 1046 2091 φασὶ
1093 2024 1191 2075 τὸν
1237 2025 1422 2089 νόμον.
1505 2021 1586 2074 15.
1640 2023 1729 2074 καὶ
1775 2029 1938 2074 τοῦτο

253 2108 323 2180 ἦν
363 2111 587 2165 ἀκούειν
624 2113 771 2181 παρὰ
801 2122 912 2164 τῶν
945 2111 1183 2179 ἀκριβῶς
1220 2112 1281 2163 τὸ
1313 2119 1534 2180 πρᾶγμα
1566 2109 1939 2178 ἐπισταμένων

255 2200 477 2270 ἀνδρῶν
529 2202 705 2253 πολλὰ
755 2202 821 2269 δὴ
868 2202 1192 2267 βασιλεῦσιν
1239 2199 1729 2267 ἐστρατηγηκότων.
1806 2195 1932 2267 παρ’

376 2403 427 2441 11
462 2398 518 2441 cf.
551 2413 596 2454 p.
624 2401 725 2453 428,
747 2402 850 2451 lsq.

376 2587 400 2625 2
434 2572 612 2641 βασιλεῖ
639 2581 875 2638 omssong
1013 2584 1037 2623 3
1070 2579 1129 2636 μὴ
1164 2580 1214 2624 δὲ
1238 2581 1273 2623 Ι
1410 2585 1435 2623 5
1469 2578 1528 2623 ἂν
1561 2594 1636 2623 om
1663 2579 1724 2622 M
1747 2581 1752 2636 Ι
1780 2575 1939 2634 Binum

256 2639 284 2696 ἢ
316 2641 384 2685 Re
527 2647 552 2685 6
586 2642 709 2699 αὑτῷ
741 2641 808 2684 Re
947 2643 998 2683 12
1033 2639 1303 2694 ὠθούμενος
1333 2640 1365 2682 Ι
1505 2643 1558 2682 13
1593 2638 1763 2694 ἐφῆκεν
1795 2636 1941 2680 Cobet

256 2699 386 2743 Misc.
409 2705 489 2743 142
520 2703 524 2756 Ι
555 2698 677 2750 ’ὅστις
701 2698 769 2756 (ὅς
791 2716 860 2750 τις
883 2701 950 2755 Ρ)
984 2696 1068 2742 οὖν
1093 2699 1187 2742 ΑΡ
1274 2697 1397 2747 ὅστις
1421 2704 1504 2741 οῦν
1523 2699 1584 2741 Μ
1613 2698 1694 2740 sed.
1710 2700 1728 2709 ⁴
1755 2696 1849 2739 add
1871 2695 1940 2738 m²

318 2756 440 2810 ὅστις
462 2761 496 2802 Ι
626 2763 679 2803 16
712 2757 899 2814 ἐφέντες
929 2756 1093 2812 scripsi
1125 2770 1149 2800 e
1184 2758 1227 2801 V
1252 2771 1357 2800 cum
1389 2755 1561 2800 Cobeto
1593 2755 1670 2799 1.1.
1745 2753 1941 2810 ἀφέντες

256 2861 426 2918 reliqui
458 2861 566 2904 libri
598 2862 690 2905 edd
822 2866 875 2905 17
909 2865 983 2906 δεῖ
1011 2874 1036 2903 e
1068 2859 1130 2915 δὴ,
1159 2873 1259 2903 corr
1282 2861 1315 2903 I
1385 2831 1449 2915 357⁶
1468 2860 1512 2902 A
1635 2862 1688 2901 18
1719 2860 1868 2908 καλῶς
1897 2859 1943 2901 Ρ

260 2921 340 2964 sed
365 2939 399 2964 ω
431 2921 479 2963 in
504 2934 578 2964 ras
602 2920 672 2963 m²
792 2925 847 2963 23
880 2920 938 2976 δὴ
971 2919 1135 2975 scripsi
1167 2932 1191 2962 e
1227 2919 1269 2962 V
1324 2919 1373 2962 δὲ
1406 2917 1575 2973 reliqui
1605 2916 1714 2959 libri
1746 2917 1837 2960 edd
