2060 3162
258 193 365 246 518
785 192 1014 236 LIBANH
1044 191 1269 237 ORATIO
1301 193 1450 237 XXIV

251 348 350 382 τον
391 329 565 391 εὐθὺς
603 327 769 398 ἐχρῆν
809 327 1014 395 ἀμῦναι
1060 335 1135 400 τῷ
1175 332 1580 398 τετελευτηκότι
1627 330 1717 381 καὶ
1755 331 1945 399 προοί-

249 438 379 484 μιον
426 424 520 485 τῆς
565 418 848 484 βασιλείας
886 419 986 486 τὴν
1032 419 1301 486 τιμωρίαν
1340 420 1693 487 ποιήσασθαι.
1769 419 1946 490 τούτῳ

250 503 385 577 <δὲ>
415 513 580 559 τοῦτο
619 507 879 574 περιττόν
918 525 975 558 τε
1013 506 1104 559 καὶ
1143 507 1375 574 μάταιον
1415 506 1582 571 ἔδοξε.
1656 505 1748 560 καὶ
1782 506 1811 560 ὁ
1843 503 1946 575 μὲν

207 618 230 648 4
255 595 450 665 νεκρὸς
487 592 782 663 ἐκομίζετο,
823 595 877 648 οἱ
918 592 978 647 δὲ
1008 595 1180 648 κακὸν
1217 603 1452 648 τοσοῦτο
1491 598 1946 659 κατεσκευακότες

163 695 271 740 RII
288 700 345 740 34
384 682 605 751 ἐγέλων.
641 683 646 752 Ι
683 682 972 752 ἐπιμιξιῶν
1010 681 1070 736 δὲ
1109 687 1331 737 πολλῶν
1368 680 1509 754 ὑπὲρ
1551 686 1771 754 εἰρήνης
1808 686 1947 755 πρὸς

249 774 382 835 τοὺς
422 770 643 841 Πέρσας
688 771 1035 840 γιγνομένων
1074 767 1144 839 ἦν
1184 771 1427 840 ἀκούειν,
1475 773 1548 835 ὡς
1586 772 1771 835 οὐδεὶς
1810 773 1946 827 ἐκεί-

247 881 364 915 νων
412 859 502 913 ἐπὶ
549 867 624 932 τῷ
675 863 831 933 φόνῳ
878 863 1128 930 τετίμητο
1183 862 1272 913 καὶ
1320 869 1492 914 ταῦτα
1537 870 1691 931 τιμῆς
1737 861 1946 926 ἐλπιζο-

251 948 432 1018 μένης·
1842 954 1844 956 ’

204 1061 224 1093 9
362 1038 410 1091 9.
476 1039 629 1109 Πρὸς
679 1037 895 1091 ἐκεῖνον
941 1040 1137 1092 τοίνυν
1183 1038 1423 1107 ἡγοῦμαι
1467 1042 1768 1108 χαλεπῆναι
1814 1042 1945 1102 τοὺς

156 1139 263 1183 RII
280 1144 336 1183 35
374 1129 547 1190 θεοὺς
585 1126 677 1180 καὶ
718 1129 810 1180 διὰ
848 1135 1013 1180 τοῦτο
1054 1133 1576 1196 καταναγκασθῆναι
1625 1127 1632 1199 Ι
1682 1129 1945 1196 τοιαύτην

247 1217 474 1286 εἰρήνην
525 1219 895 1285 ποιήσασθαι,
958 1215 1029 1270 δι’
1063 1213 1127 1286 ἧς
1176 1218 1398 1285 μείζονα
1448 1212 1528 1269 ὧν
1578 1215 1805 1280 εὔξαντο
1857 1219 1943 1285 ἄν,

244 1302 452 1375 ὑπῆρξε
504 1314 620 1368 τοῖς
674 1308 981 1373 πολεμίοις,
1035 1304 1288 1375 Ἀρμενία
1341 1313 1512 1374 πᾶσα,
1569 1307 1725 1368 πόλις
1773 1306 1806 1374 ἡ
1856 1305 1944 1359 ἐπὶ

244 1402 361 1456 τοῖς
415 1393 614 1464 ὁρίοις,
669 1393 1044 1463 πλεονέκτημα
1098 1392 1262 1463 μέγα,
1325 1395 1571 1464 φρούρια
1623 1395 1801 1448 πολλὰ
1851 1393 1942 1447 καὶ

250 1483 499 1553 καρτερά.
581 1483 663 1536 10.
705 1483 843 1536 ἀλλὰ
883 1484 1060 1555 τούτῳ
1099 1479 1203 1550 μὲν
1243 1488 1375 1545 ἴσως
1415 1483 1517 1536 οὐκ
1555 1481 1683 1552 ἐξῆν
1727 1485 1794 1536 τὰ
1831 1503 1944 1536 τοι-

183 1592 225 1625 15
251 1579 389 1625 αῦτα
428 1575 623 1640 ζητεῖν,
672 1569 822 1640 οἶμαι
865 1572 926 1625 δὲ
965 1566 1108 1625 εἶναι
1155 1573 1328 1640 δῆλον
1368 1572 1397 1624 ὃ
1439 1571 1597 1639 λέγω,
1636 1575 1890 1640 τελευτῆς
1933 1569 1937 1642 Ι

160 1672 203 1716 R
225 1672 338 1716 H36
372 1657 434 1713 δὲ
466 1660 613 1733 αὐτῷ
640 1664 855 1730 ταχείας
887 1661 1170 1729 συμβάσης
1201 1662 1291 1713 καὶ
1323 1670 1446 1714 τοῖν
1471 1660 1741 1730 ἀδελφοῖν
1766 1659 1851 1713 ε’πὶ
1876 1662 1943 1713 τὰ

251 1757 497 1820 σκῆπτρα
558 1751 967 1820 παρελθόντοιν
1017 1746 1060 1818 ἡ
1124 1750 1261 1818 αὐτὴ
1322 1750 1444 1819 περὶ
1507 1751 1608 1818 τὴν
1675 1751 1944 1819 τιμωρίαν

245 1837 423 1908 ἀργία.
500 1840 680 1891 καίτοι
727 1846 827 1891 τοῦ
875 1840 1154 1907 μνήματος
1194 1839 1265 1891 οὐ.
1301 1839 1468 1908 μικροί
1513 1858 1596 1900 τις
1634 1838 1666 1906 ἡ
1707 1840 1943 1907 πρόνοια

156 1939 199 1983 R
223 1939 336 1982 1137
371 1927 461 1978 καὶ
498 1925 503 1998 Ι
539 1935 710 1979 ταῦτα
743 1928 990 1995 δαπάνης
1021 1926 1333 1995 γινομένης,
1365 1925 1481 1979 ἀλλ’
1508 1927 1652 1993 ὅμως
1683 1929 1941 1994 προΐεντο

178 2037 222 2069 20
246 2013 338 2068 καὶ
377 2017 507 2078 τοὺς
547 2014 923 2084 σκεψομένους
962 2017 1205 2081 ἔπεμπον
1244 2014 1333 2067 καὶ
1373 2015 1601 2084 ἠρώτων
1640 2013 1942 2084 ἐπανήκον-

247 2123 343 2166 τας
381 2104 473 2156 καὶ
513 2104 651 2166 ὅλως
691 2103 990 2170 ἐβούλοντο
1032 2105 1220 2156 δοκεῖν
1256 2103 1654 2156 ἐσπουδακέναι
1685 2104 1808 2172 περὶ
1840 2104 1941 2171 τὴν

249 2190 496 2245 ἐνταῦθα
529 2195 891 2262 λαμπρότητα.
958 2193 1038 2244 11.
1081 2191 1234 2244 τουτὶ
1267 2189 1369 2258 μὲν
1401 2188 1504 2245 οὖν
1535 2195 1727 2259 καλῶς,
1761 2191 1938 2244 ἐκεῖνο

364 2401 389 2439 6
415 2413 459 2453 p.
479 2402 579 2451 356,
598 2402 700 2452 GSq.
820 2401 871 2439 12
905 2394 1095 2454 Νίσιβις
1118 2395 1386 2450 Zos.11131‚
1406 2399 1432 2437 4
1548 2399 1603 2438 20
1629 2395 1684 2439 of.
1705 2410 1749 2451 p.
1770 2399 1937 2451 369‚17

368 2594 389 2632 1
436 2589 612 2645 ἀμύναι
645 2590 727 2633 ΒΙ
752 2589 834 2632 sed
865 2588 915 2631 in
945 2588 1034 2631 hoc
1060 2591 1078 2600 ”
1112 2601 1167 2632 ex
1199 2586 1210 2602 ‘
1244 2601 1345 2631 corr
1367 2588 1437 2630 111³
1486 2588 1491 2645 Ι
1541 2584 1879 2643 τετελευτηκότι
1909 2587 1946 2629 Ι

247 2647 330 2691 sed
360 2663 408 2691 τε
441 2650 636 2704 antepos
661 2648 731 2690 m3
854 2653 879 2690 2
910 2654 1045 2690 τοῦτο
1078 2646 1223 2706 τούτῳ
1247 2648 1361 2691 Bal
1415 2654 1550 2690 τοῦτο
1583 2645 1636 2691 δὲ
1665 2645 1812 2704 τούτῳ
1844 2645 1937 2689 edd

307 2710 331 2748 3
365 2705 417 2751 δὲ
450 2721 524 2750 om
547 2707 658 2750 libri
685 2708 691 2763 Ι
719 2722 766 2750 τε
798 2720 872 2749 om
898 2706 966 2749 Re
1108 2710 1135 2748 4
1166 2713 1356 2750 τοσοῦτο
1390 2706 1554 2761 scripsi
1586 2719 1611 2749 e
1646 2705 1781 2749 CAV
1832 2718 1936 2747 τοσ-

244 2772 384 2809 οῦτον
415 2765 585 2821 reliqui
616 2765 726 2809 libri
756 2765 848 2808 edd
875 2765 880 2823 Ι
908 2765 1294 2816 κατεσκευακότες
1317 2767 1352 2808 Ι
1376 2764 1458 2808 sed
1482 2780 1503 2808 ε
1527 2765 1590 2820 (1)
1615 2777 1672 2806 ex
1695 2780 1726 2806 α
1749 2776 1851 2806 corr
1866 2763 1937 2805 m³

307 2828 332 2866 6
365 2823 682 2881 γεγενημένων
714 2825 782 2867 Re
913 2829 935 2866 7
968 2821 1204 2880 τετίμηται
1237 2823 1293 2867 01
1417 2827 1470 2866 10
1503 2824 1719 2867 διατοῦτο
1753 2822 1799 2865 B
1811 2822 1883 2865 VI

244 2882 328 2927 διὰ
357 2883 410 2926 τὸ
445 2882 502 2926 Ol
638 2888 691 2926 11
726 2883 938 2936 εὔξαιντο
964 2884 1010 2926 Β
1069 2883 1271 2937 ηὔξαντο
1305 2881 1362 2926 Ol
1385 2882 1508 2925 Fabr
1652 2885 1704 2924 12
1739 2877 1935 2935 ἁρμενία

251 2941 535 2997 ΟΑΡΒΠΙΙ
563 2949 704 2998 πᾶσα,
735 2949 864 2985 πᾶσα
890 2941 947 2985 Ol
975 2943 980 2997 Ι
1009 2939 1037 2996 ἢ
1066 2942 1312 2986 GABMU
1427 2946 1481 2984 14
1512 2934 1572 2996 ’ἧν
1599 2940 1655 2984 Ol
1778 2943 1830 2981 19
1861 2955 1935 2995 γε·

246 2998 443 3057 νομένης
476 3002 538 3044 Μ
594 2998 867 3058 γιγνομένης
897 3002 943 3043 Ρ
971 3001 1063 3045 edd
1184 3005 1239 3043 20
1272 2997 1598 3057 πεμψομένους
1632 3000 1675 3043 V
1927 3035 1930 3038 Α
