2060 3162
639 178 867 223 LIBANH
901 177 1124 222 ORATIO
1157 177 1306 222 XXIV
1727 178 1836 231 533

142 314 401 378 ἕλκοντας
440 316 637 368 δοῦναι
676 323 792 377 τοῖς
829 313 1189 382 βουλομένοις
1229 314 1511 367 ὠνεῖσθαι.
1581 314 1707 367 τού-
1745 327 1788 370 R
1810 325 1926 372 1162

142 423 254 456 των
316 403 690 472 συνεφάψεται
740 400 1044 465 Ἰουλιανὸς
1104 402 1284 455 πάντα
1344 403 1613 465 καθιστὰς
1674 401 1840 474 ῥᾴδια

141 494 271 555 τοὺς
308 489 412 561 μὲν
451 492 782 562 ὀφθαλμοὺς
820 501 932 545 τῶν
963 500 1313 562 στρατιωτῶν
1345 492 1684 560 διαφεύγων,
1723 501 1839 555 τοῖς

144 581 204 634 δὲ
243 578 427 651 ἔργοις
466 582 877 649 γνωριζόμενος.

254 670 340 722 41.
396 671 587 723 Καλὸν
634 669 700 722 δέ
734 683 822 722 σοι
861 667 976 722 κατ’
1009 670 1172 738 ἄμφω
1214 669 1526 722 σπουδάσαι
1571 669 1698 741 περὶ
1736 671 1837 739 τὴν
1885 691 1905 723 5

142 761 428 828 τιμωρίαν
485 759 518 828 ἢ
567 760 670 827 γὰρ
718 756 799 811 ἐπ’
834 756 1034 829 ἐλέγχω
1091 760 1237 828 λήψῃ
1286 758 1387 826 τὴν
1434 759 1613 827 δίκην,
1669 754 1736 812 οὗ
1786 762 1844 812 τί

143 846 343 916 γένοιτ’
374 847 445 901 ἂν
491 849 862 919 δικαιότερον;
910 848 942 917 ἢ
984 848 1365 919 δυνηθέντων,
1411 848 1439 901 ὃ
1487 849 1560 917 μὴ
1601 847 1838 917 γένοιτο,

142 946 256 991 τῶν
294 937 644 1007 δεδρακότων
691 938 953 990 διαδῦναι
1001 938 1137 990 κατὰ
1175 938 1279 1006 τὴν
1315 938 1643 1007 προαίρεσιν
1681 937 1838 991 εὐδο-

141 1028 389 1095 κιμήσεις
440 1025 531 1080 καὶ
584 1027 732 1096 παρὰ
786 1035 902 1089 τοῖς
964 1026 1285 1097 ἀνθρώποις
1339 1027 1431 1079 καὶ
1484 1024 1612 1095 παρ’
1645 1025 1836 1099 ἐκείνῳ

143 1115 234 1168 καὶ
273 1115 420 1184 παρὰ
458 1125 574 1177 τοῖς
613 1120 787 1184 θεοῖς,
840 1113 980 1168 ὥσθ’
1011 1116 1149 1186 ἅπερ
1197 1110 1268 1184 ἦν
1308 1115 1377 1167 ἄν
1417 1128 1507 1168 σοι
1545 1134 1838 1185 τετιμωρη-
1865 1136 1907 1168 10

144 1203 309 1277 μένω,
347 1211 518 1257 ταῦτα
557 1206 707 1257 ἔσται
747 1202 1092 1273 ἐθελήσαντι.

266 1354 291 1393 3
323 1356 415 1393 τῶν
446 1363 522 1393 om
547 1349 604 1393 01
628 1350 751 1394 Fabr
885 1354 913 1391 4
945 1346 993 1393 δ’
1020 1349 1090 1393 Re
1235 1354 1261 1394 8
1295 1348 1520 1394 διαδύναι
1551 1351 1636 1394 ΒΙ
1668 1351 1676 1406 Ι
1718 1348 1840 1393 κατὰ

144 1409 293 1468 τὴν],
298 1410 468 1463 ‚malim
498 1425 548 1466 γε
580 1410 846 1482 interponi“
877 1408 946 1451 Re
1100 1413 1155 1452 10
1195 1409 1255 1452 ἄν
1287 1408 1463 1452 inserui
1495 1410 1605 1454 ante
1637 1422 1712 1452 σοι
1743 1422 1769 1452 e
1802 1408 1848 1453 V

146 1471 336 1513 auctore
367 1468 449 1524 Re,
482 1469 591 1512 ansse
622 1462 681 1524 ἦν
713 1467 926 1512 Monnier
1081 1472 1133 1511 11
1166 1465 1300 1512 ταῦτ’
1338 1469 1382 1513 V
1410 1469 1417 1525 Ι
1450 1467 1704 1524 θελήσαντι
1738 1469 1796 1512 Μ
1832 1467 1839 1527 Ι

146 1528 261 1584 ὑπὲρ
293 1533 374 1584 τῆς
403 1525 625 1584 τιμωρίας
656 1528 897 1572 ἰουλιανοῦ
929 1527 1103 1571 subscr.
1129 1527 1187 1572 Ι8
