2060 3162
236 113 343 166 382
768 113 995 157 LIBANII
1027 113 1250 158 ORATIO
1281 114 1386 158 XIX

235 255 318 301 fol.
341 255 404 301 91
441 253 666 302 laudavit
709 255 807 301 Τοῦ
839 251 962 319 πρὸς
993 250 1191 317 βασιλέα
1221 251 1330 319 περὶ
1361 260 1447 318 τῆς
1486 253 1709 316 στάσεως,
1746 270 1918 302 revera

235 329 472 376 orationis
510 324 619 392 περὶ
656 333 753 374 τῶν
791 333 1096 393 προστασιῶν
1137 321 1194 393 (1.
1219 327 1270 374 H
1303 329 1423 389 525,
1451 329 1591 376 3-—4
1610 321 1676 394 R)
1718 331 1804 376 est.

346 401 564 448 Primum
598 401 757 449 oratio
790 401 948 449 lucem
971 401 1100 449 vidit
1129 403 1182 448 in
1209 402 1423 450 editione
1455 418 1657 465 operum
1681 402 1916 450 Aristidis

234 475 586 522 Florentina
618 490 745 522 anno
774 476 913 523 1517
949 469 1180 542 0111113331)
1212 475 1623 524 f01.165—167¹·
1656 470 1749 542 (=
1775 470 1914 543 Flor)

234 549 371 596 cuius
421 548 799 596 fundamentum
848 550 998 597 fuisse
1051 549 1267 597 codicem
1304 549 1690 598 Laurentianum
1729 550 1916 597 Badiae

235 639 385 685 supra
424 622 538 670 dixi.

346 695 468 744 Cum
523 698 688 743 autem
743 696 893 744 editio
947 699 1072 744 vitia
1131 696 1277 744 huius
1339 697 1517 746 codicis
1579 698 1679 745 fere
1735 699 1916 759 omnia,

235 772 351 832 quin
393 771 543 818 etiam
589 786 719 819 nova
760 771 995 832 praebeat
1006 765 1064 837 ²),
1110 771 1344 819 lectiones
1390 787 1505 819 vero
1552 772 1687 819 illius
1735 772 1915 835 margi—

232 846 369 892 nales
409 845 695 908 glossasque
735 846 976 906 omiserit,
1016 844 1228 907 exceptis
1267 846 1386 893 locis
1424 846 1596 906 paucis
1637 846 1811 906 quibus
1852 846 1914 892 ab

231 919 319 966 illo
359 918 604 980 discrepat
646 919 697 965 in
738 920 981 980 apparatu
1029 919 1225 967 silentio
1272 919 1628 981 praetereunda
1668 922 1796 980 0131,
1843 920 1915 968 113

231 995 288 1040 111
340 992 425 1039 ubi
477 993 604 1039 nihil
654 992 946 1041 adnotatum
1001 994 1095 1054 031,
1158 1009 1266 1040 03111
1321 1009 1433 1040 011111
1478 994 1596 1041 Bacl
1649 1009 1915 1056 congruere

231 1066 499 1114 tenendum
538 1066 613 1113 sit.

345 1139 523 1188 Secuta
563 1142 638 1188 est
677 1156 804 1187 anno
842 1142 983 1188 1610
1021 1141 1166 1189 huius
1207 1143 1354 1202 atque
1388 1141 1635 1202 sequentis
1677 1141 1913 1188 orationis

232 1214 382 1262 editio
430 1229 459 1261 a
497 1214 611 1262 Fed.
643 1214 850 1262 Morello
892 1207 986 1280 (=
1018 1208 1151 1278 Mor)
1198 1217 1375 1276 parata
1413 1215 1505 1261 hoc
1543 1215 1714 1262 titulo:
1753 1214 1914 1278 Λιβα-

230 1288 341 1336 νίου
381 1294 620 1350 σοφιστοῦ
658 1286 781 1353 πρὸς
817 1287 1081 1337 Θεοδόσιον
1119 1287 1267 1353 λόγοι.
1328 1289 1533 1336 Libanii
1562 1288 1812 1348 Sophistae
1850 1289 1916 1336 ad

233 1362 550 1410 Theodosium
602 1363 727 1422 Imp.
776 1364 1034 1418 orationes,
1088 1363 1187 1409 Pro
1239 1361 1549 1410 Antiochenis
1602 1363 1656 1409 ob
1712 1362 1915 1410 deiectas

231 1437 389 1496 Impp.
437 1438 685 1496 imaqines.
768 1435 950 1484 Graece
998 1451 1129 1484 nune
1169 1437 1389 1497 primum
1435 1435 1674 1496 prodeunt
1723 1451 1745 1483 e
1784 1436 1914 1484 Bibl.

229 1511 346 1571 Rey.
379 1509 498 1557 Fed.
522 1510 764 1557 Morellus
795 1512 1042 1566 recensuit,
1082 1510 1261 1558 Latine
1292 1513 1443 1566 vertit,
1482 1512 1607 1558 notis
1637 1511 1911 1559 illustravit.

228 1583 313 1631 Ad
350 1584 621 1632 Henriouni
658 1584 755 1632 IV.
786 1584 967 1631 Frane.
1021 1587 1063 1632 et
1106 1584 1323 1632 Navarr.
1363 1585 1540 1644 Reyem
1583 1583 1912 1632 Christianiss.

228 1659 439 1706 Parisiis
484 1658 618 1718 apud
655 1657 775 1705 Fea.
806 1658 1070 1705 Morellum
1107 1657 1330 1706 MDOX.
1409 1658 1513 1714 Quo
1559 1673 1735 1719 parum
1782 1660 1912 1704 10010

229 1733 444 1794 primum
475 1747 647 1794 graece
677 1732 873 1792 prodire
906 1724 1135 1779 dicuntur
1167 1733 1426 1780 orationes.
1488 1731 1659 1792 Neque
1685 1731 1912 1779 editionis

229 1806 544 1853 Florentinae
584 1805 840 1853 immemor
874 1806 972 1852 fuit
1003 1806 1251 1868 Morellus‚
1290 1806 1440 1853 immo
1472 1821 1587 1854 vero
1626 1821 1723 1853 11011
1757 1805 1912 1852 solum

230 1879 408 1927 diserte
441 1881 544 1926 01113
575 1879 874 1927 mentionem
905 1880 1022 1928 fecit
1051 1882 1104 1927 in
1135 1880 1264 1927 110113
1305 1880 1366 1927 ad
1397 1881 1610 1941 priorem
1643 1880 1914 1927 orationem

228 1970 276 2015 p.
306 1955 370 2001 13
419 1953 495 1999 his
541 1953 724 2001 verbis:
774 1954 851 2001 liic
894 1968 1004 2001 vero
1050 1954 1378 2013 supplevimus
1426 1969 1448 2002 e
1491 1953 1602 2001 Coa.
1636 1953 1750 2013 Rey.
1792 1967 1913 2012 quae

230 2028 428 2074 deerant
479 2029 533 2074 in
578 2026 887 2074 Florentino:
941 2029 1077 2075 euius
1130 2031 1290 2075 tamen
1343 2028 1469 2075 hano
1522 2028 1761 2074 lectionem
1814 2040 1912 2072 non

228 2102 457 2160 improbo,
503 2100 587 2148 sed
628 2100 777 2147 etiam
819 2116 908 2161 pro
949 2101 1270 2148 fundamento
1317 2115 1433 2148 suae
1470 2101 1764 2147 recensionis
1805 2115 1911 2146 eam

228 2173 403 2222 habuit
448 2175 740 2234 tantumque
781 2189 805 2219 e
845 2174 1008 2221 codice
1047 2174 1178 2222 Bibl.
1210 2175 1325 2233 Req.
1367 2175 1586 2221 correxit.
1665 2173 1829 2234 Atque
1868 2175 1910 2220 is

228 2248 325 2295 fuit
354 2247 607 2295 Parisinus
639 2263 709 2309 gr.
738 2248 879 2295 3014
918 2247 1066 2295 codex
1098 2247 1300 2295 alterius
1333 2247 1566 2308 familiae,
1607 2247 1689 2294 sed
1729 2249 1779 2293 in
1814 2262 1909 2308 quo

229 2323 388 2369 oratio
427 2322 638 2368 multam
677 2321 838 2368 labem
877 2323 1201 2368 contraxerat.

339 2395 474 2442 Haec
543 2398 707 2442 autem
776 2394 926 2442 editio
993 2395 1138 2442 hodie
1198 2394 1449 2442 rarissima
1518 2410 1626 2441 cum
1687 2394 1908 2442 versione

228 2469 386 2516 latina
439 2461 721 2534 notisque3)
775 2469 987 2530 repetita
1042 2471 1115 2516 est
1162 2467 1375 2516 editione
1430 2484 1629 2529 operum
1676 2467 1908 2515 Libania-

350 2581 392 2635 1)
423 2578 566 2635 Λόγοι
587 2576 875 2634 Ἀριστείδου.
929 2579 1164 2623 Orationes
1188 2580 1421 2623 Aristidis.
1485 2580 1756 2634 Impressum
1782 2579 1909 2621 bonis

229 2638 395 2682 auibus
426 2644 627 2693 optatam
658 2639 846 2695 eontiyit
866 2643 1027 2682 metam
1058 2639 1138 2681 boc
1160 2639 1384 2682 Aristidis
1415 2652 1527 2694 opus
1551 2639 1622 2681 die
1648 2637 1759 2681 XX.
1781 2638 1909 2679 Maii

231 2697 299 2740 M.
326 2698 387 2740 D.
416 2698 580 2740 XVII.
614 2698 878 2741 Florentiae
907 2698 1159 2752 sumptibus
1189 2699 1355 2742 nobilis
1385 2699 1482 2741 uiri
1513 2698 1721 2752 Philippi
1750 2697 1907 2739 iuntae

229 2756 495 2811 bibliopolae
526 2757 693 2800 Leonis
718 2757 778 2799 X.
806 2756 1039 2812 pontilicis
1061 2757 1206 2800 nostri
1236 2771 1357 2800 anno
1389 2758 1558 2811 quinto.

348 2816 390 2870 2)
435 2813 500 2857 Cf.
534 2814 757 2871 ὃομάτιον
798 2828 882 2870 pro
923 2814 1154 2870 δωμάτιον
1185 2829 1229 2871 p.
1247 2819 1414 2870 413‚9;
1460 2815 1535 2858 ἐπὶ
1567 2812 1780 2868 στρατιὰς
1821 2826 1903 2868 pro

232 2872 526 2929 ἐπιστρατιὰς
555 2888 598 2928 p.
628 2878 727 2928 387,
746 2879 784 2916 9.

349 2934 392 2989 3)
423 2931 604 2974 Paucae
636 2934 775 2975 notae
805 2931 1159 2987 praetermissae
1193 2933 1311 2975 sunt.
