2060 3162
247 120 357 173 432
802 120 1031 164 LIBANII
1063 120 1285 166 ORATIO
1317 121 1401 166 XX

249 256 508 310 ἐκόλασεν
539 257 686 308 ἄκων
718 255 894 324 ἀφῆκε
924 258 985 309 τὸ
1010 256 1182 324 μηδὲν
1211 256 1334 327 παρ’
1363 257 1670 327 Ἀθηναίων
1695 259 1930 329 ὕστερον

246 351 453 398 παθεῖν
493 345 819 413 ὠνούμενος.
898 345 1106 398 οὐκοῦν
1152 346 1254 398 οὐκ
1292 342 1362 414 ἦν
1409 349 1783 416 αἰχμαλώτους
1821 347 1932 400 έλε-

248 441 444 496 οῦντος
483 435 543 486 τὸ
583 435 934 502 γιγνόμενον,
981 433 1117 487 ἀλλὰ
1155 436 1257 502 τὴν
1295 435 1466 488 αὑτοῦ
1513 438 1696 506 χώραν
1735 454 1931 505 πειρω-

247 521 417 590 μένου
458 522 718 591 ῥύεσθαι,
764 524 908 574 πολὺ
948 521 1033 589 δέ,
1074 516 1249 590 οἶμαι,
1295 524 1356 576 τὸ
1395 523 1564 592 μέσον
1610 528 1931 593 φιλανθρω-

201 630 223 663 5
247 613 376 673 πιάς
413 611 503 663 καὶ
543 611 740 678 φόβου.
818 612 887 662 σὺ
930 607 990 662 δὲ
1035 613 1231 673 ποιόυς
1268 608 1370 677 μὲν
1407 611 1757 681 Ἀθηναίους,
1808 615 1929 666 ποί-

248 719 347 762 ους
394 699 454 752 δὲ
494 698 800 767 Ἀθηναίων
847 700 1208 767 στρατηγούς,
1257 702 1417 763 ποίας
1463 701 1524 754 δὲ
1561 709 1720 770 ναῦς,
1771 703 1931 765 ποίας

249 784 311 840 δὲ
352 789 704 856 ἱππαγωγοὺς
748 789 988 857 τριήρεις
1037 788 1243 841 δείσειν
1290 791 1526 859 ἔμελλες,
1581 790 1754 852 οὕτως
1801 792 1930 844 εἰλι-

247 877 431 944 κρινὲς
470 876 714 929 ἐνταῦθα
759 877 820 929 τὸ
867 884 963 944 τῆς
1009 880 1456 947 φιλανθρωπίας,
1503 879 1593 931 καὶ
1640 879 1823 941 οὐδεὶς
1861 879 1931 932 ἂν

250 965 567 1033 οὐδαμόθεν
607 967 789 1018 αἰτίαν
828 965 1177 1036 φαυλοτέραν
1215 967 1495 1036 περιάψειε
1533 974 1607 1039 τῷ
1640 968 1928 1038 πράγματι.

181 1074 224 1107 ιο
360 1054 444 1106 24.
499 1055 758 1106 Λείπεται
812 1054 1062 1116 κάκεῖνος
1114 1064 1224 1107 τῶν
1279 1065 1393 1108 σῶν
1447 1056 1514 1124 δὴ
1567 1063 1731 1109 τοῦτο
1783 1057 1811 1110 ὁ
1864 1065 1930 1127 τῇ

241 1140 411 1213 Ῥώμῃ
458 1139 559 1211 μὲν
606 1143 902 1212 ὁμώνυμον
948 1142 1160 1214 ἐγείρας
1205 1146 1386 1212 πόλιν,
1436 1146 1497 1198 τὸ
1547 1153 1722 1214 σχῆμα
1769 1143 1829 1198 δὲ
1866 1146 1928 1198 τὸ

258 1230 453 1300 ’κείνης
492 1232 637 1284 άπαν
676 1233 752 1294 εἰς
790 1233 997 1300 ταύτην
1037 1233 1360 1300 εἰσαγαγών,
1410 1233 1717 1300 εὐδοκιμῶν
1764 1231 1823 1286 δε
1861 1241 1935 1306 τῷ

246 1320 343 1372 τὸν
374 1319 649 1388 Ῥωμαίων
689 1321 866 1389 δῆμον
906 1319 1150 1388 ἐνεγκεῖν
1196 1320 1656 1391 αγροικισάμενόν
1693 1343 1760 1375 τι.
1838 1322 1930 1391 ρή-

244 1428 386 1474 ματα
439 1409 539 1475 μὲν
599 1410 704 1478 γὰρ
760 1404 821 1461 εὖ
874 1418 1053 1461 ποιῶν
1105 1411 1351 1478 ήνεγκεν,
1412 1407 1579 1480 ἔργον
1639 1411 1701 1463 δὲ
1762 1408 1930 1464 οὐδεν

181 1517 222 1550 15
246 1505 462 1565 προσῆν
517 1497 648 1550 οὐδὲ
699 1496 815 1550 κατ’
848 1499 1082 1551 εἰκόνων
1133 1498 1307 1568 ὕβρις.
1383 1501 1560 1551 καίτοι
1620 1501 1820 1552 πολλαί
1869 1519 1930 1567 γε

247 1586 566 1654 εἱστήκεσαν
598 1585 806 1657 ἐκείνω,
846 1579 932 1649 αἷς
964 1587 1065 1655 οὐχ
1099 1587 1243 1649 ὅπως
1273 1595 1427 1658 χεῖρα
1451 1586 1772 1656 ἐπήνεγκαν,
1806 1587 1922 1641 ἀλλ’

246 1673 366 1727 οὐδ’
398 1674 531 1727 ὅσον
592 1676 669 1737 εἰς
729 1674 941 1743 βλέμμα
997 1678 1287 1750 παροινίας
1340 1678 1572 1746 ἔρχεται,
1635 1678 1930 1745 φαίνονται

154 1774 198 1817 R
219 1779 304 1818 665
353 1765 726 1831 λελυπήκότες.
804 1764 1012 1816 οὐκοῦν
1062 1762 1306 1816 ἐνταῦθα
1362 1763 1367 1834 Ι
1424 1761 1525 1833 μὲν
1578 1766 1666 1817 καὶ
1721 1765 1930 1833 ῥήματα

246 1851 334 1903 καὶ
377 1854 524 1920 ἔργα,
565 1850 675 1904 ἐκεῖ
713 1849 775 1904 δὲ
813 1853 1112 1905 τοῦλαττον
1150 1855 1340 1920 μόνον,
1379 1854 1446 1905 τὰ
1485 1853 1707 1922 ῥήματα.
1784 1854 1927 1907 οὕτω

178 1961 223 1993 20
246 1946 345 1992 τοῦ
400 1940 742 2009 βραχυτέρου
795 1940 896 2007 μὲν
942 1940 1130 2012 ἐκείνω
1183 1950 1491 2010 κοινωνεῖς,
1545 1943 1818 1996 κοινωνὸν
1868 1939 1929 1994 δὲ

246 2026 459 2081 ἐκεῖνον
497 2036 596 2080 τοῦ
635 2030 881 2095 μείζονος
921 2028 1022 2081 οὐκ
1061 2031 1212 2097 ἔχεις.

367 2236 389 2274 7
423 2231 549 2275 Dem.
574 2231 692 2274 Phil.
718 2231 739 2274 Ι
769 2247 814 2288 p.
840 2235 911 2287 46,
930 2237 955 2275 5
1079 2236 1130 2274 11
1166 2231 1222 2274 cf.
1249 2248 1292 2288 p.
1320 2237 1419 2286 393,
1439 2238 1463 2276 6
1480 2248 1545 2288 sq.

365 2428 389 2466 3
415 2424 558 2467 αὐτοῦ
577 2423 756 2467 PaTM
859 2428 882 2466 7
911 2422 1201 2495 ἐπαγωγούς
1201 2423 1275 2466 Ρα
1302 2426 1307 2480 Ι
1335 2422 1528 2479 ἤμελλες.
1556 2425 1629 2468 Ρα
1656 2424 1661 2482 Ι
1690 2423 1928 2478 ειλικρινὲς

255 2482 405 2526 VBM
539 2486 591 2525 10
623 2482 799 2526 τούτων
822 2484 895 2526 Ρα
1028 2478 1124 2525 1·2’
1131 2478 1286 2538 κείνης
1315 2484 1349 2525 Ι
1375 2480 1497 2526 sed'
1533 2482 1582 2526 in
1605 2497 1680 2526 ras
1705 2483 1774 2526 m²
1834 2481 1926 2527 κεί-

247 2586 329 2625 νης
356 2570 393 2614 C
450 2568 626 2626 ἐκείνης
659 2570 748 2613 edd
762 2572 782 2644 Ι
810 2569 1007 2626 εἰσάγων
1037 2571 1104 2627 ΤΙ
1131 2587 1192 2614 τω
1217 2572 1251 2613 Ι
1367 2576 1420 2613 13
1451 2578 1543 2616 τῶν
1585 2572 1762 2615 VIBM
1781 2570 1883 2613 Mor
1917 2571 1920 2628 Ι

243 2644 301 2671 τι.
330 2625 507 2684 ῥήματα
538 2629 606 2672 Re
675 2646 717 2672 τι
750 2626 898 2686 ρῆμα.
916 2628 973 2672 τὰ
1005 2633 1077 2685 (τα
1109 2630 1171 2687 V)
1202 2630 1311 2673 libri
1342 2630 1443 2673 Mor
1623 2634 1678 2672 14
1725 2625 1771 2673 δ’
1798 2629 1867 2671 Re

249 2691 302 2730 15
337 2686 513 2737 εἰκόνος
543 2687 651 2731 libri
684 2690 731 2732 et
763 2705 817 2744 γρ
849 2687 950 2731 Mor
984 2688 990 2745 Ι
1027 2688 1174 2732 πολλά
1199 2691 1273 2733 Ρα
1453 2694 1505 2732 16
1539 2687 1784 2743 ἑστήκεσαν
1808 2687 1927 2731 ΑΡ]

247 2745 329 2788 sed
367 2746 417 2788 in
447 2746 533 2789 hoc
573 2747 592 2791 ἑ
632 2746 682 2789 in
711 2761 787 2790 ras
817 2746 899 2799 m²‚
940 2748 1103 2790 PaTB
1135 2748 1236 2792 Mor
1415 2752 1468 2791 16
1518 2744 1593 2796 αἷς
1624 2773 1680 2779 -
1714 2750 1766 2790 18
1799 2748 1919 2790 λελυ-

245 2803 440 2860 πηκότες
471 2805 587 2849 citat
617 2805 734 2849 Plan
764 2805 842 2848 fol.
872 2809 979 2848 103v
1109 2811 1161 2850 16
1196 2805 1393 2863 ἐπήνεγκ
1425 2824 1451 2851 ν
1484 2820 1589 2850 cum
1618 2819 1693 2848 ras
1728 2810 1750 2847 1
1783 2804 1862 2848 litt
1889 2806 1929 2850 U

246 2868 376 2965 201}
398 2863 668 2964 ἕαροινίαὶ)
849 2869 901 2908 19
950 2863 1068 2909 οὕτω
1109 2892 1162 2898 -
1205 2870 1256 2908 21
1309 2865 1424 2922 ἔχεις
1470 2865 1585 2908 citat
1623 2863 1739 2907 Plan
1778 2863 1862 2906 1.1.

441 2935 466 2965 e
