2060 3162
135 1077 178 1108 10

136 1520 176 1552 15

133 1962 176 1993 20

208 124 242 174 2
246 121 317 174 90
696 121 924 165 LIBANII
955 120 1179 165 ORATIO
1210 121 1359 166 XVIII

206 258 306 326 τὴν
353 255 637 324 εὐσέβειαν
682 259 954 325 κατήγαγε
999 257 1135 319 νεὼς
1180 259 1310 320 τοὺς
1358 253 1460 326 μὲν
1509 266 1702 325 ποιῶν,
1755 259 1887 320 τοὺς

207 346 268 399 δὲ
317 344 699 412 ἐπισκευάζων,
752 345 829 407 εἰς
878 344 939 397 δὲ
987 346 1117 407 τοὺς
1167 345 1403 413 εἰσάγων
1457 344 1565 413 ἕδη.
1642 347 1888 414 χρήματα

206 430 266 487 δὲ
321 431 545 486 ἐτέλουν
591 433 644 492 οἱ
690 441 805 495 τοῖς
851 440 962 485 τῶν
1011 433 1174 501 ἱερῶν
1219 435 1404 495 λίθοις
1457 434 1652 501 σφίσιν
1699 433 1886 496 αὐτοῖς

206 523 379 584 οἰκίας
426 519 746 591 ἐγείραντες.
822 519 913 574 καὶ
959 523 1147 584 κίονας
1194 517 1340 574 εἶδεν
1379 523 1447 574 ἄν
1484 541 1565 584 τις
1610 523 1739 585 τοὺς
1784 519 1887 591 μὲν

205 611 389 678 ναυσί,
439 611 569 673 τοὺς
608 610 669 663 δὲ
709 608 790 662 ἐπ’
823 608 1042 677 ἁμαξῶν
1080 618 1197 672 τοῖς
1235 610 1625 679 σεσυλημένοις
1673 613 1886 679 κομιζο-

202 698 402 766 μένους
439 704 619 767 θεοῖς,
670 697 757 752 καὶ
797 706 1076 768 πανταχοῦ
1128 697 1303 767 βωμοὶ
1342 697 1432 754 καὶ
1470 706 1581 770 πῦρ
1621 698 1711 752 καὶ
1751 693 1885 768 αἷμα

203 786 294 841 καὶ
332 790 531 842 κνίσσα
576 787 667 840 και
705 788 912 850 καπνὸς
957 785 1048 841 καὶ
1087 785 1295 840 τελεταὶ
1342 786 1432 840 καὶ
1478 788 1698 854 μάντεις
1736 787 1884 841 ἐλεύ-

201 881 362 946 θεροι
401 878 582 945 φόβου
621 874 711 928 καὶ
752 874 813 929 ἐν
852 876 1000 946 ὀρῶν
1037 885 1310 946 κορυφαῖς
1349 874 1509 928 αὐλοὶ
1555 874 1645 929 καὶ
1684 878 1885 946 πρόσο-

202 964 292 1018 δοι
330 965 422 1018 καὶ
458 966 595 1032 βοῦς
626 963 654 1017 ὁ
690 964 852 1027 αὐτὸς
885 964 1141 1034 ἀποχρῶν
1172 966 1442 1034 θεραπεία
1472 984 1530 1017 τε
1561 961 1704 1018 εἶναι
1734 970 1885 1018 θεῶν

201 1051 292 1106 καὶ
333 1054 560 1106 δεῖπνον
599 1052 929 1123 ἀνθρώποις.
1010 1053 1128 1106 127.
1180 1051 1295 1106 ἐπεὶ
1336 1053 1397 1106 δὲ
1436 1053 1501 1106 οὐ
1550 1051 1746 1124 ῥᾴδιον
1784 1053 1886 1122 μὲν,

200 1142 416 1209 βασιλεῖ
460 1140 587 1194 καθ’
630 1140 861 1210 ἑκάστην
906 1141 1113 1211 ἡμέραν
1159 1139 1259 1205 ἔξω
1305 1143 1602 1210 βασιλείων
1648 1140 1733 1211 ἐφ’
1767 1142 1884 1212 ἱερὰ

200 1231 461 1299 βαδίζειν,
510 1230 960 1284 λυσιτελέστατον
1006 1228 1065 1284 δὲ
1107 1231 1337 1299 συνεχὴς
1376 1231 1562 1299 ὁμιλία
1608 1235 1776 1298 θεῶν,
1823 1229 1886 1283 ἐν

201 1317 385 1385 μέσοις
423 1327 539 1382 τοῖς
575 1322 875 1387 βασιλείοις
916 1320 1066 1389 ἱερὸν
1116 1320 1217 1388 μὲν
1257 1320 1624 1388 οἰκοδομεῖται
1670 1326 1743 1391 τῷ
1784 1321 1885 1388 τὴν

200 1407 408 1476 ἡμέραν
462 1409 655 1477 ἄγοντι
707 1414 822 1480 θεῷ
878 1406 969 1461 καὶ
1030 1411 1347 1477 μυστηρίων
1406 1406 1627 1477 μετέσχε
1682 1427 1739 1460 τε
1791 1405 1883 1460 καὶ

200 1495 468 1563 μετέδωκε
513 1499 748 1567 μυηθείς
794 1516 851 1550 τε
890 1496 951 1552 ἐν
989 1496 1140 1566 μέρει
1177 1495 1277 1567 ,καὶ
1315 1499 1550 1565 μυήσας,
1603 1495 1768 1566 χωρὶς
1822 1497 1884 1550 δὲ

199 1593 331 1638 πᾶσι
376 1590 533 1647 θεοῖς
577 1587 799 1654 βωμοὺς
853 1586 1132 1655 ἱδρύσατο.
1208 1585 1297 1638 καὶ
1350 1594 1569 1655 πρῶτον
1615 1583 1780 1654 ἔργον
1827 1583 1882 1648 ἐξ

201 1673 362 1743 εὐνῆς
402 1673 484 1726 ἀεὶ
525 1673 896 1742 συγγενέσθαι
937 1675 1029 1726 διὰ
1066 1679 1286 1728 θυσιῶν
1331 1683 1446 1736 τοῖς
1483 1675 1753 1743 κρείττοσι
1792 1672 1881 1726 καὶ

199 1770 420 1830 νικῆσαι
472 1763 638 1832 ταύτῃ
693 1782 755 1830 γε
809 1763 906 1816 τὸν
944 1766 1191 1838 Νικίανί
1256 1763 1374 1815 128.
1431 1763 1603 1825 οὕτως
1657 1761 1882 1826 ἐξέτεινε
1924 1809 1926 1813 «

199 1857 293 1917 τῆς
342 1849 466 1920 περὶ
517 1859 687 1904 ταῦτα
739 1852 983 1920 σπουδῆς
1032 1854 1161 1914 τοὺς
1200 1851 1365 1922 ὄρους
1412 1852 1477 1904 τὰ
1523 1848 1624 1920 μὲν
1672 1851 1881 1904 ἀπολω-

201 1939 330 1990 λότα
391 1938 527 2008 πρὸς
587 1939 790 1992 ταύτὸν
852 1935 1018 2002 αὖθις
1072 1941 1239 2007 ἄγων,
1300 1941 1462 1992 καινὰ
1516 1940 1577 1992 δὲ
1629 1944 1882 2001 παλαιοῖς

199 2028 534 2095 προστιθείς.
611 2029 800 2080 ε”πειθε
851 2028 911 2081 δὲ
956 2035 1126 2080 ταῦτα
1171 2033 1407 2097 θαρρεῖν
1452 2029 1512 2080 τὸ
1553 2035 1879 2095 σωφρονεῖν.

318 2161 343 2200 5
375 2156 493 2200 Plat.
519 2156 610 2214 leg.
635 2156 697 2199 IX
727 2172 772 2213 p.
800 2157 942 2202 864D
1065 2162 1117 2200 18
1151 2157 1292 2200 Thuc.
1311 2156 1395 2199 VH
1420 2160 1533 2211 50‚4

321 2266 339 2302 1
377 2257 486 2303 οὐαί
516 2274 588 2303 σοι
619 2258 796 2317 λέγοντι
824 2260 874 2304 τὸ
907 2259 1075 2314 πικρὸν
1107 2259 1247 2330 γλυκύ
1275 2259 1338 2304 0²
1458 2264 1482 2302 2
1518 2258 1611 2315 ε’δη
1646 2260 1700 2303 οὐ
1733 2258 1879 2316 μόνον

198 2318 255 2362 τὰ
292 2318 465 2375 ἐδάφη
505 2318 620 2362 ἀλλὰ
658 2320 738 2362 καὶ
769 2318 818 2362 αἱ
857 2326 948 2362 τῶν
986 2321 1113 2363 θεῶν
1153 2316 1327 2369 εἰκόνες
1358 2321 1447 2362 κτλ.
1483 2345 1536 2350 -
1570 2318 1627 2361 τὰ
1669 2317 1747 2374 εὸη
1787 2325 1878 2362 τῶν

197 2381 325 2421 θεῶν
358 2380 430 2434 (==
456 2377 614 2421 Thom.
641 2378 702 2420 M.
727 2393 771 2434 p.
794 2382 964 2431 139,13
998 2392 1030 2422 s.
1056 2393 1095 2421 v.
1131 2377 1250 2434 εδος)
1275 2376 1343 2420 Β2
1462 2383 1489 2421 4
1525 2384 1669 2421 ταῦτα
1703 2378 1791 2422 εἰσὶ
1820 2377 1878 2420 τὰ

198 2436 279 2481 τὸν
313 2436 481 2480 ἄθλιον
513 2435 806 2481 ἀπολέσαντα
842 2436 904 2481 C²

317 2546 341 2583 2
376 2538 420 2585 δ’
449 2541 517 2585 Re
559 2543 565 2597 1
611 2539 689 2595 ἕδη
722 2541 834 2584 LaI
857 2539 958 2582 Mor
997 2539 1077 2595 qui
1108 2540 1157 2581 in
1180 2553 1313 2612 marg
1343 2539 1486 2582 habet
1525 2557 1579 2596 γρ
1606 2538 1723 2594 ἔστη,
1755 2538 1879 2581 Fabr

259 2603 284 2641 4
318 2597 472 2643 οἰκίαν
503 2601 579 2644 La
614 2602 620 2655 Ι
657 2596 906 2655 ἐγείροντες
936 2598 1005 2641 Re
1136 2603 1161 2641 5
1195 2596 1271 2653 ἐφ’
1309 2598 1496 2655 ἁμαξῶν
1532 2599 1570 2643 C
1597 2598 1677 2640 sed
1710 2610 1765 2640 ex
1797 2594 1873 2640 ἐπ’

199 2657 387 2713 ἁμαξῶν
419 2672 518 2701 corr
548 2673 583 2713 s,
616 2659 805 2702 BMOV
829 2658 919 2700 edd
952 2656 1007 2700 cf.
1033 2672 1077 2713 p.
1093 2662 1192 2711 271,
1204 2662 1257 2700 22
1433 2662 1455 2700 7
1489 2654 1653 2700 κνίσσα
1685 2669 1709 2699 e
1742 2654 1877 2700 κνίσα

201 2759 301 2788 corr
320 2745 377 2788 C⁸
460 2731 593 2790 κνίσα
619 2747 664 2789 Β
807 2750 833 2789 8
867 2744 988 2789 ὁδῶν
1014 2745 1056 2787 V
1194 2750 1218 2788 9
1251 2746 1469 2803 ἀποχρῶν
1503 2758 1557 2788 ex
1588 2744 1680 2788 ἀπὸ
1711 2751 1877 2801 χρειῶν

199 2803 272 2847 vel
302 2811 471 2861 χροιῶν
504 2819 604 2848 corr
627 2806 660 2848 I
667 2804 684 2828 ²
812 2808 866 2847 10
899 2801 944 2848 δ’
977 2804 1139 2848 GLaU
1164 2805 1232 2848 Re
1367 2809 1418 2847 11
1454 2800 1696 2870 βασιλείων
1731 2803 1768 2847 C'
1795 2803 1877 2845 sed.

200 2880 264 2906 ων
296 2877 351 2906 ex
384 2879 438 2913 ας
478 2877 577 2906 corr
606 2866 640 2918 f,
671 2865 707 2907 I
739 2864 820 2907 sed
853 2880 916 2906 ων
948 2863 998 2906 in
1019 2876 1095 2906 ras
1119 2863 1201 2917 m²‚
1243 2865 1305 2907 M
1339 2863 1419 2906 sed
1460 2879 1523 2905 ων
1562 2862 1611 2904 in
1642 2875 1717 2904 ras
1748 2861 1817 2903 m⁸

199 2919 431 2979 βασιλείας
456 2923 539 2966 Mo
562 2923 662 2965 Mor
784 2927 837 2964 14
870 2920 1080 2979 μετέσχεν
1110 2923 1186 2966 La
1307 2927 1358 2965 21
1395 2921 1584 2965 ἔπειθεν
1612 2921 1687 2964 La
