2060 3162
198 103 302 157 132
746 102 974 146 LIBANII
1005 101 1227 147 ORATIO
1259 103 1345 147 XV

198 239 282 292 33.
315 239 452 309 πρὸς
475 243 643 306 θεῶν,
677 237 809 290 ὅταν
830 235 1103 307 Ἀχιλλεὺς
1134 238 1354 293 ἀκούων
1383 237 1509 309 περὶ
1540 245 1636 306 τῆς
1664 239 1891 307 φύσεως.

195 336 306 380 τῶν
330 330 516 380 Λιτῶν
545 326 635 379 καὶ
673 326 746 389 ὡς
785 326 1090 396 στρεπτοὶ
1128 325 1200 380 δέ
1235 346 1299 380 τε
1337 327 1443 380 καὶ
1481 327 1628 380 θεοὶ
1670 327 1881 396 αὐτοί,

197 414 334 490 μένῃ
366 414 660 483 φυλάττων
689 415 790 484 τὴν
822 414 1011 485 ὀργήν,
1047 415 1149 469 οὐκ
1181 415 1501 484 ἀγανακτεῖς
1531 417 1665 486 πρὸς
1696 416 1882 484 αὐτόν,

197 502 289 557 καὶ
334 510 507 556 ταῦτα
553 502 696 574 ἐρῶν
741 510 842 556 τοῦ
889 505 1242 574 στρατιώτου,
1296 505 1345 558 εἰ
1389 512 1504 568 τοῖς
1547 510 1705 568 θεοῖς
1748 506 1884 558 κατὰ

144 613 175 649 >5
199 590 360 660 γένος
406 594 701 662 προσήκων
751 591 817 645 οὐ
864 601 1105 661 μιμεῖται
1149 594 1381 656 τούτους
1425 591 1480 656 ἐξ
1528 589 1606 646 ὧν
1649 591 1884 661 ἐγένετο,

199 679 317 733 ἀλλ’
350 680 513 744 αὐτὸς
551 677 652 748 μὲν
684 683 850 751 ἔργον
877 679 1213 744 Ἀπόλλωνος
1250 682 1349 735 τὸν
1379 682 1573 751 λοιμὸν
1607 682 1766 744 εἰδὼς
1797 679 1882 734 ἐπὶ

194 770 402 833 θυσίας
440 768 735 841 προτρέπει
783 771 883 823 τὸν
910 767 1283 840 Ἀγαμέμνονα
1321 770 1595 824 πιστεύων
1633 768 1885 841 ἀρκέσειν

192 859 264 910 τὰ
295 865 523 912 τοιαῦτα
553 858 690 928 πρὸς
720 861 1045 927 μεταβολήν,
1086 859 1256 913 αὑτὸν
1295 857 1344 911 δ’
1376 858 1479 912 οὐκ
1516 858 1658 923 ἀξιοῖ
1690 860 1884 912 τοσού-

196 966 313 1011 τοις
351 947 443 1000 καὶ
492 948 836 1016 τηλικούτοις
884 948 1084 1017 δώροις
1130 947 1354 1017 ἀφεῖναι
1403 949 1504 1017 τὴν
1553 947 1743 1018 ὀργήν,
1793 939 1885 1000 καὶ

128 1057 175 1094 10
198 1043 369 1089 ταῦτα
416 1035 658 1105 ἐγγύθεν
708 1039 848 1106 ἔχων
885 1037 946 1089 τὸ
995 1036 1339 1106 παράδειγμα
1383 1043 1582 1090 τοῦτον
1625 1037 1723 1089 τὸν
1762 1037 1884 1106 ἄρτι

197 1121 298 1194 μὲν
330 1124 696 1178 ἀναλίσκοντα
726 1133 790 1195 τῇ
823 1126 969 1198 νόσῳ
1000 1125 1100 1178 τὸν
1132 1127 1381 1196 στρατόν,
1415 1126 1612 1196 μικρὸν
1650 1123 1700 1177 δ’
1729 1124 1886 1177 ὕστε-

200 1232 303 1281 ρον
328 1212 730 1283 διηλλαγμένον
761 1222 873 1267 τῶν
895 1219 1128 1284 θεωρῶν
1154 1214 1402 1283 ἡκόντων
1424 1212 1516 1267 καὶ
1545 1215 1886 1277 τεθυκότων;

199 1300 285 1353 34.
334 1301 363 1354 ὃ
405 1299 454 1354 δ’
488 1297 557 1355 αὖ
604 1304 724 1355 τότε
771 1300 1027 1371 ἐποίησεν
1076 1302 1105 1356 ὁ
1145 1303 1278 1366 θεὸς
1325 1300 1449 1372 περὶ
1485 1301 1677 1370 Ἴλιον,
1724 1301 1888 1364 αὐτός

112 1402 261 1447 3462
301 1409 358 1443 τε
396 1388 487 1443 καὶ
528 1391 581 1443 οἱ
621 1389 806 1444 λοιποὶ
845 1389 973 1444 καθ’
1003 1390 1210 1461 ἡμέραν
1267 1390 1273 1463 Ι
1330 1394 1408 1444 ἐτι
1447 1389 1537 1444 καὶ
1575 1399 1683 1444 νῦν
1720 1390 1888 1461 πράτ-

133 1498 176 1532 15
199 1493 358 1532 τουσι
395 1487 507 1531 τῶν
546 1478 974 1550 ἁμαρτανόντων
1019 1478 1137 1549 μέν,
1189 1481 1265 1543 εἰς
1312 1480 1474 1550 εὐχὰς
1513 1479 1574 1533 δὲ
1617 1498 1888 1548 καταφευ-

200 1569 414 1635 γόντων
470 1569 805 1638 φειδόμενοι.
882 1569 931 1621 εἰ
985 1565 1046 1622 δὲ
1099 1567 1186 1638 ἐφ’
1235 1568 1441 1641 ἑκάστῳ
1501 1577 1612 1622 τῶν
1673 1567 1890 1637 εὐήθως

198 1656 306 1708 ὑπὸ
356 1665 468 1709 τῶν
519 1655 835 1726 ἀνθρώπων
879 1656 1271 1728 πραττομένων
1316 1657 1543 1727 βέβαιον
1593 1651 1743 1726 εἶχον
1788 1657 1890 1725 τὴν

201 1744 376 1813 ὀργὴν
411 1745 502 1798 καὶ
541 1746 714 1814 μηδὲν
752 1741 822 1813 ἧν
855 1746 1048 1799 ἰκανὸν
1078 1747 1216 1818 πρὸς
1248 1747 1568 1815 ὃιαλλαγήν,
1606 1744 1881 1815 ἠρήμωντ’

201 1831 271 1885 ἂν
318 1834 372 1886 αἱ
426 1835 610 1897 πόλεις
656 1834 864 1902 ὀλίγων
909 1836 1109 1904 κομιδῆ
1165 1835 1587 1904 διαφευγόντων
1636 1835 1702 1887 τὰ
1754 1832 1881 1903 παρ’

322 2026 346 2065 2
377 2022 429 2065 11.
456 2039 473 2066 ι
505 2026 590 2066 502
624 2025 671 2066 et
702 2027 786 2068 497
910 2028 935 2068 6
966 2023 1020 2067 11.
1045 2041 1075 2068 a
1101 2027 1156 2067 62
1171 2038 1238 2079 sq.
1362 2028 1387 2067 8
1419 2023 1471 2069 Π.
1498 2041 1514 2067 ι
1543 2027 1708 2078 378sq.
1743 2027 1827 2067 638

205 2085 257 2124 11
290 2080 340 2124 Π.
368 2098 398 2124 α
429 2085 591 2137 457sq.

322 2263 347 2301 2
388 2258 469 2302 καὶ
498 2258 551 2302 τὸ
584 2256 726 2317 χωλαί
757 2274 805 2302 τε
844 2254 1010 2315 ρυσσαί
1047 2274 1096 2302 τε
1134 2260 1440 2317 παραβλῶπες
1476 2258 1744 2314 τώφθαλμὼ
1777 2258 1886 2302 ἐνω-

203 2315 435 2374 τιζόμενος
464 2319 573 2374 post
584 2276 754 2362 χΛιτῶν
787 2319 849 2362 Μ
885 2319 950 2373 (et
981 2316 1147 2374 Casan)
1204 2318 1210 2375 Ι
1266 2317 1450 2373 τρεπτοὶ
1473 2319 1519 2361 Β
1692 2321 1717 2360 3
1758 2315 1887 2372 μένοι

214 2377 258 2448 U
372 2381 397 2420 5
432 2375 658 2444 ἐξεγένετο
690 2376 802 2420 Fen·
824 2376 927 2420 Mor
1047 2381 1071 2420 6
1106 2376 1241 2426 εἰδὼς
1269 2375 1351 2420 τὸν
1383 2376 1541 2432 λοιμὸν
1573 2376 1618 2419 U
1741 2380 1765 2418 7
1797 2379 1886 2420 θν-

206 2449 328 2486 σιαις
358 2436 394 2478 Ι
419 2394 528 2479 sedy
531 2435 581 2479 in
610 2435 699 2479 hoc
731 2452 748 2479 ι
779 2448 975 2490 erasum,
1008 2435 1120 2480 ΒΜ
1261 2439 1287 2478 8
1320 2435 1459 2485 αυτὸς
1490 2434 1657 2491 spiritu
1690 2448 1829 2490 supra
1859 2453 1888 2480 υ

207 2507 337 2537 eraso
361 2495 405 2538 V
468 2494 610 2539 αὐτὸν
640 2493 743 2538 Mor
775 2494 855 2550 qui
887 2494 1026 2544 αὐτὸς
1057 2493 1161 2538 coni
1188 2494 1194 2552 Ι
1223 2494 1297 2538 ἐπὶ
1327 2493 1564 2545 τοσούτοις
1592 2494 1660 2536 Re
1690 2493 1830 2536 Anim

210 2557 236 2595 9
270 2554 454 2604 „malim
480 2553 744 2609 ἐπαφεῖναι*
749 2553 853 2597 ‘Re
975 2558 1028 2597 11
1053 2552 1105 2598 δὲ
1129 2553 1222 2598 edd
1343 2557 1395 2596 12
1426 2560 1519 2596 τῶν
1542 2578 1600 2584 -
1621 2551 1888 2597 τεθυκότων

209 2611 326 2654 citas}
371 2611 455 2654 sub
494 2611 714 2656 Aristidis
760 2611 948 2656 nomine
987 2612 1147 2656 Thom.
1179 2611 1240 2655 M.
1311 2615 1445 2665 .‚181
1470 2616 1495 2654 2
1536 2625 1569 2654 s.
1602 2626 1644 2654 v.
1691 2611 1885 2667 θεατής·

208 2669 389 2725 θεωρὸς
420 2668 471 2714 δὲ
504 2669 527 2714 ὁ
570 2670 653 2727 τὴν
699 2668 876 2716 θυσίαν
917 2670 1111 2729 ἀπάγων
1151 2671 1216 2721 εἰς
1251 2627 1318 2714 w.
1344 2669 1469 2726 ἱερὸν
1507 2670 1622 2724 πρὸς
1658 2670 1710 2714 τὸ
1741 2673 1889 2715 θῦσαι

210 2728 291 2771 καὶ
320 2730 612 2783 θεραπεῦσαι
633 2729 716 2775 τὸν
746 2729 878 2775 θεόν.
935 2689 1232 2786 Ἀριστείδης·
1266 2736 1371 2773 τῶν
1417 2731 1507 2772 κτλ.
1631 2732 1685 2772 13
1716 2729 1831 2780 θεὸς
1860 2731 1896 2773 Ι

211 2787 291 2829 sed
323 2786 398 2837 εὸς
427 2787 477 2830 in
499 2800 574 2830 ras
605 2788 676 2831 m³
827 2793 881 2832 14
919 2792 1081 2846 καθημ
1083 2787 1131 2844 έρ
1135 2805 1194 2832 αν
1227 2788 1340 2832 VIB
1491 2791 1545 2831 15
1589 2787 1888 2843 ἁμαρτόντων

212 2844 356 2889 Cobet
384 2845 552 2889 Mnem
578 2846 619 2889 X
647 2851 747 2890 193·
737 2845 891 2903 ·.(Coll
921 2848 1020 2904 109)
1078 2848 1084 2906 Ι
1142 2846 1278 2904 εὐχὰς
1307 2847 1343 2889 Ι
1374 2845 1455 2890 sed.
1487 2862 1543 2898 ας
1575 2846 1624 2890 in
1654 2859 1730 2890 ras
1761 2846 1830 2890 m²

211 2903 349 2960 εὐχὴν
383 2905 492 2948 ΒΜ
611 2909 664 2948 16
697 2903 741 2949 δ’
779 2906 847 2949 Re
970 2910 1023 2950 17
1054 2906 1144 2950 ’ὑπὸ
1175 2907 1211 2949 Ι
1235 2905 1316 2950 sed
1347 2906 1375 2949 ὑ
1406 2905 1455 2948 in
1485 2918 1560 2948 ras
1591 2905 1661 2949 Πι2
