2060 3162
700 115 927 160 LIBANH
958 113 1181 159 ORATIO
1213 115 1298 159 XV
1746 116 1847 169 131

164 257 402 325 θεωρός,
448 251 538 306 καὶ
577 254 727 324 μόνῳ
768 250 856 305 σοὶ
897 259 1087 320 φωνῆς
1132 256 1285 304 θεῶν
1329 249 1574 322 ὑπῆρξεν
1619 250 1852 304 ἀκοῦσαι

167 343 258 397 καὶ
298 339 696 413 διανισταμένφ
737 332 875 410 πρὸς
913 339 1145 394 ἕκαστον
1174 340 1235 393 τὸ
1263 338 1622 410 Σοφοκλέους
1652 338 1852 409 λέγειν,

166 440 274 485 νῦν
317 429 435 499 μέν,
480 426 522 483 ὦ
571 427 806 498 φθέγμ’
845 427 1147 497 Ἀθάνας,
1203 435 1311 482 νῦν
1356 427 1442 498 δέ,
1499 418 1546 482 ὦ
1589 427 1855 499 φθέγμα

168 521 352 588 Διός,
391 526 499 572 νῦν
534 515 596 571 δὲ
623 516 978 586 Ἀπόλλωνος,
1005 515 1356 587 Ἡρακλέους,
1390 519 1592 587 Πανός,
1630 517 1854 571 πάντων

165 615 318 662 θεῶν
354 606 445 660 καὶ
483 616 690 660 πασῶν.
752 607 837 659 31.
877 607 1131 675 τοιαύτης
1171 601 1274 659 οὖν
1313 604 1552 677 ἑταιρίας
1589 607 1681 660 καὶ
1721 594 1853 659 συν-
1889 615 1923 659 ’5

168 698 356 759 ουσίας
394 694 690 765 ἠξιωμένος
727 694 819 748 καὶ
859 696 1146 758 τοιούτους
1184 695 1351 748 ἔνδον
1389 692 1546 764 ἔχων,
1598 689 1681 758 οἷς
1720 710 1854 763 συμ-

164 785 402 855 βουλεύῃ
449 783 575 854 περὶ
620 794 732 838 τῶν
768 784 1119 855 πραγμάτων,
1171 784 1272 837 οὐκ
1323 784 1532 853 ἄδηλον
1581 784 1653 847 ὡς
1704 783 1855 853 ὁμοι-

165 875 314 942 ότητι
364 875 585 943 τρόπων
635 872 919 926 ἐπεσπάσω
970 875 1101 935 τοὺς
1155 872 1358 935 αὐτοὺς
1405 871 1496 925 καὶ
1550 872 1856 943 προστάτας

163 949 254 1015 καὶ
294 963 508 1031 φίλους.
585 961 689 1015 ἀπὸ
737 963 932 1015 τοίνυν
976 961 1190 1014 τούτων
1234 957 1304 1030 ἧν
1341 961 1374 1030 ἡ
1415 960 1718 1031 κατέχουσα
1755 963 1855 1015 τὸν

157 1048 406 1120 Ἀχιλλέα
457 1052 838 1120 θυμούμενον,
901 1050 990 1103 ὅτε
1043 1050 1406 1104 λανθάνουσα
1464 1052 1596 1113 τοὺς
1653 1051 1856 1113 ἄλλους
1879 1071 1930 1104 ιο

165 1137 370 1209 ἑωρᾶτο
417 1141 566 1212 μόνῳ
619 1138 690 1192 δι’
723 1139 790 1193 ὃν
829 1139 1045 1208 ἀφῖκτο.
1122 1139 1208 1192 32.
1259 1138 1351 1194 καὶ
1388 1140 1498 1208 μὴν
1536 1137 1564 1191 ὁ
1609 1140 1748 1202 Ζεὺς
1787 1138 1855 1191 οὐ

163 1228 490 1297 καταιβάτης
520 1229 710 1297 μόνον,
751 1227 888 1280 ἀλλὰ
918 1226 1010 1281 καὶ
1044 1226 1246 1290 ὶκέσιος
1276 1228 1366 1280 καὶ
1396 1229 1674 1297 μειλίχιος.
1734 1245 1859 1280 ποι-

164 1319 298 1385 ήσας
334 1319 529 1370 τοίνυν
567 1319 628 1371 τὸ
660 1324 759 1370 τοῦ
799 1316 1134 1384 καταιβάτου
1173 1317 1313 1387 πρὸς
1351 1318 1481 1379 τοὺς
1517 1317 1854 1387 βαρβάρους,

164 1403 294 1475 ὄπἐρ
332 1401 404 1474 ἦν
443 1407 675 1473 δίκαιον,
714 1408 981 1474 μειλίχιος
1027 1408 1033 1469 Ι
1078 1405 1210 1473 ἡμῖν
1248 1413 1435 1474 γενοῦ,
1473 1403 1565 1458 καὶ
1605 1403 1755 1468 δέξαι
1793 1417 1940 1461 R461

163 1494 258 1556 τὰς
297 1495 548 1562 ἱκετείας,
599 1493 715 1547 ἐπεὶ
761 1492 853 1546 καὶ
899 1495 1046 1563 παρὰ
1085 1502 1200 1556 τοῖς
1246 1494 1546 1564 βαρβάροις
1593 1492 1854 1564 ἑκατέραν
1879 1501 1922 1548 15

165 1580 405 1650 ἐμιμήσω
445 1590 544 1635 τοῦ
584 1587 723 1635 θεοῦ
761 1583 863 1650 τὴν
902 1582 1142 1649 δύναμιν
1188 1580 1468 1649 ἐμπίπτων
1505 1580 1624 1650 μέν,
1672 1581 1853 1651 ὥσπερ

168 1689 249 1731 τις
287 1671 569 1739 κεραυνός,
607 1678 724 1733 τοῖς
762 1668 1206 1738 ἀντιβλέπουσιν,
1258 1669 1359 1723 οὐκ
1397 1668 1618 1738 ἐπάγων
1656 1667 1717 1722 δὲ
1754 1670 1856 1723 τὸν

170 1759 402 1828 σίδηρον
441 1766 557 1820 τοῖς
599 1758 963 1812 ἱκετεύουσιν·
1012 1761 1070 1811 οἳ
1103 1765 1374 1811 τοσοῦτον
1413 1757 1606 1829 ἑτέρως
1644 1759 1710 1811 τὰ
1747 1767 1857 1812 νῦν

166 1847 522 1915 πράττουσιν,
555 1846 690 1900 ὅσον
714 1855 819 1916 γῆν
851 1845 973 1899 ἀντὶ
1005 1855 1103 1915 γῆς
1129 1848 1538 1916 μετειλήφασιν.
1582 1848 1654 1910 ὡς
1684 1848 1855 1900 τᾶλλα

166 1954 222 1987 τε
261 1933 351 1987 καὶ
391 1936 568 2003 φόβος
604 1936 694 1988 καὶ
733 1936 893 2005 ὕβρις
932 1937 1123 1988 ἄπεστι
1162 1934 1253 1988 καὶ
1291 1934 1589 2007 τρέφονται
1627 1934 1719 1989 καὶ
1756 1941 1852 1989 θε-
1876 1959 1922 1991 20

167 2023 498 2093 ραπεύονται
563 2032 672 2077 τῶν
742 2026 1053 2095 φρουρίων.
1100 2023 1292 2094 ἐγγύς,
1362 2024 1395 2078 ἃ
1462 2025 1852 2095 κατεσκάφασι.

284 2249 308 2287 2
343 2243 482 2301 Soph.
507 2244 579 2287 Ai.
601 2248 656 2287 14
777 2249 802 2287 5
836 2244 966 2288 Dem.
994 2244 1050 2288 de
1076 2258 1166 2289 cor.
1194 2249 1260 2299 §1
1385 2249 1410 2287 9
1441 2243 1494 2287 Il.
1513 2261 1544 2287 α
1571 2247 1654 2288 198

283 2456 304 2494 1
338 2454 467 2496 θεῶν
498 2456 656 2507 φωνῆς
697 2451 769 2496 ΠΙ
893 2455 918 2493 3
947 2447 1149 2506 Ἀθήνας
1179 2451 1248 2495 Re
1380 2454 1405 2494 5
1438 2447 1523 2496 οὖν
1554 2450 1603 2494 in
1633 2464 1709 2495 ras
1740 2450 1798 2495 1²
1832 2451 1839 2509 Ι

164 2508 390 2582 ἑταιρείας
422 2510 600 2554 VIBM
717 2514 768 2552 11
771 2507 927 2585 μόνω
958 2511 993 2553 Ι
1018 2510 1098 2554 sed
1131 2527 1165 2554 ω
1197 2510 1247 2553 111
1277 2522 1352 2553 ras
1375 2509 1446 2553 111ἰ
1513 2508 1658 2567 μόνον
1683 2512 1729 2555 Β
1757 2510 1765 2568 Ι
1792 2508 1847 2555 ὃν

163 2571 208 2613 Ρ
237 2564 360 2613 εοᾶ“
392 2569 441 2612 in
472 2581 546 2612 ras
577 2568 647 2612 m²
738 2565 791 2612 οὗ
820 2569 856 2613 Ο
884 2569 996 2613 Fen·
1017 2569 1118 2613 Mor
1149 2569 1231 2625 qui
1262 2566 1317 2614 ὃν
1349 2569 1453 2613 coni
1535 2585 1591 2613 ov
1623 2582 1765 2626 supra
1793 2568 1847 2614 ὃν

165 2628 246 2671 sed
275 2629 439 2684 postea
467 2627 544 2671 del
565 2629 611 2672 A
734 2632 786 2670 12
820 2625 1038 2685 μειλίχιος
1061 2629 1108 2671 Ρ
1135 2628 1216 2672 sed
1241 2644 1292 2679 ος
1314 2628 1454 2672 intas
1477 2628 1548 2670 1118
1669 2633 1723 2672 13
1755 2626 1848 2672 τοί-

165 2702 250 2731 νυν
277 2687 338 2730 in
375 2701 451 2731 ras
490 2690 518 2730 4
563 2686 643 2732 litt
680 2686 745 2731 12³
925 2692 979 2730 14
1027 2685 1138 2743 ὅπερ
1180 2682 1238 2743 ἦν
1285 2684 1471 2732 δίκαιον
1513 2687 1561 2730 in
1599 2701 1675 2731 ras
1716 2687 1789 2732 Ρ2

167 2748 376 2790 16’θεοῦ
407 2747 442 2789 Ι
479 2745 561 2790 sed
600 2761 678 2790 εου
710 2746 759 2788 in
790 2745 839 2788 in
869 2759 944 2789 ras
976 2746 1046 2789 1118
1227 2750 1280 2789 17
1321 2744 1676 2804 ἀναβλέπουσιν
1706 2747 1743 2790 I
1766 2746 1847 2789 sed

166 2804 269 2849 ἀντι
300 2805 425 2849 inser
453 2804 523 2847 m²
696 2809 750 2848 18
796 2811 940 2848 τανῦν
971 2805 1178 2849 AVBM
1346 2809 1398 2848 19
1447 2805 1508 2856 ὡς
1546 2805 1710 2862 scripsi
1743 2819 1846 2848 cum

167 2862 345 2907 Sinteni
370 2877 394 2907 e
420 2865 487 2908 V1
518 2863 672 2907 sedin
694 2863 783 2907 hoc
808 2877 832 2906 σ
861 2863 911 2905 in
933 2876 1009 2907 ras
1071 2859 1135 2908 ὧν
1165 2863 1336 2918 reliqui
1367 2860 1476 2925 libri
1501 2864 1592 2908 edd
1712 2868 1768 2907 20
1799 2879 1846 2907 τε

167 2922 330 2978 scripsi
362 2924 549 2966 auctore
580 2923 649 2966 Re
710 2938 759 2979 γε
790 2921 898 2965 libri
931 2922 1021 2965 edd

1525 2995 1582 3039 98
