2060 3162
705 122 935 167 LIBANII
965 121 1190 168 ORATIO
1223 123 1374 170 XVIII
1478 126 1480 129 ’
1756 124 1870 178 273

176 259 301 314 ἀντὶ
359 261 564 330 πατρὸς
616 265 691 332 τῷ
746 261 974 328 βασιλεῖ.
1052 258 1138 312 86.
1198 259 1368 312 πάλιν
1420 261 1616 313 τοίνυν
1669 267 1872 313 τοῦτον

176 348 396 417 ἐτίμησε
441 350 629 416 λόγοις
689 350 748 400 οἳ
789 348 893 416 τὴν
945 345 1035 400 ἐπὶ
1081 354 1156 419 τῷ
1203 349 1326 400 τότε
1370 354 1626 420 χωρισμῷ
1674 349 1873 417 κηρύτ-

176 451 374 491 τουσιν
411 433 492 490 ἔτι
530 436 730 504 λύπην,
775 434 867 488 καὶ
906 435 1016 503 ἅμα
1060 432 1164 504 μὲν
1209 433 1446 504 ἔστενεν,
1501 436 1611 505 ἅμα
1656 433 1716 488 δὲ
1761 445 1875 490 τῶν

178 526 502 579 ὑπολοίπων
540 528 730 593 εἴχετο.
806 522 898 577 καὶ
946 524 1050 577 οὐκ
1088 522 1305 591 ἐγένετο
1346 527 1546 593 χείρων
1589 526 1692 594 τὴν
1730 526 1871 593 γνώ-

176 633 288 683 μην
339 620 579 666 τοσαῦτα
633 611 1008 680 ἀδικούμενος.
1094 611 1179 665 87.
1243 611 1364 665 οὐδ’
1402 610 1560 686 ᾠήθη
1617 614 1738 666 δεῖν
1792 609 1872 667 ὧν
1926 634 1949 667 5

176 702 285 756 ὑπὸ
347 701 562 754 τούτων
622 697 824 770 ἔπασχε
885 701 1034 770 παρὰ
1092 707 1188 768 τῆς
1245 698 1521 769 Ῥωμαίων
1577 701 1876 771 ἡγεμονίας

179 790 340 858 δίκην
379 791 587 857 λαβεῖν,
629 788 767 841 ἀλλὰ
804 787 1092 858 κατέβαινε
1131 785 1233 858 μὲν
1280 787 1361 842 ἐπ’
1393 789 1563 843 αὐτὸν
1608 789 1876 858 ὠκεανόν,

178 879 342 931 πόλιν
395 874 458 930 δὲ
501 875 851 947 Ἡράκλειαν,
896 874 1231 947 εΗρακλέους
1284 878 1469 946 ἔργον,
1522 876 1731 946 ἀνίστη.
1808 879 1875 931 τὰ

176 970 341 1019 πλοῖα
379 963 441 1018 δὲ
481 967 559 1029 εἰς
595 967 694 1019 τὸν
725 964 918 1035 Ῥῆνον
968 966 974 1035 Ι
1018 967 1203 1034 εἰσῆγε
1241 975 1354 1019 τῶν
1390 965 1778 1035 προσδοκωμέ-
1817 979 1859 1022 R
1890 984 1976 1024 551

178 1075 294 1109 νων
353 1046 628 1108 κωλύσειν
691 1053 1151 1123 ἀποπνιγομένων
1203 1054 1322 1123 μέν,
1384 1059 1593 1125 εἴργειν
1654 1052 1715 1108 δὲ
1770 1055 1873 1108 οὐκ
1911 1078 1954 1110 10

178 1142 431 1212 ἐχόντων.
508 1142 536 1197 ὁ
578 1139 640 1196 δὲ
681 1141 872 1214 ἐχώρει
919 1144 1021 1212 τὴν
1059 1152 1172 1196 τῶν
1211 1142 1535 1197 ἐνσπόνδων
1579 1141 1871 1213 παρεξιών,

180 1231 326 1294 ὅπως
370 1233 443 1300 μὴ
492 1230 565 1284 δι’
603 1232 789 1286 αὐτῶν
836 1230 925 1285 ἐπὶ
970 1233 1101 1295 τοὺς
1153 1233 1451 1299 πολεμίους
1506 1232 1606 1284 ἰὼν
1661 1231 1871 1302 ἀνάγκῃ

179 1340 231 1373 τι
270 1319 511 1387 βλάψειε.
579 1318 671 1372 καὶ
704 1321 814 1389 ἅμα
851 1322 917 1373 τὰ
947 1325 1115 1374 πλοῖα
1151 1319 1418 1391 παρέπλει
1447 1319 1540 1373 καὶ
1569 1330 1682 1374 τῶν
1714 1319 1871 1374 ἐναν-

178 1410 313 1461 τίων
352 1407 380 1461 ὁ
422 1410 653 1477 στρατὸς
691 1406 1150 1480 ἀντιπροσῄεσαν,
1198 1409 1271 1471 ὡς
1309 1409 1378 1478 δὴ
1418 1411 1714 1478 σχήσοντες
1753 1411 1869 1472 ζευ-

180 1497 382 1565 γνύναι
442 1495 813 1566 πειρωμένων.
890 1497 976 1550 88.
1039 1495 1287 1551 ἐνταῦθα
1346 1499 1445 1566 μοί
1493 1517 1576 1560 τις
1630 1496 1872 1567 ἀθρείτω
1915 1518 1959 1552 15

179 1586 278 1638 τὸν
318 1585 842 1654 στρατηγικώτατον,
880 1586 971 1638 καὶ
1011 1585 1084 1648 ὡς
1115 1585 1283 1638 οὐδὲν
1311 1581 1383 1653 ἦν
1412 1594 1524 1639 τῶν
1555 1585 1868 1654 ἀμηχάνων,

182 1672 211 1725 ὃ
251 1674 324 1741 μὴ
364 1670 564 1743 ῥᾴδιον
603 1672 901 1742 ἐξήλεγχεν.
971 1674 1044 1736 ὡς
1082 1675 1186 1743 γὰρ
1217 1674 1457 1741 βαδίζων
1494 1672 1586 1726 καὶ
1616 1687 1872 1742 περισκο-

183 1770 304 1814 πῶν
341 1763 444 1830 τὴν
481 1760 776 1831 ἀντιπέρας
822 1764 1002 1831 ὄχθην
1045 1763 1295 1815 κατεῖδεν
1346 1761 1633 1833 ἐπίκαιρον
1683 1764 1877 1829 τόπον,

301 1939 326 1978 2
358 1935 442 1979 Iul.
469 1936 584 1979 orat.
619 1935 840 1980 consolat.
859 1935 965 1979 VIII
995 1951 1040 1993 p.
1067 1940 1153 1979 240
1170 1951 1237 1993 sq.
1361 1940 1387 1980 8
1421 1937 1571 1980 Amm.
1606 1936 1761 1980 XVIII
1797 1942 1838 1991 2,
1856 1941 1896 1981 4.

181 1994 266 2060 Iul.
293 1994 366 2038 l.l.
395 1994 677 2051 p.279Dsq.
802 1999 855 2038 11
891 1995 1039 2038 Amm.
1064 1995 1214 2039 XVIII
1244 2000 1324 2050 2‚‘1

308 2161 362 2201 18
412 2156 558 2215 ὄχθη
600 2155 676 2200 ἐπὶ
713 2163 946 2213 ποταμοῦ,
990 2156 1135 2215 ὄχθος
1167 2156 1219 2203 δε
1251 2157 1327 2202 ἐπὶ
1359 2156 1490 2217 ἁπλῷ
1533 2157 1882 2214 ἐπαναστήματι

181 2221 272 2272 γῆς
305 2215 375 2260 B2
405 2217 481 2271 (=
506 2215 669 2259 Thom.
687 2214 748 2258 M.
773 2230 819 2272 p.
846 2219 946 2271 260,
964 2218 1008 2272 8)

303 2369 328 2407 2
362 2362 540 2420 ἐτίμησε
566 2365 599 2407 I
626 2363 707 2407 sed
740 2380 756 2406 ι
787 2364 840 2407 in
863 2378 940 2408 ras
965 2369 990 2407 3
1021 2363 1101 2408 litt
1123 2364 1193 2407 111²
1220 2365 1227 2423 Ι
1254 2364 1528 2421 κηρύττουσι
1560 2364 1714 2420 λύπην
1765 2363 1831 2408 ἔτι
1856 2360 1903 2406 Β

186 2422 276 2466 edd
398 2427 424 2465 3
458 2422 608 2467 ἔστενε
639 2424 686 2467 Ρ
811 2428 838 2466 4
873 2421 1036 2480 χείρων
1068 2437 1209 2479 supra
1239 2430 1394 2482 χεῖρον
1428 2424 1491 2467 M
1501 2423 1518 2447 ⁸
1654 2426 1679 2465 6
1719 2422 1900 2479 ἔπασχε

185 2481 326 2525 Ised
359 2497 381 2526 ε
413 2482 460 2524 et
491 2498 522 2524 α
552 2481 603 2524 in
633 2494 709 2524 ras
742 2480 812 2524 m²
897 2482 1095 2540 ἔπασχεν
1129 2482 1166 2526 Ο
1312 2486 1338 2526 8
1370 2480 1538 2538 ἀνέστη
1574 2480 1676 2525 Mor
1706 2481 1844 2525 Fabr

187 2544 212 2583 9
246 2537 291 2585 δ’
319 2540 390 2583 Re
540 2543 565 2582 9
598 2539 1000 2613 προσδοκωμένων
1026 2567 1080 2573 -
1108 2545 1163 2583 10
1195 2539 1277 2597 μὲν
1310 2541 1342 2584 Ι
1370 2540 1451 2585 sed
1484 2498 1775 2596 δοκωμένων
1813 2557 1903 2583 κω·

186 2598 340 2643 λύσειν
373 2598 456 2655 μὲν
488 2596 880 2655 ἀποπνιγομένων
919 2599 969 2642 in
998 2613 1074 2643 ras
1108 2604 1163 2643 14
1194 2599 1274 2643 litt
1304 2599 1373 2642 m*
1555 2603 1610 2642 10
1663 2599 1904 2642 κωλύσειν

187 2655 578 2714 ἀποπνιγομένων
611 2657 661 2699 iu
684 2670 820 2714 marg
851 2657 976 2701 inser
1000 2658 1062 2701 Μ
1071 2658 1087 2682 ⁴
1210 2663 1263 2701 12
1296 2657 1524 2714 πολέμους
1556 2659 1630 2702 La
1775 2661 1828 2700 13
1861 2654 1905 2700 τί

188 2716 467 2760 BMoVIM
616 2720 669 2759 15
708 2715 1008 2787 πειρωμένων
1044 2716 1094 2759 iu
1124 2718 1411 2772 πειρώμενον
1454 2730 1556 2760 corr
1586 2717 1621 2759 Ι
1628 2715 1643 2740 ²
1737 2731 1906 2771 πειρω-

187 2801 355 2858 μένους
389 2804 433 2848 V
515 2791 805 2858 πειρώμένον
838 2805 917 2847 Βα
972 2807 979 2860 Ι
1035 2821 1114 2860 μοι
1151 2802 1221 2855 τίς
1250 2804 1526 2849 BMoVIM
1721 2807 1776 2847 16
1826 2803 1908 2846 καὶ

188 2859 483 2928 (δείξαντα)
512 2861 575 2913 ὡς
607 2862 711 2905 coni
738 2860 896 2905 Gasda
1018 2867 1070 2905 17
1103 2870 1334 2917 περιεπῶν
1361 2862 1444 2906 Mo
1475 2862 1558 2906 sed
1603 2868 1909 2918 περισκοπῶν

187 2919 239 2963 in
267 2932 404 2976 marg

279 3000 833 3035 me1uned.}3·oerster
873 3001 925 3034 11.
1567 2997 1620 3036 18
