2060 3162
674 151 901 198 LIBANII
932 152 1155 198 ORATIO
1187 153 1294 197 XVI
1722 153 1827 206 165

136 294 243 346 Νοὐκ
282 291 496 356 ἀξιώσει
537 289 781 359 τρε’μειν;
822 289 924 342 οὐκ
959 295 1091 358 ἴστε,
1131 290 1203 352 ὡς
1244 289 1346 342 ὅσα
1375 279 1439 342 ὀἱ
1478 290 1692 358 σεισμοὶ
1732 290 1827 342 δύ-

143 401 336 435 νανται
384 378 473 434 καὶ
513 380 566 433 οἱ
606 377 835 448 σκηπτοὶ
874 374 965 431 καὶ
1004 379 1066 431 αἱ
1101 386 1197 447 τῆς
1233 378 1511 447 θαλάττης
1548 376 1830 448 ἐκδρομαί,

142 478 378 524 τοσαῦτα
414 466 505 521 καὶ
546 464 715 521 οὐδὲν
753 462 954 520 ἐλάττω
994 466 1261 534 βασιλέως
1298 469 1503 534 θυμός;
1552 467 1728 536 ἰσχύει
1767 466 1834 535 γε’

143 579 226 612 τοι
280 565 394 620 τοῖς
448 557 813 627 στρατεύμασι
867 557 1004 609 κατὰ
1056 565 1167 608 τῶν
1222 556 1364 628 ὅπλα
1417 556 1519 608 οὐκ
1573 554 1828 624 ἐχόντων,

142 647 245 701 κᾶν
291 646 601 715 ἀναρπάσαι
646 646 817 714 νεύσῃ
871 647 1052 714 πόλιν,
1108 649 1312 714 οἴχεται
1358 643 1391 712 ἡ
1442 647 1666 714 μεγίστη
1717 653 1829 697 τῶν
1875 664 1899 697 5

143 736 369 790 ἁπασῶν
407 733 469 788 ἐν
509 732 709 803 ἡμέρας
749 740 957 806 σμικρῷ
998 732 1148 803 μέρει
1195 734 1352 802 χειρί,
1404 734 1631 805 σιδήρῳ,
1676 735 1829 803 πυρί,
1958 726 1964 731 ’

142 833 256 887 τοῖς
302 825 502 886 ἄλλοις.
583 823 666 875 14.
721 822 750 875 ὁ
790 819 851 875 δὲ
889 822 1096 891 ταύτην
1142 821 1324 875 ὀκνῶν
1368 823 1471 891 τὴν
1516 822 1834 892 ὑπερβολὴν

143 912 366 981 ἀφελὼν
397 912 430 965 ἃ
461 912 667 975 πόλεώς
696 910 810 964 ε’στι
842 913 1212 980 γνωρίσματα,
1243 911 1426 980 κώμης
1452 919 1629 980 σχῆμα
1653 910 1831 981 περιέ-

142 1007 293 1070 θηκε.
344 999 580 1069 βλέψατε
613 1001 680 1069 δὴ
712 1001 791 1063 εἰς
820 1000 1224 1053 Καππαδοκίαν
1255 998 1484 1068 ἐκείνην.
1536 998 1648 1053 ἐκεῖ
1677 1002 1833 1063 πόλις

145 1090 424 1159 εὐδαίμων
463 1088 554 1142 καὶ
595 1090 814 1159 λαμπρὰ
851 1089 941 1142 καὶ
980 1096 1080 1142 τοῦ
1114 1089 1394 1142 δύνασθαι
1434 1076 1615 1157 λέγειν
1653 1087 1832 1156 ἐπιμε-
1857 1108 1903 1141 ιο

146 1177 383 1247 λουμένη
438 1176 529 1231 καὶ
584 1178 870 1247 χειμάδιον
922 1180 1137 1246 βασιλεῖ
1185 1175 1518 1247 γεγενημένη
1571 1176 1834 1240 πολλάκις

148 1266 362 1336 ἑξώσθη
415 1274 514 1320 τοῦ
564 1275 677 1319 τῶν
725 1268 940 1319 πόλεων
987 1267 1296 1334 καταλόγου
1349 1263 1553 1329 δόξασά
1596 1285 1648 1318 τι
1694 1271 1834 1335 θρα-

146 1357 379 1424 σύτερον
430 1364 613 1408 ποιεῖν
662 1363 756 1424 τῆς
811 1353 1074 1418 ἐξουσίας.
1150 1356 1207 1407 τί
1257 1350 1383 1420 οὗν;
1438 1355 1540 1407 οὐκ
1587 1350 1648 1407 εὗ
1696 1373 1834 1423 φρο-

147 1445 396 1498 νούντων
443 1443 759 1513 ἀνθρώπων
809 1442 923 1497 ἐστὶ
969 1442 1319 1514 πεφρικέναι,
1374 1443 1652 1513 δακρύειν,
1707 1455 1832 1495 σκο-
1857 1464 1901 1496 14

145 1542 285 1604 πεῖν,
322 1533 467 1596 ὅπως
505 1553 557 1586 τι
595 1542 707 1586 τῶν
745 1531 1138 1602 ἡμαρτημένων
1176 1523 1549 1598 ἆναλύσομεν;
1599 1530 1680 1583 15.
1725 1529 1730 1602 Ι
1772 1543 1814 1587 R
1834 1547 1921 1587 489

148 1619 242 1675 εἶτ’
281 1621 518 1684 ἀναστάς
563 1641 644 1684 τις
683 1620 928 1673 ἐνταῦθα
974 1619 1247 1689 ἐρήσεται·
1309 1620 1414 1673 καὶ
1467 1627 1591 1673 ποῦ
1641 1627 1833 1673 τοῦτο

268 1800 293 1838 9
338 1795 511 1840 Sozom.
530 1795 617 1840 V4
650 1811 694 1852 p.
716 1800 799 1839 184
832 1794 1121 1849 Καισάρειαν
1153 1794 1353 1853 μεγάλην
1385 1796 1463 1839 καὶ
1495 1793 1753 1852 εὐδαίμονα
1777 1821 1836 1827 —

151 1854 199 1898 ἐκ
233 1862 314 1899 τοῦ
346 1853 604 1912 καταλόγου
635 1863 727 1899 τῶν
758 1853 936 1899 πόλεων
969 1853 1208 1911 ἐξήλειψεν
1241 1853 1265 1898 ὁ
1298 1855 1511 1912 βασιλεύς

272 2023 291 2060 1
328 2018 413 2061 οὐκ
445 2016 538 2061 ι”στε
562 2044 619 2049 -
645 2022 670 2060 3
701 2016 855 2074 θυμός
885 2017 1049 2061 citavit
1077 2017 1195 2061 Plan
1227 2017 1443 2061 fol.104=v
1511 2018 1592 2061 καὶ
1622 2017 1708 2061 οὐκ
1739 2016 1838 2060 ι”στε

153 2074 236 2120 ὅσα
264 2078 348 2121 Mo
470 2082 495 2120 2
528 2076 596 2135 αἱ]
623 2076 673 2121 ἐκ
698 2077 783 2121 Mo
904 2081 929 2119 3
962 2077 1146 2131 „malim
1178 2077 1257 2120 καὶ
1290 2075 1510 2135 βασιλέως
1534 2090 1594 2120 sc.
1620 2075 1834 2130 δύναται,

151 2138 244 2180 nisi
268 2137 405 2194 leyere
427 2137 584 2180 malis:
614 2136 694 2179 καὶ
726 2134 946 2208 βασιλέως
974 2136 1129 2193 θυμὸς
1160 2135 1317 2193 ἰσχύει.
1368 2135 1595 2194 ἰσχύειγε
1618 2139 1727 2185 τοῖςι
1731 2135 1839 2179 ‘Re

155 2194 160 2251 Ι
197 2195 245 2240 ἔν
276 2211 326 2252 γε
351 2195 436 2239 Mo
556 2200 582 2238 5
614 2194 885 2250 ἀναρπάσαι
915 2195 998 2249 Re,
1031 2194 1156 2251 quod
1186 2195 1403 2251 probavit
1434 2194 1633 2238 Cobetus
1665 2194 1834 2237 Mnem

150 2253 206 2296 N.
233 2253 274 2298 S.
276 2213 369 2329 yIII'
390 2258 472 2298 150
535 2253 742 2309 ἁρπάσαι
773 2253 883 2298 libri
914 2210 1061 2298 F'abrq
1165 2258 1190 2297 6
1233 2252 1381 2310 ἡμέρα
1408 2255 1491 2298 Mo
1518 2255 1525 2311 Ι
1552 2257 1699 2313 μικρῷ
1740 2255 1783 2298 V

220 2329 283 2368 φο
317 2329 371 2357 ου
408 2329 510 2365 ενος

155 2377 178 2414 7
234 2315 405 2416 ὀκξιῶνμ
424 2373 508 2417 Mo
687 2375 714 2415 8
753 2370 1047 2429 γνωρίσματα
1081 2372 1119 2416 C'
1147 2372 1228 2416 sed
1259 2389 1316 2415 τα
1347 2372 1471 2416 inser
1507 2372 1537 2426 f
1709 2375 1734 2414 9
1777 2371 1836 2428 δὴ

155 2431 318 2487 scripsi
343 2444 368 2474 e
391 2433 433 2476 V
488 2431 538 2475 δὲ
570 2431 741 2486 reliqui
764 2431 873 2474 libri
897 2431 1020 2475 Fabr
1080 2428 1128 2476 δ’
1154 2431 1224 2475 Re
1251 2433 1257 2486 Ι
1285 2431 1351 2481 εἰς
1373 2430 1457 2487 τὴν
1482 2427 1837 2497 Καππαδοκίαν

154 2490 276 2533 Fabr
419 2494 473 2534 10
505 2489 718 2566 λαμπρὰ
722 2490 771 2532 in
784 2503 936 2566 marg
965 2489 1024 2534 1²
1169 2495 1222 2534 13
1254 2488 1299 2534 τί
1329 2487 1435 2545 οὖνς
1468 2490 1552 2534 οὐκ
1585 2487 1635 2534 εὖ
1667 2488 1835 2566 scripsi

212 2546 256 2592 τί
281 2546 366 2594 οὖν
391 2550 475 2593 οὐκ
499 2546 550 2593 εὖ
578 2550 623 2594 U
674 2547 718 2592 τί
750 2546 834 2593 οὖν
866 2547 916 2593 εὖ
946 2549 1118 2626 reliqui
1142 2548 1251 2593 libri
1276 2549 1367 2592 edd
1400 2549 1480 2593 sed
1511 2566 1567 2605 γρ
1597 2547 1642 2592 τί
1669 2545 1753 2592 οὖν
1779 2548 1835 2591 οὐ

155 2615 244 2653 τῶν
275 2605 326 2652 εὖ
357 2609 402 2652 A
433 2609 481 2651 in
513 2621 659 2682 marg,
691 2610 798 2664 γραι
828 2606 873 2651 τί
912 2605 995 2652 οὖν
1028 2609 1112 2652 οὐκ
1144 2605 1195 2652 εὖ
1228 2608 1530 2664 φρονούντων
1573 2607 1666 2652 ἐστὶ
1705 2622 1836 2664 γενο-

157 2665 294 2723 μένης
324 2666 373 2710 ἐν
405 2665 644 2722 ὑποκρίσει
673 2672 755 2722 τῆς
784 2667 1089 2724 ἀναγνώσεως
1121 2668 1183 2711 M
1191 2667 1208 2692 ²
1238 2668 1288 2711 in
1311 2681 1459 2742 marg,
1500 2667 1583 2711 οὐκ
1616 2664 1666 2710 εὖ
1698 2665 1756 2710 1²
1786 2665 1836 2708 in

155 2739 300 2783 marg,
342 2739 504 2769 rasura
547 2730 572 2769 5
615 2725 877 2769 litterarum
919 2726 1043 2770 inter
1085 2723 1168 2769 οὖν
1220 2728 1267 2770 et
1308 2723 1359 2770 εὖ
1404 2726 1450 2770 Ρ
1646 2729 1701 2768 14
1753 2725 1837 2769 ἀν-

157 2785 362 2838 θρώπων
401 2799 475 2828 om
499 2784 622 2828 Fabr
696 2785 825 2828 ἀνων
851 2786 882 2827 Ι
909 2785 990 2827 sed
1020 2785 1081 2829 ἀν
1114 2787 1225 2828 et*
1249 2785 1298 2827 in
1321 2798 1396 2828 ras
1428 2785 1497 2827 m³
1523 2785 1530 2842 Ι
1556 2781 1836 2840 πεφρικέναι

158 2842 237 2885 καὶ
266 2843 487 2898 δακρύειν
514 2843 638 2886 Fabr
774 2848 828 2886 15
859 2843 1157 2915 ἀναλύσωμεν
1181 2844 1322 2887 ΙΒΜ
1350 2843 1431 2888 sed
1462 2843 1510 2886 in
1542 2843 1629 2886 hoc
1662 2860 1696 2886 ω
1729 2842 1778 2885 in
1810 2857 1835 2884 ο

159 2913 271 2954 corr,
303 2901 425 2945 Fabr
598 2907 651 2945 16
684 2899 878 2946 ἐνταῦθ’
924 2903 995 2947 UI
1020 2902 1101 2945 sed
1131 2902 1179 2945 in
1211 2903 1299 2946 hoc
1331 2901 1639 2958 apostrophus
1681 2903 1727 2944 et
1766 2913 1840 2942 se-

162 2972 304 3014 quens
335 2961 357 3005 ἐ
387 2961 436 3002 in
461 2973 535 3003 ras
560 2960 629 3003 m²
