2072 3162
683 115 913 160 ΠΒΑΝΉ
944 114 1168 160 ORATIO
1200 115 1308 159 X1v
1773 116 1845 169 89

159 252 359 325 λοτέρα
395 261 507 306 τῶν
545 253 737 322 ἔργων.
807 250 926 305 ἀλλ’
964 252 1012 305 εἰ
1051 252 1152 319 μὲν
1190 249 1590 321 Ἀριστοφάνης
1635 262 1851 322 πρῶτος

158 342 248 395 καὶ
297 343 465 409 μόνος
516 347 680 394 τοῦτο
736 339 1058 409 ἐπεπόνθει,
1113 341 1331 411 σφόδρα
1384 339 1454 393 ἂν
1506 338 1850 412 ᾐσχυνόμην·

160 430 277 484 ἐπεὶ
330 427 391 483 δὲ
443 430 578 499 μετὰ
628 436 725 498 τῆς
775 438 887 482 τῶν
941 428 1259 499 ἀνθρώπων
1311 430 1531 498 φύσεως
1577 427 1631 493 ἐξ
1683 429 1851 500 ἀρχῆς

160 520 385 588 εἰσῆλθε
422 519 484 571 τὸ
522 520 765 581 πολλοὺς
801 514 904 587 μὲν
940 520 1221 588 πονηροὺς
1260 517 1530 587 ἐπιεικεῖς,
1568 521 1810 582 πολλοὺς
1840 519 1846 589 Ι
1895 542 1918 572 4

160 605 221 661 δὲ
258 617 370 661 τῶν
406 610 644 677 μετρίων
681 607 1027 676 ὑπειλῆφθαι
1065 606 1533 677 μοχθηροτέρους,
1573 606 1766 675 δέομαί
1790 620 1939 664 R426

160 711 280 764 σου,
328 698 576 764 βασιλεῦ,
615 696 715 748 τὸν
751 703 852 749 τοῦ
892 697 1061 763 λόγου
1099 696 1300 766 μικρὸν
1346 698 1552 766 χρόνον
1590 710 1851 765 μεταστη-

159 786 399 852 σάμενον
446 784 551 838 ἀπὸ
598 793 692 854 τῆς
737 793 917 855 ψυχῆς
961 785 1032 853 ἣν
1077 782 1218 854 ἔχων
1264 783 1430 849 δόξαν
1475 783 1602 855 περὶ
1648 786 1850 838 τούτου

156 875 464 943 τυγχάνεις,
504 873 885 943 ἀκολουθῆσαι
916 882 1031 937 τοῖς
1061 875 1358 944 πράγμασι,
1397 873 1502 926 κᾶν
1532 870 1635 943 μὲν
1666 873 1850 927 ἐκεῖνα

157 964 384 1032 δεικνύῃ
422 962 726 1032 βέλτιστον,
766 963 909 1017 οὕτω
950 971 1202 1032 φρονεῖν,
1242 964 1290 1016 εἰ
1329 963 1391 1016 δὲ
1428 965 1527 1032 μή,
1565 963 1638 1032 μὴ
1677 964 1852 1031 μόνον

157 1051 408 1119 ἀμελείας
432 1050 605 1120 ἄξιον,
638 1051 776 1105 ἀλλά
805 1053 897 1106 καὶ
929 1053 1086 1121 δίκης
1115 1052 1543 1121 ὑπολαμβάνειν.
1603 1051 1849 1121 ἀνάσχου
1874 1073 1920 1106 10

157 1138 217 1194 δὲ
247 1141 447 1211 μικρὸν
478 1142 700 1195 ἄνωθεν
732 1140 968 1210 ἀκούων,
1008 1143 1177 1210 μῆκός
1206 1160 1264 1194 τε
1295 1142 1400 1211 γὰρ
1433 1139 1724 1210 ἀφαιρήσω
1756 1148 1852 1209 τῆς

158 1231 476 1299 διηγήσεως,
515 1231 606 1283 καὶ
639 1232 709 1283 σὺ
739 1234 952 1298 μᾶλλον
992 1230 1259 1299 εὑρήσεις,
1300 1229 1334 1282 ἃ
1371 1239 1581 1298 γνῶναι
1618 1230 1851 1283 δίκαιον.

267 1318 317 1371 5.
387 1320 574 1392 Τούτῳ
621 1318 955 1389 Μένανδρος
1008 1316 1110 1389 μὲν
1162 1315 1233 1388 ἦν
1286 1320 1490 1389 πατήρ,
1544 1319 1611 1371 τὰ
1662 1328 1852 1388 πρῶτα

156 1410 501 1478 Κορινθίων,
549 1411 712 1477 φίλος
750 1406 947 1479 Ἑκάτῃ
994 1407 1084 1461 καὶ
1126 1408 1468 1475 Ποσειδῶνι,
1518 1406 1702 1460 πλέων
1748 1403 1852 1474 μὲν

157 1496 234 1559 εἰς
265 1501 507 1564 Αἴγιναν
545 1493 684 1566 ὑπὲρ
724 1506 836 1549 τῶν
871 1496 1083 1565 ἐκείνης
1122 1497 1345 1567 ὀργίων,
1386 1495 1635 1549 ἐλαύνων
1674 1492 1735 1547 δὲ
1771 1496 1850 1558 εἰς
1874 1515 1918 1548 15

150 1582 381 1653 Ἰσθμὸν
426 1582 565 1655 ὑπὲρ
604 1595 716 1638 τῶν
754 1587 919 1638 τοῦδε
956 1587 1291 1655 μυστηρίων,
1339 1583 1400 1638 ἐν
1438 1581 1540 1652 μὲν
1584 1592 1650 1654 τῇ
1699 1585 1850 1656 νήσω

159 1682 467 1743 κορυφαῖος
499 1674 578 1726 ὢν
605 1681 704 1726 τοῦ
736 1674 963 1741 θιάσου,
995 1673 1057 1726 ἐν
1089 1673 1150 1726 δὲ
1179 1681 1244 1743 τῇ
1276 1674 1626 1745 χερροννήσῳ
1660 1687 1852 1726 συντε-

164 1765 278 1814 λῶν
317 1761 422 1814 ἀπὸ
462 1770 574 1814 τῶν
611 1761 966 1832 μικροτέρων,
1004 1765 1178 1814 τελῶν
1218 1758 1278 1814 δὲ
1318 1762 1395 1824 εἰς
1432 1763 1493 1815 τὸ
1537 1761 1675 1830 μέγα
1718 1776 1852 1814 συν-

162 1849 364 1919 έδριον.
432 1850 480 1903 6.
520 1850 609 1903 ὅτε
642 1851 708 1919 δὴ
750 1849 839 1903 καὶ
871 1852 1048 1921 πατὴρ
1081 1850 1295 1918 ἐγένετο
1326 1858 1529 1903 τοῦτον
1567 1853 1851 1920 γεννήσας,

162 1939 337 2001 οὕτως
374 1934 445 2006 ἦν
483 1941 794 2008 φιλόπολις,
834 1941 971 1993 ὥστε
1003 1939 1385 2009 διαπράττεται
1416 1947 1511 2008 τῆς
1544 1944 1687 1992 οἴκοι
1718 1942 1851 2007 βου·
1874 1961 1917 1993 20

160 2031 258 2096 λῆς
297 2021 440 2080 εἶναι
496 2025 503 2099 Ι
559 2032 771 2097 μᾶλλον
809 2029 842 2098 ἢ
880 2036 976 2096 τῆς
1008 2027 1298 2098 Ῥωμαίων.
1376 2027 1486 2080 ἀλλ’
1514 2023 1750 2098 Ἀριστο-
1789 2041 1940 2085 R427

159 2117 340 2186 φάνης
376 2116 484 2169 ὑπὸ
534 2124 630 2185 τῆς
674 2117 841 2187 τύχης
887 2118 1189 2170 κεκώλυται
1235 2117 1335 2170 τὸν
1379 2116 1585 2187 πατέρα
1633 2120 1849 2186 ζηλοῦν,

279 2238 334 2276 14
365 2233 500 2278 Paus.
526 2233 570 2276 Π
594 2237 665 2288 30,
684 2238 723 2277 2.
787 2234 896 2277 Luc.
922 2233 1077 2291 navig.
1105 2238 1130 2287 ξ
1158 2237 1212 2277 15

280 2343 303 2380 1
350 2346 444 2382 τῶν
477 2337 639 2395 ἔργων]
682 2337 829 2392 „adde
859 2335 1160 2395 περιέβαλεν“
1191 2337 1259 2380 Re
1309 2338 1316 2391 Ι
1365 2344 1549 2392 πρῶτον
1591 2337 1672 2381 καὶ
1703 2334 1849 2392 μόνον

157 2394 285 2441 τοῦτ’
321 2397 486 2454 Doxap
623 2401 647 2439 3
679 2404 771 2441 τῶν
803 2396 978 2440 inserui
1010 2410 1035 2440 θ
1066 2396 1299 2441 PVIBM
1336 2399 1342 2451 Ι
1385 2396 1579 2454 ἑξαρχῆς
1612 2396 1650 2440 G
1658 2397 1701 2441 U
1706 2396 1854 2440 VBM

159 2455 261 2499 Mor
290 2456 358 2499 Re
509 2460 536 2499 4
577 2455 768 2499 vocibus
799 2456 850 2499 τὸ
882 2455 1080 2507 πολλοὺς
1120 2469 1277 2499 rursus
1307 2455 1478 2511 incipit
1508 2456 1554 2499 A
1593 2454 1689 2511 (fol.
1718 2458 1789 2512 72)

161 2519 184 2557 7
219 2532 246 2558 ν
277 2515 327 2558 in
361 2514 760 2571 μεταστησάμενον
792 2528 848 2558 ex
872 2532 895 2566 ς
926 2528 1028 2558 corr
1052 2515 1132 2568 Vn,
1202 2528 1344 2571 supra
1368 2532 1391 2566 ς
1419 2528 1519 2572 pos.
1544 2514 1602 2557 1³
1634 2514 1717 2559 sed
1748 2531 1771 2564 ς
1801 2515 1850 2557 et

161 2589 271 2629 μετα
303 2574 353 2617 in
376 2587 452 2618 ras
475 2580 502 2618 4
533 2574 613 2617 litt
643 2573 713 2617 m'
744 2575 791 2617 et
815 2575 923 2617 ante
948 2591 979 2630 μ
1008 2587 1084 2617 ras
1117 2578 1142 2616 2
1175 2573 1255 2617 litt
1314 2572 1711 2630 μεταστησάμενος
1749 2573 1854 2617 UM

159 2632 324 2689 Doxap
462 2638 485 2676 7
517 2634 624 2688 περὶ
654 2633 820 2676 τούτου
852 2631 997 2685 δόξαν
1028 2632 1193 2689 Doxap
1341 2637 1366 2676 9
1399 2632 1462 2690 μή
1492 2647 1566 2677 om
1597 2633 1709 2675 Fen-
1732 2631 1847 2686 Mor,

162 2692 243 2747 qui
273 2694 432 2735 tamen
462 2694 571 2749 post
597 2691 658 2748 μὴ
690 2692 988 2735 inserendum
1021 2692 1220 2736 coniecit
1244 2692 1298 2736 οὐ
1421 2697 1475 2735 13
1506 2698 1725 2747 ταπρῶτα
1751 2692 1795 2735 V

163 2754 217 2794 15
251 2749 294 2795 δ’
324 2751 392 2795 Re
544 2755 597 2794 16
628 2753 738 2807 τῆδε
772 2751 815 2794 V
968 2755 1020 2794 17
1053 2749 1315 2810 χερρονήσῳ
1354 2751 1397 2794 V
1483 2750 1716 2824 χερονήσω
1741 2751 1788 2794 Β

160 2825 296 2866 χερον
327 2809 420 2864 ήσω
457 2811 502 2855 U
526 2824 629 2854 cum
652 2823 728 2853 ras
755 2814 777 2852 1
803 2808 883 2852 litt
921 2813 927 2865 1
964 2813 1189 2854 συντελῶν
1222 2809 1376 2869 (μὲν)
1410 2810 1504 2854 ἀπο
1522 2815 1542 2854 ⁸?
1664 2814 1720 2852 20
1752 2810 1847 2852 διε-

159 2867 383 2923 πράττετο
415 2870 450 2912 Ι
489 2869 571 2912 sed
610 2884 631 2912 ε
663 2870 725 2926 (1)
770 2868 819 2911 in
848 2881 924 2911 ras
963 2868 1032 2911 m²
1122 2868 1495 2923 διαπράττεσθαι
1542 2867 1647 2912 conj
1685 2867 1788 2911 Mor

163 2930 217 2968 22
250 2927 341 2971 ὑπὸ
373 2934 454 2984 τῆς
483 2928 622 2985 τύχης
650 2927 702 2970 in
731 2941 865 2984 marg
895 2926 953 2970 1²
995 2929 1000 2984 Ι
1042 2933 1123 2983 τῆς
1153 2941 1228 2971 om
1252 2929 1365 2972 ΒΜ
