2060 3162
633 121 817 165 LIBAN
819 121 861 164 11
893 120 1117 165 ORATIO
1149 119 1299 163 XXIII
1686 120 1794 172 495

212 264 308 312 Hic
341 279 536 325 quoque
576 261 703 310 duae
735 261 1111 325 distinguuntur
1143 260 1366 308 codicum
1398 260 1635 320 familiae,
1674 276 1795 322 qua-

99 355 210 386 rum
246 338 383 399 prior
421 336 673 384 codicibus
712 335 965 396 ACPIM,
1008 336 1166 383 altera
1205 334 1372 382 codice
1421 334 1468 382 V
1501 335 1793 382 continetur.

100 413 237 459 Inter
281 410 471 459 codices
518 412 699 473 prioris
746 410 967 457 familiae
1005 408 1055 456 A
1107 410 1271 456 aetate
1317 407 1509 469 fideque
1558 411 1794 470 praestat.

98 486 221 533 Pars
260 485 442 533 codicis
485 483 527 532 C
562 500 688 546 quae
726 485 854 531 hanc
893 484 1168 532 orationem
1214 484 1435 530 continet
1480 483 1674 530 saeculo
1714 483 1797 530 de—

98 576 233 606 mum
271 558 391 606 XIV
430 574 705 621 parumque
753 559 1019 621 diligenter
1064 557 1294 619 suppleta
1346 559 1433 604 est.
1510 557 1547 604 I
1582 559 1632 604 et
1668 557 1737 604 M
1771 573 1795 605 e

99 634 347 682 communi
384 632 633 680 fluxerunt
670 633 831 692 fonte,
878 635 936 679 ut
982 631 1146 679 elucet
1184 647 1210 678 e
1250 646 1489 679 consensu
1535 646 1794 692 perversae

98 707 361 755 verborum
402 707 743 755 collocationis
783 703 865 754 καὶ
904 705 1095 763 τούτοις
1133 702 1379 763 κάκείνοις
1420 721 1511 767 pro
1550 702 1796 764 κάκείνοις

99 778 180 829 καὶ
218 779 411 839 τούτοις
448 798 495 843 p.
532 782 654 841 505,
674 782 719 827 6.
798 779 896 827 Sed
934 780 974 827 I
1013 780 1263 841 exemplar
1307 779 1467 826 multo
1507 779 1795 843 diligentius

100 855 318 903 reddidit
350 871 501 917 quam
531 855 599 902 M
632 857 720 917 qui
750 856 963 918 vestigia
995 855 1162 918 gravis
1191 853 1593 915 interpolationis
1626 855 1796 915 aperte

97 945 217 992 prae
264 944 314 977 se
360 930 460 977 fert
512 930 562 976 et
606 930 660 976 in
710 929 860 976 titulo
914 926 1038 976 κατὰ
1090 935 1188 975 τῶν
1239 926 1659 993 ἐγκαταλιπόντων
1704 926 1796 990 τὴν

98 1003 243 1053 πόλιν
281 1000 557 1068 ἀντιόχειαν
589 1001 671 1051 διὰ
711 1002 874 1067 φόβον
906 1009 992 1051 τοῦ
1025 999 1262 1067 βασιλέως
1302 1005 1351 1050 et
1388 1004 1442 1049 in
1473 1001 1634 1050 verbis
1673 1003 1796 1064 ipsis

99 1078 339 1126 orationis
390 1080 448 1125 ut
496 1076 581 1126 τὸν
620 1074 1022 1141 ἀναβαλλόμενον
1072 1092 1162 1139 pro
1214 1075 1300 1125 τὸν
1351 1074 1797 1140 διαβουλευόμενον

97 1168 146 1214 p.
183 1153 305 1213 503,
325 1153 409 1200 20.

209 1226 385 1288 Neque
423 1227 584 1289 magis
632 1227 834 1287 accepta
878 1225 978 1272 fuit
1023 1226 1183 1273 oratio
1228 1224 1586 1288 florilegiorum
1629 1227 1797 1272 aucto·

98 1299 248 1348 ribus.
318 1299 459 1348 Unus
489 1301 633 1361 isque
664 1301 868 1363 exiguus
900 1301 1064 1348 exstat
1091 1300 1227 1348 locus
1258 1301 1312 1346 in
1335 1299 1519 1347 Roseto
1543 1298 1797 1346 Macarii

101 1367 651 1439 Chrysocephali¹)‚
706 1390 852 1436 quem
902 1373 962 1420 de
1014 1375 1307 1437 argumento
1358 1374 1598 1425 orationis
1646 1373 1795 1435 plane

100 1450 346 1496 caecutire
401 1449 570 1512 arguit
622 1448 800 1496 titulus
854 1449 901 1495 ei
954 1447 1100 1495 datus
1153 1446 1225 1505 εἰς
1270 1445 1362 1510 τὴν
1407 1453 1505 1494 τῶν
1550 1446 1796 1510 πολεμίων

100 1511 434 1587 καταδρομήν,
481 1521 610 1570 unde
650 1523 815 1570 evenit
860 1523 918 1569 ut
962 1537 1061 1569 non
1100 1522 1262 1569 solum
1304 1521 1607 1569 ViUoisonus
1619 1514 1662 1587 2)
1710 1522 1797 1582 qui

0 1619 2 1622 ·
99 1595 337 1644 Rosetum
386 1597 439 1643 in
488 1596 649 1643 lucem
697 1597 967 1658 protraxit,
1021 1595 1106 1644 sed
1157 1597 1309 1643 etiam
1355 1595 1560 1643 Reiskia
1609 1588 1794 1661 (Praef.

99 1673 135 1718 t.
160 1669 186 1718 I
216 1687 262 1732 p.
288 1663 476 1735 XXIX)
516 1669 576 1718 de
615 1670 873 1732 deperdita
911 1671 1135 1718 oratione
1146 1663 1189 1735 3)
1228 1670 1564 1731 loquerentur.

213 1745 387 1793 Totius
426 1745 667 1794 orationis
705 1746 867 1806 prima
906 1744 1059 1792 editio
1097 1745 1234 1792 facta
1272 1745 1347 1792 est
1384 1743 1610 1792 Venetiis
1652 1745 1794 1792 1754

100 1818 162 1866 ab
201 1818 466 1866 Antonio
505 1811 979 1885 Bongiovanni4)
1019 1820 1275 1880 p.‚1—-14
1318 1811 1413 1885 (=
1445 1812 1629 1883 Bong),
1669 1833 1796 1879 quae

102 1892 236 1955 quod
275 1892 540 1940 admodum
584 1892 820 1941 mendosa
859 1885 1087 1959 evasit5),
1132 1893 1295 1956 magis
1340 1892 1455 1940 inde
1493 1892 1683 1940 factum
1721 1893 1797 1939 est

104 1965 237 2027 quod
273 1966 360 2013 ille
391 1982 599 2030 graecae
636 1967 838 2031 linguae
868 1983 1048 2030 parum
1079 1982 1262 2031 gnarus
1293 1966 1392 2014 fuit
1423 1982 1575 2028 quam
1605 1965 1738 2028 quod
1771 1981 1796 2014 e

0 2061 3 2064 >
101 2040 267 2088 codice
309 2041 612 2102 interpolato
649 2042 716 2088 M
759 2057 939 2104 parum
985 2041 1252 2104 diligenter
1298 2057 1407 2088 eam
1454 2039 1796 2102 descripserat.

101 2113 232 2162 Raro
259 2116 411 2163 etiam
435 2115 585 2163 codex
616 2115 791 2163 melior
813 2116 851 2162 I
877 2115 939 2163 ab
973 2131 1029 2163 eo
1061 2116 1328 2177 inspectus,
1357 2115 1521 2162 rarius
1544 2116 1796 2176 respectus

102 2191 188 2236 est.
258 2187 424 2253 Larga
455 2190 613 2252 igitur
641 2191 814 2239 messis
848 2190 950 2237 fuit
981 2189 1381 2237 emendationum
1405 2189 1606 2236 Reiskio
1630 2188 1795 2236 Anim.

100 2261 148 2307 V
178 2279 225 2324 p.
254 2264 569 2325 232—2343
609 2265 762 2312 etiam
798 2264 1000 2328 largior,
1039 2263 1127 2311 ubi
1157 2265 1351 2326 copiam
1390 2263 1572 2311 codicis
1595 2261 1646 2309 A
1685 2277 1796 2310 con·

101 2336 291 2383 ferendi
337 2339 515 2385 nactus
555 2340 642 2386 est.
721 2336 816 2385 Sed
862 2338 944 2385 hic
990 2353 1186 2400 quoque
1234 2353 1419 2402 magna
1462 2337 1560 2384 fuit
1604 2338 1797 2383 incuria

101 2409 281 2458 viduae
318 2412 372 2457 in
413 2410 629 2460 editione
667 2412 777 2473 ipsa
823 2404 884 2478 (t.
916 2411 967 2458 H
1005 2429 1052 2473 p.
1088 2405 1406 2477 296-306)
1451 2411 1698 2473 paranda,
1743 2411 1796 2456 in

102 2500 200 2544 qua
239 2501 300 2531 ne
332 2485 456 2531 vitia
498 2485 694 2546 quidem
733 2486 1099 2548 typographica
1134 2485 1364 2533 editionis
1396 2484 1796 2547 Bongiovanm'a-

101 2573 210 2618 nae,
241 2560 299 2604 ut
330 2554 511 2606 ἅλλωσε
542 2575 589 2620 p.
617 2561 738 2619 502,
759 2561 843 2619 22,
877 2559 1076 2607 sublata
1107 2561 1222 2606 sunt
1253 2559 1433 2606 omnia.
1495 2558 1661 2606 Pauca
1693 2573 1795 2605 cor-

102 2633 231 2679 rexit
270 2631 561 2692 Sintenis‚
599 2633 746 2694 plura
788 2632 1059 2681 Gobetus.

225 2760 265 2814 1)
297 2757 420 2802 Vide
450 2760 483 2801 t.
501 2757 522 2799 I
544 2773 590 2814 p.
609 2762 709 2803 351.
839 2761 883 2815 2)
913 2758 1087 2802 Anecd.
1113 2761 1145 2802 t.
1164 2758 1206 2801 11
1230 2774 1274 2815 p.
1297 2763 1364 2801 15.
1497 2760 1542 2815 3)
1575 2757 1641 2802 Cf.
1675 2770 1795 2813 quae

104 2818 297 2872 exposui
329 2816 484 2860 annal.
510 2816 672 2873 philol.
698 2816 923 2861 Fleckeis.
959 2821 1088 2872 1876,
1114 2822 1213 2860 211.
1380 2820 1428 2873 4)
1459 2816 1622 2861 cni-..1
1645 2832 1689 2872 p.
1710 2821 1795 2860 214

104 2876 153 2919 et
175 2879 274 2920 286.
394 2877 439 2931 5)
462 2875 712 2920 Rationem
737 2875 836 2919 eius
861 2875 953 2919 nisi
975 2876 1060 2920 ubi
1084 2890 1112 2920 a·
1130 2878 1192 2921 M
1209 2876 1403 2930 recedit,
1432 2875 1613 2920 nullam
1635 2875 1792 2919 habui.
