2054 3140
668 115 898 159 LIBANII
930 114 1154 159 ORATIO
1186 115 1271 159 XII
1755 118 1823 170 15
1855 140 1863 149 ·

137 253 238 323 μὲν
282 252 429 321 παρὰ
466 250 698 319 τούτοις,
745 252 888 303 πολὺ
936 250 998 303 δὲ
1035 249 1162 321 παρ’
1200 250 1460 320 ἐκείνοις,
1508 252 1575 305 οὐ
1620 252 1825 305 ταύτὸν

141 341 414 410 ἑκάτερον,
453 338 483 392 6
524 336 586 391 δὲ
622 339 829 401 ὕπατος
867 339 928 392 ἓν
965 346 1247 408 πανταχοῦ
1285 337 1377 392 καὶ
1414 340 1582 408 πολύ,
1621 343 1824 410 χρόνον

140 429 338 482 ἐλάττω
377 426 468 480 καὶ
507 429 674 480 πλείω
723 428 995 498 διορίζων,
1043 428 1144 480 οὐκ
1191 426 1298 480 ε’ῶν
1343 431 1475 492 τοὺς
1521 428 1823 499 νεωτέρους

138 519 204 571 τὰ
254 526 367 570 τῶν
411 515 800 586 πρεσβυτέρων
846 514 1014 586 ἔχειν,
1069 516 1098 570 6
1147 513 1209 569 δὲ
1254 517 1423 571 πάλαι
1468 519 1716 586 κείμενος
1763 516 1823 571 ἐν

139 614 256 668 ταῖς
287 606 465 667 δίκαις
497 605 678 674 ὥσπερ
715 604 1014 673 ἀνίσταται,
1046 603 1136 658 καὶ
1170 606 1482 670 συνδικάζει
1511 614 1628 669 τοῖς
1659 609 1822 671 ζῶσιν
1869 628 1888 661 5

139 695 168 748 6
203 694 457 756 τεθνεώς.
537 694 619 746 16.
659 694 880 757 εἰκότως
920 695 1026 764 ἄρα
1062 695 1253 757 παῖδες
1278 693 1554 764 Ῥωμαίων
1591 693 1683 748 καὶ
1712 697 1820 765 πρὸ

137 785 317 853 γήρως
352 786 587 852 λιπαροῦ
627 785 876 835 τίθενται
914 783 1017 852 τὴν
1053 784 1217 852 τιμὴν
1254 781 1347 836 καὶ
1379 784 1640 853 δοθείσης
1678 783 1823 853 αἱρέ-

138 886 273 934 σεως
320 871 468 942 παρά
512 890 613 924 του
659 880 771 925 τῶν
815 873 1146 941 κρειττόνων
1195 874 1322 941 βίου
1368 892 1425 925 τε
1470 879 1684 942 μακροῦ
1731 871 1822 926 καὶ

137 962 336 1029 ταύτης
374 959 463 1013 ἐπὶ
508 961 715 1029 ταύτην
760 959 831 1014 ἂν
877 960 1170 1030 ένεχθεῖεν.
1247 960 1276 1014 ὃ
1314 962 1420 1031 γὰρ
1467 964 1598 1024 τοὺς
1643 962 1823 1031 ἥρωας

138 1047 455 1102 ἐπίστανται
492 1058 604 1103 τῶν
634 1058 828 1119 ψυχῶν
858 1049 1209 1120 πριαμένους,
1248 1051 1309 1103 τὸ
1341 1051 1594 1119 μηδαμοῦ
1627 1058 1822 1118 στῆναι
1846 1072 1889 1104 10

138 1139 238 1207 τὴν
279 1138 286 1206 Ι
328 1141 547 1208 μνήμην
586 1138 790 1207 αὐτοῖς,
828 1137 976 1192 τοῦτ’
1011 1144 1196 1192 ἴσασιν
1233 1137 1482 1210 ὑπάρξον
1521 1142 1717 1209 σφίσιν
1761 1152 1804 1195 Β,
1825 1156 1909 1195 372

138 1225 244 1279 ἀπὸ
283 1228 459 1296 μόνου
497 1235 598 1281 τοῦ
637 1226 823 1298 γέρως.
905 1229 988 1280 17.
1040 1225 1210 1281 οὐδὲν
1246 1236 1518 1282 τοσοῦτον
1557 1228 1586 1282 6
1627 1229 1821 1281 Πυθό-

139 1315 331 1385 δωρος,
371 1319 592 1385 φαῦλον
629 1317 662 1386 ἡ
701 1318 934 1387 Χρυσίς,
984 1318 1184 1387 μικρὸν
1222 1316 1251 1370 6
1290 1318 1581 1386 Αἰνησίας·
1620 1315 1823 1386 ’Ἁργος

138 1402 370 1473 ἐκείνης,
427 1403 656 1474 Ἀθῆναι
714 1406 939 1475 τούτου,
1001 1407 1367 1475 Λακεδαίμων
1427 1404 1667 1474 ἐκείνου,
1732 1406 1823 1458 καὶ

140 1491 252 1545 οὔτ’
284 1492 354 1546 ἂν
393 1493 422 1547 6
458 1495 663 1547 Λάκων
700 1493 1044 1565 ἐπεγράψατο
1084 1501 1158 1567 τῷ
1189 1497 1502 1563 ψηφίσματι
1539 1495 1637 1548 τὸν
1664 1492 1822 1562 Ἀθη-
1846 1514 1888 1548 15

140 1588 301 1634 ναῖον
338 1579 451 1634 οὔτ’
484 1580 555 1635 ἂν
586 1578 749 1645 οὗτος
778 1583 877 1636 τὸν
906 1583 1364 1652 Λακεδαιμόνιον,
1404 1581 1520 1636 ἀλλ’
1551 1588 1680 1636 εἵσω
1712 1591 1824 1635 τῶν

141 1668 288 1739 ὅρων
334 1667 607 1739 ἑκατέροις
651 1670 685 1738 ἡ
738 1680 851 1724 τῶν
900 1671 1188 1738 ὀνομάτων
1243 1671 1410 1740 ἰσχύς.
1488 1673 1572 1724 ε”νι
1626 1671 1691 1724 δέ
1741 1691 1823 1733 τις

140 1755 230 1809 καὶ
268 1766 382 1820 τοῖς
413 1756 731 1827 Ὀλυμπίοις
767 1767 934 1829 μοῖρα
969 1757 1095 1829 περὶ
1132 1760 1310 1830 βραχύ
1348 1779 1402 1812 τι
1438 1758 1530 1812 καὶ
1561 1759 1699 1827 αὐτὴ
1731 1759 1822 1829 μέ-

140 1861 330 1899 νουσα.
404 1847 582 1919 τούτῳ
614 1844 676 1900 δὲ
704 1855 887 1901 πᾶσαν
911 1848 1012 1915 μὲν
1042 1849 1145 1917 τὴν
1180 1847 1512 1918 οἰκουμένην
1550 1848 1578 1902 6
1611 1850 1777 1917 νόμος
1813 1845 1819 1919 Ι
1846 1870 1887 1902 19

141 1932 363 2006 ἀνέῳξε,
409 1943 687 2004 πανταχοῦ
735 1937 796 1990 δὲ
841 1938 942 2006 τὴν
987 1937 1161 2006 αὐτὴν
1210 1936 1566 2006 ἐγκατέστησε
1613 1938 1709 1990 δύ-
1761 1949 1804 1992 Β,
1825 1954 1909 1993 373

140 2042 320 2091 ναμιν.
408 2024 490 2076 18.
551 2025 640 2076 καὶ
693 2025 755 2077 τὸ
806 2033 901 2094 τῆς
950 2027 1182 2095 σελήνης
1229 2027 1367 2095 πρὸς
1414 2028 1543 2089 τοὺς
1593 2025 1822 2095 ἀστέρας

140 2115 286 2164 εἴποι
321 2131 405 2174 τις
443 2110 514 2165 ἂν
552 2111 613 2166 ἐν
650 2120 834 2186 καιρῷ,
873 2114 958 2167 ὅτι
988 2119 1212 2178 πολλοῖς
1247 2115 1418 2168 εἴδεσι
1449 2124 1561 2168 τῶν
1591 2115 1822 2184 ἀγαθῶν

260 2313 284 2352 7
318 2308 401 2353 Od.
425 2326 452 2354 τ
475 2314 575 2354 368.
615 2313 640 2354 2
658 2315 741 2354 136
767 2333 822 2348 =
847 2320 886 2368 ψ
913 2316 1011 2356 283.
1051 2311 1184 2356 Pind.
1209 2312 1437 2357 Nem.VII
1461 2317 1516 2356 99
1675 2316 1700 2355 9
1732 2311 1783 2355 Π.
1804 2327 1820 2354 ι

140 2373 300 2424 412sq.
336 2369 393 2412 cf.
424 2369 588 2414 Aesch.
623 2369 740 2414 (stes.
775 2375 799 2424 ξ
827 2374 910 2414 182
942 2386 987 2427 p.
1014 2375 1069 2414 79
1244 2376 1376 2429 12sq.
1424 2371 1567 2415 Thuc.
1600 2371 1643 2414 II
1668 2376 1708 2424 2,
1736 2376 1758 2414 1

142 2430 194 2470 21
243 2427 416 2484 Sapph.
448 2427 503 2473 fr.
536 2433 562 2471 3
600 2429 699 2485 (Iul.
733 2443 803 2486 ep.
833 2432 904 2487 19)
944 2432 992 2474 et
1028 2444 1136 2487 pap.
1169 2430 1318 2475 Berol.
1353 2431 1423 2475 ed.
1459 2430 1688 2475 Schubart
1717 2431 1819 2474 Act.

139 2485 282 2530 Acad.
313 2486 463 2531 Berol.
499 2492 627 2544 1902,
660 2492 743 2532 201
778 2488 863 2534 col.
889 2489 931 2533 H
962 2495 1072 2545 4sq.

317 2677 342 2715 2
386 2672 532 2718 πολὺν
562 2672 672 2718 libri
710 2673 821 2717 Fen·
843 2673 946 2717 Mor
976 2687 1077 2718 corr
1107 2673 1175 2718 Re
1205 2674 1344 2718 Anim
1496 2679 1521 2718 3
1568 2675 1646 2718 καὶ
1677 2671 1818 2718 πλείω

142 2756 217 2787 om
241 2745 304 2789 Μ
453 2751 506 2790 12
544 2748 681 2791 τοῦδε
713 2746 816 2791 coni
847 2747 948 2791 Mor
1098 2752 1153 2791 14
1193 2735 1300 2791 ἐκεῖ
1315 2750 1361 2792 P
1390 2748 1471 2792 sed
1503 2764 1559 2792 ov
1591 2761 1817 2804 suprascr.

141 2801 212 2845 m'
271 2802 458 2849 ἐκείνων
488 2805 590 2849 Mor
741 2811 794 2850 15
836 2805 859 2850 6
891 2806 1060 2851 Λάκων
1084 2833 1140 2838 -
1168 2811 1221 2849 16
1254 2804 1354 2850 οὔτ’
1383 2805 1443 2851 ἂν
1479 2821 1554 2851 om
1584 2806 1816 2851 Wolfenb.

142 2860 253 2904 Fen·
273 2862 375 2906 Mor
510 2869 565 2908 18
601 2864 716 2921 αὕτη
747 2866 830 2909 ΒΙ
853 2865 902 2908 in
934 2879 1024 2921 quo
1055 2867 1213 2909 tamen
1244 2866 1398 2923 gravis
1430 2879 1570 2923 supra
1599 2883 1628 2922 η
1661 2879 1817 2910 erasus

202 2924 257 2962 22
289 2921 438 2966 ἄλλων
455 2927 490 2977 ?‚
521 2925 574 2967 uf.
605 2923 745 2967 etiam
770 2923 1100 2968 Boissonadius
1123 2925 1296 2968 Anecd.
1321 2939 1422 2968 nov.
1447 2940 1491 2981 p.
1510 2930 1593 2968 341
1621 2925 1818 2968 coniecit
