2060 3162
655 196 882 240 LIBANII
914 195 1136 240 ORATIO
1168 195 1316 239 XVIII
1727 194 1834 247 355

158 331 330 402 μένην
366 332 542 386 πάντα
579 332 678 385 τὸν
714 340 826 384 τῶν
863 332 1144 384 κινδύνων
1183 333 1402 401 χρόνον,
1446 330 1479 383 ἃ
1513 326 1573 382 δὲ
1604 330 1836 398 χάσματι

153 430 252 490 γῆς
312 419 737 489 ἀφανισθέντων
790 419 1032 473 πασσυδὶ
1086 429 1198 472 τῶν
1251 417 1518 472 ἐναντίων
1572 420 1836 489 ἔπραττεν

153 511 238 578 ἄν,
276 508 490 571 τούτοις
538 506 659 571 ἑνὸς
705 507 920 561 ἐκείνου
968 511 1329 571 τελευτῶντος
1377 507 1584 577 ἐχρῆτο.
1662 507 1836 577 ἀμφό-

151 617 298 667 τεροι
351 598 545 650 τοίνυν
598 599 794 650 ἔθεντο
840 603 1033 665 ψῆφον
1079 597 1154 659 εἰς
1200 597 1300 665 τὴν
1348 595 1562 649 ἐκείνου
1609 597 1833 665 γνώμην
1880 618 1903 648 4

150 687 216 739 τὰ
261 685 548 755 πράγματα
589 684 913 738 ἀνακεῖσθαι
971 683 977 755 Ι
1036 682 1342 753 Ῥωμαίοις,
1394 685 1447 737 οἱ
1496 681 1596 751 μὲν
1646 677 1729 747 οἷς
1773 697 1815 739 R
1837 700 1924 740 614

151 773 446 843 ἐπένθουν,
488 775 540 827 οὶ
574 770 634 827 δὲ
667 766 750 836 οἷς
782 773 1083 844 ὠρχοῦντο,
1122 771 1213 825 καὶ
1254 773 1312 826 οἱ
1345 770 1447 842 μὲν
1483 765 1565 835 οἷς
1595 773 1834 842 ἡγοῦντο

151 861 507 931 ἀπολωλέναι,
547 863 599 916 οὶ
640 861 693 915 δ’
725 855 808 925 οἷς
844 863 948 931 ἤδη
989 860 1389 931 κεκρατηκέναι.

258 951 380 1003 272.
421 949 563 1004 Ἴδοι
611 950 660 1003 δ’
692 952 761 1004 ἄν
813 971 895 1014 τις
946 950 1117 1003 αὐτοῦ
1170 951 1271 1018 τὴν
1326 950 1524 1020 ἀρετὴν
1574 949 1675 1003 κάκ
1723 960 1835 1003 τῶν

146 1041 472 1093 τελευταίων
532 1040 802 1110 ῥημάτων.
890 1039 1148 1092 ἁπάντων
1208 1040 1312 1109 γὰρ
1381 1049 1493 1092 τῶν
1552 1053 1832 1108 περιεστη-

146 1131 322 1181 κότων
361 1129 438 1191 εἰς
476 1134 694 1198 θρῆνον
730 1129 1092 1181 πεπτωκότων
1139 1126 1230 1181 καὶ
1279 1125 1410 1180 οὐδὲ
1456 1137 1567 1180 τῶν
1606 1131 1833 1196 φιλοσο-
1858 1150 1900 1181 ιο

149 1218 411 1286 φούντων
451 1216 776 1284 δυναμένων
813 1225 1098 1287 καρτερεῖν
1137 1215 1358 1283 ἐπετίμα
1396 1225 1511 1279 τοῖς
1549 1235 1607 1269 τε
1646 1217 1833 1278 ἄλλοις

148 1306 237 1358 καὶ
278 1306 379 1374 οὐχ
417 1306 611 1374 ἥκιστα
650 1306 718 1374 δὴ
756 1307 990 1373 τούτοις,
1038 1306 1084 1358 εἰ
1123 1314 1235 1358 τῶν
1272 1304 1624 1374 βεβιωμένων
1663 1305 1833 1357 αὐτὸν

147 1395 224 1456 εἰς
255 1394 540 1463 Μακάρων
575 1396 779 1463 νήσους
813 1393 1064 1462 ἀγόντων
1095 1393 1212 1446 οἵδε
1243 1394 1316 1456 ὡς
1348 1392 1506 1456 ἀξίως
1546 1394 1831 1464 Ταρτάρου

144 1484 443 1551 βεβιωκότα
484 1483 792 1552 δακρύοιεν.
862 1480 1017 1554 ἐῴκει
1058 1483 1125 1551 δὴ
1158 1483 1190 1550 ἡ
1222 1484 1394 1551 σκηνὴ
1432 1479 1534 1551 μὲν
1572 1488 1645 1554 τῷ
1679 1480 1832 1554 δεξα-

145 1570 290 1643 μένῳ
330 1572 681 1643 δεσμωτηρίῳ
720 1572 818 1623 τὸν
850 1571 1172 1640 Σωκράτην,
1213 1571 1266 1623 οἱ
1305 1572 1574 1640 παρόντες
1613 1567 1674 1623 δὲ
1713 1580 1827 1633 τοῖς
1852 1591 1893 1624 15

147 1658 335 1731 ἐκείνῳ
375 1666 667 1730 παροῦσιν,
707 1660 740 1727 ἡ
779 1660 958 1727 πληγὴ
999 1655 1060 1711 δὲ
1094 1665 1168 1731 τῷ
1196 1659 1482 1731 φαρμάκῳ,
1521 1660 1587 1711 τὰ
1619 1659 1828 1728 ῥήματα

147 1745 207 1800 δὲ
259 1756 372 1810 τοῖς
427 1748 648 1817 ῥήμασι,
699 1754 774 1819 τῷ
823 1744 883 1799 δὲ
936 1749 1007 1815 μὴ
1064 1748 1332 1818 δακρύσαι
1386 1748 1485 1800 τὸν
1524 1748 1830 1817 Σωκράτην

145 1837 321 1902 μόνον
359 1838 419 1890 τὸ
460 1833 596 1904 μηδὲ
628 1843 840 1890 τοῦτον.
919 1836 1040 1888 273.
1083 1835 1359 1905 δεομένων
1400 1833 1460 1888 δὲ
1498 1845 1609 1888 τῶν
1649 1838 1830 1905 φίλων

146 1924 427 1993 ἀποφῆναι
466 1933 560 1993 τῆς
607 1923 774 1994 ἀρχῆς
819 1927 1168 1994 κληρονόμον
1219 1923 1422 1978 οὐδένα
1469 1924 1615 1997 αὑτῷ
1656 1943 1828 1994 παρα-

143 2015 377 2081 πλήσιον
424 2011 588 2080 ἐγγὺς
642 2012 789 2082 ὁρῶν
842 2013 1018 2082 ἀφῆκε
1064 2021 1128 2083 τῇ
1185 2019 1411 2084 στρατιᾷ
1468 2014 1569 2082 τὴν
1622 2022 1826 2082 ψῆφον.
1852 2035 1895 2067 20

261 2193 285 2231 2
311 2187 570 2232 Thuc.V111
588 2193 626 2242 1,
647 2194 683 2231 1.
732 2188 845 2232 Xen.
862 2187 962 2245 Cyr.
988 2188 1008 2231 I
1033 2194 1074 2243 4,
1095 2192 1149 2232 18
1271 2193 1297 2231 4
1323 2188 1428 2232 Her.
1446 2188 1467 2231 I
1485 2192 1606 2242 97,1.
1632 2187 1696 2231 ΠΙ
1714 2193 1783 2243 31,
1799 2193 1823 2231 2

203 2252 226 2290 9
260 2249 406 2291 Amm.
432 2247 559 2291 XXV
576 2252 617 2302 3,
638 2252 691 2291 15
706 2262 770 2304 sq.
920 2252 972 2290 17
1007 2248 1154 2291 Amm.
1181 2247 1308 2291 XXV
1335 2252 1375 2303 3,
1394 2252 1449 2291 22
1589 2252 1641 2290 19
1674 2248 1822 2291 Amm.

142 2306 218 2350 1.1.
247 2311 345 2361 §15

261 2473 282 2510 1
316 2467 515 2541 χάσμασι
534 2470 595 2512 Μ
711 2472 736 2511 6
768 2485 822 2526 γρ
840 2468 1036 2541 ἤρχοντο
1060 2468 1110 2511 in
1126 2481 1259 2525 marg
1275 2467 1377 2511 Mor
1498 2472 1521 2510 7
1549 2466 1594 2510 οἳ
1613 2469 1696 2511 Mo
1707 2468 1823 2511 VLa

201 2543 246 2570 οι
272 2528 332 2571 Μ
389 2526 433 2570 οἱ
459 2525 556 2602 δ’]
554 2524 646 2570 οιδ’
676 2540 732 2570 ex
762 2524 856 2571 οἶδ’
878 2541 981 2571 con·
1004 2526 1076 2571 ΡΞ
1104 2527 1109 2585 Ι
1138 2526 1189 2572 δὲ
1212 2483 1280 2570 Ege
1308 2529 1313 2583 Ι
1341 2526 1451 2583 ἤδη]
1477 2525 1675 2583 ἡγοῦντο
1700 2526 1825 2569 Fabr

201 2590 226 2629 8
257 2588 495 2630 τελευταῖα
528 2582 706 2653 ρήματα
739 2585 978 2630 ἰουλιανοῦ
1010 2586 1059 2629 in
1082 2599 1216 2643 marg
1242 2586 1364 2630 CMo
1486 2589 1540 2629 12
1573 2584 1822 2642 οὐχήκιστα

142 2645 268 2700 BV1
297 2645 354 2701 δὴ
387 2645 551 2700 scripsi
583 2657 607 2687 e
638 2644 770 2688 libris
832 2645 882 2689 δὲ
916 2645 1014 2689 edd·
1034 2647 1039 2701 Ι
1068 2662 1121 2701 γρ
1146 2644 1447 2703 βεβοωμένων
1478 2644 1528 2687 in
1557 2657 1690 2700 marg
1720 2643 1823 2687 Mor

203 2707 257 2746 13
304 2704 370 2755 εἰς
408 2702 629 2760 μακάρων
668 2704 714 2747 Ρ
756 2703 837 2747 sed
878 2703 945 2754 εἰς
982 2702 1135 2760 μακάρ
1181 2704 1230 2746 in
1262 2717 1337 2746 ras
1375 2702 1445 2745 m²
1494 2704 1499 2759 Ι
1550 2700 1821 2760 ἀγαγόντων

142 2762 324 2806 BMLa
367 2764 372 2817 Ι
415 2761 513 2807 οἵδε
552 2761 716 2818 scripsi
793 2761 837 2805 οἱ
869 2761 923 2807 δὲ
949 2762 1058 2806 libri
1098 2762 1189 2807 edd
1311 2766 1364 2805 14
1403 2761 1686 2836 δακρύουσιν
1724 2761 1816 2818 Rei

143 2819 193 2882 δὲ
218 2821 308 2864 edd
394 2825 447 2865 16
472 2825 535 2880 τῷ
552 2834 627 2864 om
650 2820 772 2863 Fabr
856 2826 907 2863 17
934 2820 1021 2866 δὲ
1009 2837 1057 2864 ιιι
1081 2835 1156 2865 ras
1180 2821 1228 2864 in
1251 2834 1385 2877 marg
1408 2822 1442 2864 Ι
1447 2819 1465 2845 ¹
1491 2822 1496 2876 Ι
1524 2817 1722 2877 ῥ’ήμασιν
1747 2811 1821 2864 La'

148 2878 224 2922 τὸ
251 2881 319 2951 V}
348 2867 575 2934 δακρῦσαι
599 2880 691 2923 ΙΜ
716 2881 763 2923 et
794 2892 818 2922 e
850 2879 1079 2934 δακρύσαι
1111 2894 1212 2924 con·
1235 2879 1307 2923 Ρ8
1338 2878 1394 2922 cf.
1429 2879 1488 2922 ad
1519 2881 1551 2923 b.
1570 2879 1656 2935 Ip.
1684 2883 1781 2931 272,
1794 2883 1819 2920 5

203 2942 257 2981 18
291 2935 450 2993 ὅμοιον
475 2938 544 2982 Re
579 2941 585 2994 Ι
618 2941 681 2981 τῶ
701 2939 743 2982 V
771 2940 776 2994 Ι
810 2945 944 2982 τοῦτο
972 2939 1015 2982 V
1130 2943 1182 2981 19
1216 2939 1339 2982 αὐτῶ
1371 2939 1763 2982 BMoVIMLaP

143 2996 285 3039 αὑτοῦ
315 2996 438 3039 Fabr
557 3001 612 3039 20
637 2983 779 3053 ἐφῆκε
811 2996 956 3040 Cobet
986 2996 1115 3040 Misc.
1138 3002 1219 3040 142

1465 3070 1552 3112 23*
