2060 3162
218 135 326 188 532
748 135 979 179 LIBANII
1009 135 1232 181 ORATIO
1266 136 1415 181 XXIV

219 274 469 341 ληφότες.
547 269 663 324 ἀλλ’
696 269 827 324 οὐδὲ
883 272 998 335 τοῖς
1053 271 1140 325 ἐπὶ
1190 282 1303 326 τῶν
1357 274 1505 342 ὅρων
1558 274 1913 344 στρατιώταις

221 360 538 430 ἱδρυμένοις
577 365 918 430 θαρροῦμεν,
959 356 1039 414 ὧν
1073 362 1206 415 ὅσον
1245 362 1474 431 ἄριστον
1511 361 1599 416 ἐπὶ
1632 363 1732 416 τὸν
1763 368 1912 417 Σκυ-

218 455 344 502 θῶν
381 449 765 518 μετενήνεκται
803 451 1060 519 πόλεμον.

335 538 420 590 39.
485 536 661 591 Ταῦθ’
693 538 826 606 ἡμῖν
881 540 1033 609 δῶρα
1080 538 1409 607 Ἰουλιανοῦ,
1437 548 1635 594 ,ταῦτα
1689 540 1915 595 ἐκείνων

134 666 138 674 «
175 647 194 679 5
219 637 330 680 τῶν
369 629 576 695 πόνων,
625 634 797 680 ταῦτα
835 626 1046 696 ἐκείνης
1095 636 1190 697 τῆς
1236 632 1542 699 στρατειάς,
1593 629 1653 692 ὃς
1693 628 1914 699 ἀνθρώ-

220 732 359 777 πους
399 714 773 785 ὀρχουμένους
812 714 901 769 ἐπὶ
939 725 1034 784 τῆς
1065 717 1329 787 ἡμετέρας
1367 716 1617 782 ἐδίδαξεν
1649 715 1785 787 ὑπὲρ
1819 726 1913 787 τῆς

220 803 406 856 αὐτῶν
444 804 676 872 τρέμειν.
754 805 876 858 ἀντὶ
915 806 1128 859 τούτων
1167 803 1271 859 οὖν
1322 808 1412 859 καὶ
1450 811 1674 860 πολλῶν
1714 809 1947 874 ἄλλων,

220 891 255 944 ἃ
293 895 376 955 τίς
416 891 486 945 ἂν
518 894 747 947 δύναιτο
781 895 1052 960 διελθεῖν;
1094 895 1159 948 οὐ
1193 898 1510 964 βοηθήσεις,
1550 895 1618 949 οὐ
1653 898 1912 964 ζητήσεις,

175 1005 195 1035 9
221 981 287 1034 οὐ
349 981 605 1045 κολάσεις
656 985 788 1046 τοὺς
853 983 1281 1047 ἀποκτείναντας
1334 985 1660 1054 ἄνθρωπον
1700 983 1760 1047 ὃς
1819 993 1914 1054 τῆς

130 1084 172 1127 R
196 1083 310 1127 Π61
351 1071 643 1139 ὑστεραίας
677 1068 683 1141 Ι
719 1068 922 1133 ἐδεηξατ
954 1070 1024 1124 ἂν
1061 1074 1358 1142 πρεσβείαν
1397 1073 1550 1142 δῶρα
1586 1074 1734 1142 παρὰ
1770 1077 1914 1143 Περ-

221 1168 336 1212 σῶν
367 1160 631 1228 ἀγουσαν,
672 1159 744 1222 ὡς
782 1160 967 1212 αὐτῶν
1005 1155 1097 1228 ην
1115 1160 1340 1213 ἀκούειν
1379 1160 1632 1226 ἐκείνων;

330 1248 416 1300 40.
482 1247 634 1316 Λάβε
680 1257 895 1317 πεῖραν,
951 1245 994 1301 ὦ
1044 1251 1298 1318 βασιλεῦ,
1352 1258 1446 1318 τῆς
1485 1251 1729 1319 γνώμης,
1779 1250 1915 1314 ἅψαι

219 1345 314 1406 τῆς
345 1333 626 1406 βοηθείας,
657 1335 747 1390 καὶ
781 1340 1012 1408 κεκτήσῃ
1045 1339 1145 1407 τὴν
1175 1339 1361 1407 τύχην.
1430 1341 1595 1392 τοῦτό
1628 1353 1718 1392 σοι
1751 1337 1914 1403 δείξει

219 1425 647 1497 γεωργουμένην
683 1427 785 1495 τὴν
819 1425 1059 1498 Θρᾴκην,
1098 1435 1262 1480 τοῦτο
1299 1428 1659 1497 Θερμοπύλας
1696 1427 1916 1496 ἀνοιγο-

155 1536 197 1570 15
220 1515 411 1583 μένας,
461 1523 625 1568 τοῦτο
673 1517 802 1578 τοὺς
850 1515 1165 1582 ἀλωμένους
1211 1515 1492 1584 ε’πανάξει,
1547 1524 1711 1569 τοῦτο
1756 1535 1915 1584 μετα-

135 1620 145 1640 (
220 1607 439 1673 ποιήσει
470 1605 537 1656 τὰ
567 1611 692 1672 νῦν,
732 1605 828 1666 τὰς
861 1606 1043 1673 φυγὰς
1073 1603 1165 1657 καὶ
1197 1606 1292 1667 τὰς
1324 1604 1547 1669 διώξεις.
1625 1607 1749 1670 ὄψει
1785 1607 1915 1668 τοὺς

221 1693 425 1755 αὐτοὺς
488 1694 820 1763 στρατιώτας
882 1692 1295 1763 ἐρευνωμένους
1355 1695 1457 1763 τὴν
1509 1694 1651 1762 ὕλην
1704 1693 1795 1746 καὶ
1849 1695 1915 1747 τὰ

222 1784 394 1853 ἄντρα
447 1780 539 1835 καὶ
601 1784 730 1845 τοὺς
782 1779 884 1849 μὲν
939 1783 1306 1851 σφάττοντας,
1368 1785 1498 1846 τοὺς
1549 1784 1610 1836 δὲ
1663 1786 1863 1847 ζῶντας
1905 1781 1910 1855 f

343 1969 398 2008 10
430 1965 487 2010 cf.
510 1965 608 2008 or.I
632 1965 703 2008 t.1‘
723 1970 948 2021 p.147‚14
963 1980 1030 2021 sq.
1057 1968 1104 2009 et
1129 1980 1191 2009 or.
1210 1965 1402 2009 XXVIII
1433 1967 1465 2009 t.
1483 1965 1526 2008 II
1548 1981 1592 2022 p.
1614 1969 1780 2021 188,14
1794 1967 1916 2022 sq.R

343 2138 398 2177 10
421 2133 685 2192 ὑστεραίας]
711 2134 814 2189 ἤτοι
836 2140 919 2190 τῆς
944 2135 1125 2190 αὔριον,
1157 2133 1507 2190 προτεραίας
1531 2135 1582 2180 δὲ
1606 2141 1686 2191 τῆς
1708 2134 1915 2192 προχθές

232 2193 299 2236 V²
330 2194 396 2250 (eh
418 2193 525 2236 Vat.
552 2195 625 2249 82)

345 2361 367 2398 1
399 2356 483 2399 τὸν
517 2353 626 2411 όρον
659 2356 703 2400 U
860 2360 884 2398 2
920 2356 995 2400 ἐπὶ
1027 2357 1071 2399 Α
1105 2355 1186 2399 sed
1220 2381 1227 2388 ·
1255 2356 1349 2399 ἀπὸ
1377 2381 1384 2388 ·
1420 2369 1646 2412 suprascr
1674 2356 1743 2399 m²
1820 2357 1914 2402 ἀπὸ

224 2415 299 2458 La
338 2417 346 2471 Ι
382 2415 464 2459 τὸν
496 2428 571 2458 om
597 2417 674 2459 Ba
716 2416 722 2471 1
759 2415 987 2488 Σκυθῶν]
1019 2422 1111 2458 τῶν
1144 2418 1335 2459 σκυθῶν
1368 2416 1506 2459 ΜΒα
1538 2415 1629 2458 edd
1750 2421 1777 2458 4
1809 2418 1856 2459 et
1888 2421 1913 2460 5

222 2471 367 2517 ταῦθ’
395 2474 464 2517 Re
645 2480 670 2518 5
703 2474 764 2524 ὡς
795 2473 851 2518 Ol
928 2472 956 2529 ἢ
988 2487 1232 2530 perperam
1264 2474 1313 2516 in
1344 2478 1386 2518 A
1419 2474 1515 2532 legi
1547 2488 1755 2519 asserens
1786 2475 1855 2519 Re

227 2536 250 2574 7
285 2533 439 2577 αὐτῶν
472 2534 586 2577 Bal
639 2533 816 2578 ἑαυτῶν
847 2533 915 2576 Re
1047 2538 1074 2576 8
1107 2532 1137 2576 ἃ
1168 2531 1238 2583 τίς
1270 2534 1434 2589 scripsi
1466 2547 1522 2576 ex
1553 2535 1823 2578 ABMBaI
1884 2552 1914 2578 α

222 2607 293 2642 τις
313 2591 483 2648 reliqui
499 2591 610 2636 libri
625 2592 716 2636 edd
743 2595 791 2650 Ι,
821 2594 929 2648 post
952 2594 1159 2636 διελθεῖν
1182 2593 1318 2648 posui
1428 2598 1479 2636 12
1505 2592 1644 2650 λαβὲῗ
1761 2597 1814 2635 13
1840 2609 1913 2637 κε-

225 2649 367 2706 κτήση
386 2651 462 2694 Βα
487 2652 568 2694 sed
592 2669 620 2695 κ
638 2654 698 2709 (2)
724 2665 825 2695 eras
949 2655 1004 2693 14
1027 2650 1162 2694 τοῦτό
1189 2666 1262 2695 σοι
1278 2653 1389 2696 Ba]
1403 2651 1461 2695 Ol
1475 2652 1599 2695 Fabr
1720 2657 1773 2695 15
1798 2651 1914 2695 ἁλω-

224 2708 392 2765 μένους
425 2710 569 2754 O'BM
599 2710 656 2754 Ol
680 2710 804 2754 Fabr
948 2715 1000 2753 16
1034 2718 1180 2755 τανῦν
1204 2712 1335 2755 BVI
1360 2712 1442 2754 sed.
1473 2712 1522 2753 in
1553 2710 1640 2754 hoc
1665 2710 1674 2725 “
1710 2723 1851 2767 supra
1883 2727 1913 2754 α

223 2782 308 2823 pos
333 2768 402 2810 m³
429 2769 435 2824 Ι
464 2768 559 2827 ὄψῃ
592 2768 648 2813 Ol
672 2770 795 2813 Fabr
947 2773 999 2812 17
1034 2769 1201 2813 ἑαυτοῦ
1234 2771 1308 2814 La
1331 2780 1338 2792 ³
1384 2776 1555 2814 σαυτοῦ
1594 2770 1640 2814 U
1665 2771 1712 2813 effi
1743 2783 1798 2812 ex
1829 2769 1913 2813 αὐ-

224 2827 332 2876 τοὺς
363 2841 466 2870 corr
487 2827 559 2871 P²
593 2830 640 2872 etz
672 2830 776 2872 coni
801 2827 858 2872 Ol
920 2841 995 2871 om
1020 2830 1097 2872 Ra
1125 2833 1130 2885 Ι
1159 2827 1569 2885 διερεύνονμένους
1601 2829 1676 2872 La
1736 2829 1913 2882 διερευ-

225 2885 460 2940 νωμένους
484 2885 629 2930 Cobet
651 2887 779 2931 Mise.
795 2892 893 2942 167,
924 2887 1122 2930 fortasse
1154 2887 1512 2943 praeferendum
1537 2887 1639 2931 coll.
1658 2886 1729 2930 t.1
1747 2891 1845 2941 149,
1863 2891 1911 2942 83

224 2946 258 2987 t.
284 2945 325 2987 II
353 2950 419 3000 19,
439 2950 520 2999 223
552 2950 652 3001 336,
672 2950 727 2989 20
881 2950 935 2989 18
967 2949 1135 2998 ζῶντος
1166 2946 1223 2990 Ol
1247 2946 1370 2989 Fabr
1402 2947 1527 3002 quod
1559 2959 1660 2989 corr
1682 2946 1751 2989 Re
1774 2946 1913 2988 Anim
