2060 3162
687 153 915 197 LIBANII
946 150 1170 197 ORATIO
1202 151 1286 197 XV
1735 151 1837 204 137

156 291 479 361 λευμένους,
516 296 625 342 ποῦ
664 289 756 342 καὶ
793 291 922 342 πότε
961 290 1046 341 δεῖ
1083 289 1185 357 τὴν
1222 289 1420 357 κοινὴν
1459 287 1719 357 εὐτυχίαν
1757 285 1843 341 ε’κ-

156 389 356 450 τεμεῖν,
409 376 626 447 ἐλέγξας
675 374 777 445 μὲν
821 376 912 430 καὶ
962 377 1328 446 μεμψάμενος,
1378 384 1490 430 τῶν
1539 384 1735 445 ψυχῶν
1782 372 1843 428 δὲ

158 470 261 524 οὐκ
305 468 703 537 ἀποστερήσας,
757 464 844 535 ἐφ’
882 460 925 537 ᾧ
969 466 1062 524 ,καὶ
1107 469 1318 535 μᾶλλον
1362 466 1464 534 τὴν
1511 463 1844 533 οἰκουμένην

158 558 189 627 ἣ
229 566 343 620 τοῖς
386 558 670 626 τροπαίοις
716 552 987 624 ἐξέπληξε,
1042 556 1212 621 νόμος
1255 549 1325 622 ἦν
1371 562 1435 624 τῇ
1479 555 1602 607 τότε
1648 556 1845 622 φιλαν-

156 648 380 716 θρωπίᾳ
411 643 604 714 φέρειν
633 653 746 697 τῶν
777 641 1096 714 ἀρχομένων
1126 643 1222 706 τὰς
1252 645 1631 711 πλημμελείας.
1692 643 1844 712 τήρει
1891 661 1911 695 5

159 738 228 804 δή
264 753 359 804 μοι
395 734 497 786 τὸν
535 735 711 801 νόμον
749 731 1013 802 ἀκίνητον
1050 731 1143 785 καὶ
1181 740 1298 795 τοῖς
1337 730 1661 800 ἐνεγκοῦσιν
1695 727 1848 784 ἕπαι-
1956 715 1961 721 θ

159 843 261 877 νον
313 822 471 892 ἕτερα
524 824 831 892 προστίθει.
906 821 993 873 44.
1056 821 1147 874 καὶ
1200 822 1305 889 γὰρ
1360 817 1493 873 οὐδὲ
1545 821 1611 872 τὰ
1669 819 1848 872 πάντα

157 917 374 982 πονηρᾷ
419 913 612 981 σπείσῃ
657 912 816 964 πόλει
856 909 988 963 οὐδὲ
1027 908 1080 974 ἐξ
1121 909 1385 972 ἀπονοίας
1430 907 1521 962 καὶ
1566 909 1848 979 θρασύτη-

158 1020 249 1064 τος
286 998 379 1053 καὶ
408 1000 621 1069 ὕβρεως
658 997 750 1053 καὶ
780 1007 892 1052 τῶν
923 1001 1213 1069 χειρίστων
1251 996 1683 1067 γιγνωσκομένῃ,
1723 994 1839 1049 ἀλλ’

160 1091 206 1142 εἰ
247 1089 415 1152 δίδως
453 1090 647 1157 εἰπεῖν,
692 1095 856 1141 τοῦτο
896 1096 1119 1157 πρῶτον
1165 1085 1545 1158 ἐγκεκλημένῃ.
1623 1086 1711 1139 διὸ
1757 1086 1848 1139 καὶ
1873 1106 1916 1139 ιο

161 1186 443 1231 συνειπεῖν
483 1176 748 1246 ἐπείσθην
786 1179 1026 1246 νομίζων
1071 1178 1299 1230 ἔσεσθαι
1337 1177 1403 1229 τὰ
1449 1177 1701 1246 πρόσθεν
1738 1184 1850 1228 τῶν

161 1268 487 1320 τελευταίων
531 1268 879 1336 παραίτησιν,
935 1263 1051 1318 ἐπεὶ
1096 1265 1186 1318 καὶ
1232 1274 1345 1318 τῶν
1391 1264 1707 1335 ἀνθρώπων
1751 1265 1851 1319 τὸν

160 1356 261 1423 μὲν
313 1357 678 1425 παμπόνηρον
735 1355 824 1407 καὶ
879 1352 1329 1424 λυσιτελεστέραν
1389 1353 1702 1422 ἡγούμενον
1754 1360 1851 1421 τῆς

162 1443 450 1507 ἐπιεικείας
487 1445 588 1513 τὴν
625 1446 823 1497 κακίαν
868 1452 1051 1512 μισεῖν
1099 1443 1184 1496 δεῖ
1229 1443 1318 1495 καὶ
1366 1441 1672 1495 ἀπολλύναι
1717 1459 1850 1494 παν-

163 1534 252 1595 τὸς
292 1533 472 1586 εἵνεκα
508 1534 655 1601 βίου,
694 1538 768 1603 τῷ
804 1528 864 1584 δὲ
896 1531 1037 1595 ὅλως
1074 1528 1176 1600 μὲν
1213 1532 1431 1602 μετρίῳ,
1473 1529 1747 1601 δεξαμένῳ
1786 1526 1849 1582 δὲ
1873 1549 1915 1582 15

166 1621 344 1673 αἰτίαν
380 1629 487 1683 πᾶς
524 1619 596 1674 ἂν
633 1621 852 1683 εἰκότως
888 1617 980 1672 καὶ
1016 1619 1355 1687 συνάχθοιτο
1394 1618 1485 1671 καὶ
1522 1620 1776 1687 βοηθοίη.

275 1708 362 1760 45.
395 1706 472 1760 ‘H
501 1711 660 1771 πόλις
697 1709 852 1777 αὕτη,
895 1709 988 1761 ἵνα
1026 1708 1093 1760 τὰ
1130 1709 1462 1778 παλαιότερα
1500 1717 1681 1777 παρῶ,
1713 1725 1852 1760 πυν-

166 1795 447 1866 θανομένη
502 1811 604 1850 σου
650 1798 746 1860 τὰς
791 1797 915 1866 περὶ
955 1795 1151 1865 Ῥῆνον
1204 1796 1376 1866 μάχας
1420 1794 1508 1849 καὶ
1559 1797 1715 1859 νίκας
1760 1794 1853 1848 καὶ

167 1886 347 1953 λόγων
387 1885 720 1956 ἀπεργασίας
758 1886 847 1938 καὶ
887 1886 988 1954 τὴν
1026 1886 1199 1954 ἄλλην
1239 1885 1438 1955 ἀρετὴν
1477 1885 1716 1956 δημοσίᾳ
1753 1881 1853 1952 μὲν

170 1974 272 2026 οὐκ
303 1971 505 2042 ηὔξατο
537 1983 653 2037 τοῖς
683 1979 839 2037 θεοῖς
871 1974 975 2043 σὴν
1006 1972 1268 2042 γενέσθαι
1303 1974 1405 2043 τὴν
1434 1981 1558 2042 γῆν,
1597 1973 1664 2026 οὐ
1703 1974 1808 2043 γὰρ
1843 1973 1849 2043 Ι
1877 1993 1920 2026 20

170 2060 313 2130 ἐξῆν,
368 2061 497 2115 καθ’
544 2062 713 2116 αὑτὸν
775 2063 837 2115 δὲ
890 2061 1116 2125 ἕκαστος
1163 2061 1196 2131 ἢ
1247 2063 1382 2115 κατὰ
1436 2063 1742 2131 συμμορίας
1794 2074 1943 2117 3466

285 2198 310 2235 2
345 2193 400 2237 cf.
425 2208 470 2250 p.
498 2198 569 2248 39,
588 2198 720 2250 12sq.

285 2316 313 2353 4
361 2309 388 2367 ἢ
421 2312 595 2356 inserui
635 2327 740 2356 cum
770 2312 838 2356 Re
869 2311 1174 2356 Boissonadio
1206 2311 1381 2356 Anecd.
1406 2310 1470 2354 IV
1497 2315 1579 2354 196
1620 2312 1667 2354 et
1698 2310 1854 2354 Gasda

169 2383 194 2413 e
220 2369 379 2414 V1²M
399 2370 500 2414 Par.
528 2375 642 2415 3017
676 2384 751 2414 om
781 2371 952 2427 reliqui
981 2370 1090 2414 libri
1122 2371 1213 2415 edd
1256 2373 1262 2427 Ι
1304 2368 1517 2426 ἐξέπληξε
1549 2369 1714 2426 scripsi
1738 2382 1763 2412 e
1789 2370 1862 2413 VI

169 2429 250 2473 sed
274 2428 324 2472 in
346 2429 434 2473 hoc
466 2431 513 2484 ξε
544 2431 595 2474 in
616 2443 693 2473 ras
722 2430 805 2484 m',
841 2433 903 2475 M
929 2430 996 2487 (in
1018 2443 1151 2487 marg
1181 2428 1398 2486 ἐξέπλησε
1421 2428 1508 2486 m')
1540 2430 1588 2473 et
1609 2429 1712 2472 Par.
1739 2432 1853 2471 3017

170 2501 273 2530 cum
296 2487 602 2533 Boissonadio
633 2489 710 2533 1.1.
796 2487 1042 2545 ἐξέπληξας
1076 2491 1120 2535 U
1195 2487 1465 2545 ἐξέπλησσεν
1492 2488 1531 2533 Ο
1558 2488 1640 2531 sed
1671 2501 1697 2531 σ
1725 2487 1855 2543 prius

170 2560 407 2603 suprapos.
439 2549 473 2604 f,
499 2548 590 2592 edd
667 2547 906 2604 ἐξέπλησεν
930 2549 977 2592 A
1044 2546 1258 2604 ἐξέπλησε
1280 2549 1327 2592 P
1355 2547 1438 2591 sed
1469 2563 1490 2590 ε
1521 2548 1583 2604 (3)
1613 2546 1663 2590 in
1686 2560 1762 2589 ras
1786 2545 1856 2589 m²

174 2606 179 2663 l
215 2612 268 2663 τῇ
300 2604 402 2650 τότε
435 2605 773 2663 φιλανθρωπία
806 2607 970 2663 scripsi
995 2609 1183 2651 auctore
1207 2607 1276 2650 Re
1350 2606 1380 2662 ἡ
1413 2607 1616 2662 (suprap.
1645 2605 1723 2662 Cf)
1755 2603 1856 2649 τότε

172 2664 506 2721 φιλανθρωπία
536 2666 646 2710 libri
677 2651 769 2710 edd
941 2671 967 2710 5
998 2663 1271 2723 πλημελείας
1294 2666 1391 2709 PV
1563 2669 1590 2708 8
1622 2662 1725 2710 οὐδ’
1754 2666 1800 2708 Ρ

172 2726 198 2765 9
229 2723 543 2799 γινωσκομένη
570 2726 655 2793 ῙῙῌ
777 2729 832 2768 10
865 2721 929 2769 δι’
951 2723 975 2769 ὃ
999 2726 1031 2768 Ι
1150 2730 1203 2768 11
1229 2721 1426 2780 ἐπείσθη
1451 2724 1495 2768 U
1542 2781 1553 2796 x
1612 2728 1665 2767 12
1689 2730 1782 2767 τῶν
1802 2749 1852 2754 -

175 2786 228 2825 16
261 2783 463 2840 βοηθοίη
497 2785 660 2828 citant
690 2783 862 2827 Macar.
896 2782 1054 2840 Chrys.
1079 2783 1158 2828 fol.
1185 2787 1241 2826 88
1405 2787 1459 2826 13
1507 2799 1590 2838 μεν
1623 2797 1698 2826 om
1728 2782 1796 2825 Re

176 2843 231 2882 14
260 2843 366 2897 post
387 2842 472 2899 τὴν
503 2856 579 2886 ras
605 2847 630 2885 2
658 2841 739 2885 litt
761 2843 796 2886 I
926 2846 979 2885 15
1013 2840 1099 2886 ὄλω
1126 2842 1197 2901 ΠΙ
1224 2839 1415 2899 μετρίως
1437 2841 1597 2886 Macar
1718 2845 1771 2883 17
1799 2838 1861 2882 ‘H

175 2896 226 2942 δὲ
255 2899 388 2950 πόλις
412 2899 568 2944 Gasda
690 2905 744 2944 19
777 2899 1063 2957 ἀπεργασίας
1085 2902 1131 2945 Β
1163 2901 1244 2944 sed
1276 2917 1332 2950 ας
1361 2900 1411 2943 in
1432 2913 1509 2944 ras
1533 2899 1603 2943 m²
1630 2900 1636 2957 Ι
1664 2899 1743 2943 καὶ
1773 2898 1855 2954 τὴν

178 2954 315 3013 ἄλλην
354 2959 522 3015 ἀρετὴν
567 2960 616 3003 in
648 2973 782 3017 marg
812 2959 870 3002 1⁸
990 2964 1043 3003 21
1078 2959 1246 3004 ἑαυτὸν
1279 2959 1369 3003 edd
