2060 3162
641 144 871 189 LIBANII
902 143 1127 188 ORATIO
1158 143 1287 188 XXV
1690 143 1796 196 541

102 283 301 334 νατόν
351 278 530 334 ἐστιν
580 280 954 350 ἀποφυγεῖν
1006 280 1112 333 καὶ
1158 285 1301 351 θεῷ.
1375 280 1534 333 ταυτὶ
1580 276 1683 348 μὲν
1730 280 1797 347 δὴ

104 366 352 440 χαιρέτω,
391 371 612 439 Μοίρας
652 370 712 423 δὲ
749 369 1015 438 ἡγώμεθα
1077 370 1084 438 Ι
1149 369 1286 431 θεάς
1323 388 1476 432 τινας
1516 364 1659 422 εἶναι
1709 380 1752 424 R
1774 379 1890 423 1165

106 461 172 513 τὰ
220 458 323 526 μὲν
375 467 488 511 τῶν
543 458 861 528 ἀνθρώπων
916 458 1204 527 ὁριζούσας
1257 459 1479 526 νήματι,
1534 463 1687 510 θεῶν
1742 454 1804 509 δὲ

106 558 218 601 τῶν
242 549 427 600 ἄλλων
451 548 579 600 οὔτε
605 546 961 616 ἰσχυροτέρας
984 547 1113 600 οὔτε
1139 546 1554 615 ἀσθενεστέρας.
1614 546 1661 599 8.
1693 556 1806 599 τῶν

109 638 179 705 δὴ
234 638 563 706 φασκόντων
614 635 929 704 ἐλευθέρων
977 631 1118 688 εἶναι
1166 643 1330 688 τοῦτο
1376 644 1597 705 πρῶτον
1644 634 1807 703 ἀφαι-
1853 654 1874 687 5

110 734 283 795 ρεῖται
315 727 416 794 τὴν
440 723 771 794 ἐλευθερίαν
794 726 855 777 τὸ
888 726 960 794 μὴ
995 721 1138 777 εἶναι
1170 725 1370 792 κύριον
1402 723 1516 777 ἄττ’
1539 723 1610 776 ἂν
1639 723 1804 794 ἐθέλῃ

110 815 269 884 δρᾶν,
308 813 426 867 ἀλλ’
456 815 807 883 ἠναγκάσθαι
848 815 1108 883 πράττειν
1159 813 1277 866 ὅσα
1316 813 1377 866 οἱ
1416 809 1635 882 <Αἷσα>
1674 832 1808 882 γει-

109 902 364 975 νομένῳ
397 901 671 972 ἐπένησε
712 906 894 975 λίνῳ,
935 903 1040 956 ὅτε
1070 923 1183 970 μιν
1213 902 1356 955 τέκε
1394 905 1616 971 μήτηρ.
1681 903 1807 954 ἰδοὺ

114 993 239 1063 γάρ,
278 993 550 1061 βούλομαι
589 996 749 1045 πλεῖν
779 990 872 1045 καὶ
904 991 1010 1044 ἀπὸ
1044 991 1283 1061 λιμένων
1315 991 1640 1060 ἐργάζεσθαι
1680 993 1811 1060 χρή-

111 1101 277 1149 ματα,
331 1082 364 1150 ἡ
405 1081 466 1134 δὲ
505 1084 698 1149 Μοῖρα
744 1078 834 1133 ἐπὶ
872 1088 980 1149 γῆν
1017 1080 1080 1134 τέ
1113 1101 1179 1150 με
1226 1081 1347 1149 ἄγει
1396 1079 1486 1133 καὶ
1533 1082 1672 1148 βοῦς
1717 1079 1809 1133 καὶ
1833 1099 1876 1132 10

113 1172 284 1223 ἄλοκα
331 1169 423 1223 καὶ
464 1171 680 1239 σπορὰν
725 1170 816 1222 καὶ
857 1168 1135 1239 δρέπανον
1181 1168 1271 1222 καὶ
1312 1170 1450 1237 ἅλω,
1505 1167 1593 1222 καὶ
1644 1168 1812 1238 ἀφελ-

114 1259 345 1321 κυσθεὶς
385 1254 463 1311 ὧν
503 1257 842 1326 ἐπεθύμουν,
890 1258 950 1311 ἐν
991 1251 1074 1321 οἷς
1122 1258 1222 1311 οὐκ
1264 1258 1439 1311 ἐθέλω
1482 1261 1575 1326 ζῶ,
1628 1259 1810 1326 ὥσπερ

113 1346 297 1417 ἕτερος
343 1356 450 1416 γῆν
497 1347 823 1416 ἐργάζεσθαι
861 1347 1049 1400 θέλων
1098 1346 1189 1399 καὶ
1236 1348 1404 1417 μικρὰ
1451 1348 1586 1416 μετὰ
1636 1346 1814 1415 ἀσφα-

114 1438 263 1498 λείας
317 1438 461 1505 ἔχειν
523 1435 631 1488 ὑπὸ
685 1444 781 1504 τῆς
830 1438 1053 1504 Μοίρας
1114 1437 1194 1498 εἰς
1247 1443 1392 1488 ναῦν
1454 1435 1814 1504 ἐμβιβασθεὶς

116 1525 239 1578 ἀντὶ
292 1533 389 1594 τῆς
443 1524 686 1594 ἀρούρας
739 1524 975 1592 πέλαγος
1027 1524 1209 1591 τέμνει
1262 1531 1438 1596 μικρῷ
1494 1523 1646 1595 μέρει
1700 1534 1813 1578 τῶν
1837 1545 1879 1578 15

115 1616 316 1684 τοίχων
355 1614 651 1683 ὃιεστηκὼς
688 1614 956 1667 θανάτου.
1026 1614 1191 1676 ἄλλος
1230 1612 1374 1682 ἐρῶν
1413 1614 1705 1684 ῥητορικῆς
1737 1615 1815 1677 εἰς

117 1704 483 1772 παιδοτρίβου
533 1704 830 1771 πεφοίτηκε
879 1701 971 1755 καὶ
1020 1702 1125 1756 ἀπὸ
1173 1703 1358 1772 ῥώμης
1397 1703 1681 1772 εὐδοκιμεῖ
1722 1705 1814 1757 καὶ

120 1791 399 1860 στέφανον
437 1790 492 1855 ἐξ
517 1790 815 1859 Ὀλυμπίας
850 1801 1030 1862 φορεῖ,
1070 1791 1099 1845 ὁ
1132 1789 1194 1845 δὲ
1227 1791 1369 1861 ἐρῶν
1401 1792 1682 1861 στεφάνου
1712 1799 1814 1845 τοῦ

122 1879 180 1932 ἐκ
220 1882 401 1949 Πίσης
448 1879 509 1933 ἐν
555 1882 739 1948 λόγοις
786 1879 1017 1948 ἐγένετο.
1103 1881 1151 1933 9.
1206 1882 1295 1934 καὶ
1345 1881 1485 1944 ὅλως
1534 1878 1814 1950 πολλαχοῦ

120 1968 292 2037 μάχας
331 1967 401 2020 ἂν
440 1967 594 2037 εὕροι
632 1988 715 2031 τις
753 1967 1070 2039 ἐπιθυμιῶν
1107 1988 1165 2028 τε
1196 1969 1286 2022 καὶ
1318 1972 1555 2039 Μοιρῶν
1592 1968 1684 2023 καὶ
1714 1971 1816 2038 τὴν
1841 1990 1884 2022 20

242 2156 267 2193 3
300 2150 519 2197 Phanocl
546 2152 670 2195 Erot.
699 2157 739 2206 2,
760 2158 796 2197 1.
832 2152 877 2197 C.
896 2152 929 2196 Ι.
949 2151 1000 2196 G.
1021 2157 1135 2196 6092
1169 2152 1356 2209 (Kaibel
1379 2153 1525 2210 epigr.
1547 2154 1711 2209 10842)
1731 2158 1756 2196 2
1812 2204 1815 2205 ⁷

126 2214 149 2252 7
183 2209 233 2253 Il.
259 2228 288 2255 v
314 2216 412 2254 127.
448 2211 505 2256 cf.
539 2230 573 2256 ω
598 2216 684 2255 209
809 2218 862 2256 15
896 2214 1023 2257 Arat.
1048 2212 1221 2256 Phaen.
1248 2217 1333 2256 299

244 2386 270 2424 2
314 2380 538 2440 χαίρειν
585 2383 640 2427 οὐ
673 2381 820 2439 μόνον
858 2382 934 2426 ἐπὶ
976 2389 1059 2439 τῆς
1099 2383 1290 2440 ἡδονῆς,
1336 2382 1451 2427 ἀλλὰ
1493 2383 1574 2426 καὶ
1617 2383 1694 2427 ἐπὶ
1735 2389 1817 2427 τοῦ

126 2439 418 2495 φθείρεσθαι
449 2441 518 2485 B’
549 2443 622 2498 (=
647 2442 810 2487 Thom.
836 2441 896 2486 M.
930 2458 974 2499 p.
1001 2447 1101 2497 392,
1121 2447 1146 2486 6
1179 2458 1213 2486 s.
1238 2457 1280 2487 v.
1312 2440 1510 2500 χαίρειν)

249 2608 275 2647 5
304 2610 487 2658 πρῶτος
511 2605 596 2648 Mo
717 2609 743 2648 6
767 2601 868 2648 ἅττ’
890 2622 951 2649 αν
975 2603 1114 2663 ἐθέλῃ
1140 2605 1306 2662 scripsi
1331 2617 1355 2648 e
1373 2605 1475 2647 BV
1528 2604 1643 2648 ἅττα
1669 2603 1820 2650 ἐθέλει

127 2661 299 2717 reliqui
330 2662 441 2706 libri
472 2663 565 2706 edd
686 2667 709 2706 ’7
744 2662 864 2708 ἅσσα
895 2663 1008 2707 olim
1039 2650 1216 2708 co¹nieci
1248 2663 1365 2707 Mus.
1395 2663 1542 2708 Rhen.
1569 2663 1740 2707 XXXII
1763 2667 1820 2707 88

132 2722 138 2780 Ι
161 2719 195 2777 ἡ
220 2728 360 2778 μοῖρα
385 2721 430 2765 οι
455 2722 644 2766 coniRe
669 2718 827 2823 &Alcon
851 2723 1026 2766 inserui
1050 2723 1160 2779 (1.1.)
1188 2727 1194 2779 l
1221 2721 1477 2797 γειναμένῳ
1502 2723 1544 2766 V
1660 2728 1686 2766 8
1712 2723 1819 2766 ἰδοὺ

131 2807 187 2812 -
222 2785 275 2824 18
308 2788 449 2837 φορεῖ
485 2780 602 2825 citat
631 2780 668 2823 P
690 2794 750 2824 an
781 2780 862 2825 fol.
889 2786 974 2826 104
1138 2788 1190 2825 11
1241 2781 1387 2826 ἄλοκα
1418 2781 1468 2825 in
1499 2781 1681 2826 αὔλακα
1720 2795 1822 2825 con·

141 2839 208 2883 V²
268 2839 426 2883 ἅλωκα
447 2841 558 2885 ΒΜ
615 2840 760 2897 ἄλογα
785 2842 871 2885 Mo
894 2841 997 2885 Mor
1023 2842 1029 2900 1
1056 2842 1138 2885 καὶ
1162 2840 1343 2895 σπορὰν
1367 2867 1423 2873 --
1449 2840 1542 2885 ἅλω
1567 2855 1642 2884 om
1666 2840 1785 2884 Plan
1809 2840 1817 2898 Ι

12 2926 19 2955 5
134 2899 436 2953 ἐφελκυσθεὶς
458 2898 560 2942 Mor
683 2904 735 2942 12
770 2896 834 2944 ὧν
864 2913 920 2943 ex
950 2900 1012 2951 ὡς
1043 2914 1144 2944 corr
1170 2899 1278 2944 Mo²
1398 2905 1452 2943 13
1485 2897 1584 2956 μετ’
1610 2900 1729 2943 Plan
1752 2899 1821 2942 Re

0 2939 22 3162 ,ᾖ
196 2963 248 3000 19
279 2956 448 3014 πίσσης
478 2958 524 3001 Β
646 2964 701 3002 2ο
734 2959 815 3002 καὶ
844 2958 929 3015 τὴν
961 2985 1018 2991 -
1051 2964 1194 3015 5421
1228 2962 1427 3015 Μοιρῶν
1458 2973 1534 3003 om
1567 2960 1640 3005 ΠΙ
