2060 3162
229 124 338 176 232
722 124 950 168 LIBANII
981 124 1205 170 ORATIO
1236 125 1386 171 XVIII

340 265 565 325 Epistola
602 264 838 313 Diamoni
875 266 941 314 ad
977 266 1327 314 Iustimianum.
1404 273 1546 330 τιμῆς
1584 263 1777 329 ἁπάσης

345 340 671 398 Xenophontis
711 339 831 387 liber
859 340 1056 399 primus
1096 335 1334 404 [Hellen]
1375 338 1490 404 μετὰ
1529 337 1582 389 δὲ
1620 347 1770 388 ταῦτα

347 411 543 472 Georyii
578 413 836 468 PlethoniS,
876 413 1083 460 Diodori
1118 413 1284 470 Siculi,
1323 411 1547 475 Appiam·
1585 417 1823 474 quaedam

346 485 542 547 Georyii
579 486 821 534 Plethom's
859 487 917 535 de
954 487 1120 535 Medis
1157 488 1321 536 Persis
1349 486 1572 549 Assyriis
1617 486 1670 536 τὸ
1709 486 1919 537 παλαιὸν

231 558 351 609 κατὰ
389 558 478 623 τὴν
518 559 680 608 Ἀσίαν

344 633 579 682 Aristidis
618 632 959 700 πρεσβευτικὸς
997 632 1118 700 πρὸς
1157 632 1363 699 Ἀχιλλέα
1402 639 1445 684 et
1481 637 1719 696 quaedam
1757 637 1873 686 alia.

341 708 505 756 Antea
535 707 632 755 fuit
665 707 864 756 Caroli
896 708 1158 757 cardinalis
1192 724 1222 756 a
1253 709 1650 773 Lotharingia
1682 713 1731 758 et
1763 710 1919 758 archi-

237 782 455 845 episcopi
491 781 744 830 Remensis
758 775 815 847 1),
858 782 937 830 cui
977 781 1326 831 Constantinus
1364 784 1450 831 ille
1488 783 1829 846 Palaeocappa
1867 783 1920 831 in

235 856 485 905 codicibus
526 855 781 904 exarandis
822 872 1021 918 operam
1058 872 1198 904 suam
1237 857 1434 906 dicavit.
1448 851 1489 924 2)
1565 857 1724 906 Hodie
1763 873 1921 920 neque

235 931 337 978 iam
374 931 429 978 in
465 930 556 978 illa
592 930 891 978 bibliotheca
930 932 1090 979 exstat
1126 947 1284 992 neque
1329 931 1381 978 in
1418 932 1520 979 ullo
1561 933 1658 979 alio
1699 932 1921 980 codicum

236 1004 557 1067 superstitum
611 1020 722 1051 eum
774 1019 1119 1067 recognoscere
1172 1019 1384 1066 possum.
1469 1004 1564 1053 Sed
1617 1008 1674 1054 ut
1726 1006 1805 1054 vel
1858 1006 1921 1053 iis

238 1095 363 1141 quae
395 1094 451 1127 eo
484 1077 798 1126 continentur
826 1078 1079 1140 probatur,
1111 1094 1267 1141 neque
1291 1081 1538 1128 vetustate
1569 1095 1730 1142 neque
1760 1081 1921 1143 pretio

234 1152 443 1216 insignis
482 1152 592 1200 fuit.

353 1314 418 1362 Ut
469 1329 633 1363 omnes
687 1314 740 1362 hi
793 1314 979 1363 codices
1035 1315 1098 1362 ad
1151 1331 1307 1363 unum
1360 1317 1568 1364 stemma
1619 1317 1923 1376 revocentur,

238 1391 386 1452 plane
423 1388 529 1436 fieri
567 1405 665 1437 non
703 1390 888 1452 potest3
927 1389 1011 1437 sed
1050 1405 1110 1437 ne
1149 1386 1186 1436 ii
1225 1389 1421 1451 quidem
1462 1405 1582 1451 quos
1622 1389 1923 1437 adhibendos

240 1479 343 1513 esse
391 1464 556 1511 censui
598 1461 827 1512 GABMo
840 1463 1170 1519 VLaIMPU,
1221 1479 1521 1526 quamquam
1571 1463 1632 1511 ad
1683 1463 1803 1511 duas
1849 1464 1922 1510 fa-

237 1539 401 1586 milias
440 1538 662 1585 revocari
706 1538 932 1598 possunt,
979 1538 1163 1585 mixtae
1201 1539 1493 1586 recensionis
1532 1538 1755 1600 vestigiis
1793 1537 1925 1598 privi

241 1614 368 1660 sunt.
437 1611 593 1659 Immo
634 1611 853 1659 confusio
885 1611 1151 1658 lectionum
1180 1611 1337 1659 multo
1374 1612 1534 1659 maior
1572 1613 1646 1659 est
1685 1626 1834 1673 quam
1871 1612 1924 1657 in

239 1680 525 1734 eMonodia'.
601 1684 732 1732 Nam
770 1701 867 1733 non
907 1675 1065 1733 solum
1114 1686 1165 1734 U
1205 1701 1414 1747 quocum
1450 1686 1498 1732 P
1529 1687 1631 1733 fere
1669 1685 1923 1745 consentit,

241 1760 325 1809 sed
363 1760 514 1807 etiam
552 1759 601 1805 B
642 1774 666 1806 e
704 1759 861 1806 mixta
898 1759 1041 1806 fluxit
1077 1761 1376 1819 recensione,
1421 1760 1494 1807 ita
1531 1762 1697 1807 tamen
1734 1761 1791 1806 ut
1828 1758 1933 1807 PU

242 1833 401 1881 multo
440 1834 599 1896 magis
640 1848 750 1880 cum
787 1832 980 1880 familia
1016 1833 1241 1895 secunda,
1280 1833 1330 1880 B
1370 1849 1480 1881 cum
1511 1834 1614 1889 Mo,
1652 1833 1925 1895 propagine

241 1908 461 1955 familiae
514 1907 717 1968 prioris,
770 1906 936 1955 faciat.
1013 1905 1153 1962 Quod
1206 1923 1322 1955 cave
1376 1908 1607 1970 neglegas
1661 1907 1923 1968 inspiciens

243 1982 450 2029 stemma
496 1979 559 2026 ad
596 1980 1002 2028 necessitudinem
1050 1980 1270 2028 codicum
1321 1982 1487 2043 potius
1537 1979 1923 2027 adumbrandam

244 2070 392 2116 quam
430 2053 788 2116 depingendam
827 2069 857 2100 a
896 2069 972 2101 me
1011 2055 1343 2116 propositum:

365 2238 406 2293 1)
437 2236 751 2291 Montfaucon,
783 2237 1021 2293 Palaeogr.
1055 2253 1121 2295 gr.
1155 2253 1199 2294 p.
1225 2237 1405 2282 XXVII.

362 2299 406 2354 2)
439 2295 503 2340 Cf.
537 2295 674 2341 Henr.
703 2295 892 2351 Omont,
930 2296 1191 2340 Inventaire
1234 2297 1478 2340 sommaire
1518 2297 1598 2340 des
1645 2296 1923 2340 manuscrits

245 2369 375 2413 grecs
414 2355 494 2399 des
533 2355 877 2410 bibliotheques
917 2355 997 2399 des
1028 2355 1383 2411 Departements
1424 2355 1637 2412 (Cabinet
1667 2356 1926 2410 historique

248 2419 360 2458 1883
403 2430 448 2471 p.
483 2417 585 2471 203)
629 2416 676 2459 et
712 2414 850 2470 Leop.
886 2413 1033 2470 Cohn,
1075 2414 1239 2458 Philol.
1280 2415 1511 2458 Abhandl.
1545 2415 1604 2458 M.
1638 2414 1778 2459 Hertz
1821 2414 1924 2456 dar-

244 2475 471 2531 gebracht
500 2489 544 2530 p.
565 2478 664 2520 124.
1908 2484 1911 2487 ’
