2060 3162
673 77 901 122 LIBANII
931 75 1156 121 ORATIO
1187 76 1337 122 XVHI
1753 76 1862 129 223

170 234 263 282 pus
316 234 346 267 a
391 233 507 266 nece
554 217 739 265 Iuliani
782 217 1056 278 primisque
1101 216 1464 265 incursionibus
1518 216 1694 264 harum
1748 232 1863 280 gen-

168 294 298 340 tium
334 292 571 340 remotius
611 306 668 339 ea
706 292 930 339 revocari
967 305 1110 352 posse
1150 290 1401 339 concedas.

282 366 348 414 Et
387 365 449 413 ad
485 364 632 412 initia
677 364 874 426 imperii
921 364 1162 425 „fratrum
1199 361 1599 412 Pannoniorum“
1650 364 1865 426 pertinet

170 439 397 503 Eunapio
417 432 458 505 1)
518 440 716 486 auctore
769 438 1044 501 ignominia
1101 437 1316 485 Maximo
1370 438 1666 500 philosopho
1719 437 1864 484 illata

170 529 321 575 quam
358 511 596 560 Libanius
642 510 803 560 verbis
849 528 895 574 p.
932 513 1054 572 620,
1082 511 1175 558 1R
1218 510 1512 573 φιλοσόφων
1563 508 1615 559 δὲ
1665 508 1864 575 ἀνδρῶν

168 585 397 645 αἰκίζεται
436 584 635 649 σώματα
674 585 1002 632 adumbravit.

278 659 553 707 Verborum
604 661 770 707 autem
817 658 996 721 quibus
1046 660 1206 707 terrae
1256 660 1420 706 motus
1459 658 1647 706 Iuliani
1693 673 1863 706 necem

168 736 361 782 secutos
375 726 415 799 2)
458 733 693 780 describit
733 725 803 798 (p.
831 734 952 794 621,
981 725 1178 797 7sq.R)
1219 728 1249 794 ἡ
1292 729 1393 795 μέν
1417 749 1470 796 γε
1502 734 1577 795 Γῆ
1617 734 1776 791 καλῶς
1814 749 1862 780 τε

167 803 348 875 ᾔσθετο
396 813 482 854 τοῦ
522 805 722 863 πάθους
769 804 850 854 καὶ
889 804 1207 873 προσηκούσῃ
1247 810 1403 872 κουρᾷ
1450 803 1535 854 τὸν
1574 802 1731 869 ἄνδρα
1769 803 1861 854 ἐτί-

167 894 320 944 μησεν
359 878 737 944 ἀποσεισαμένη,
769 879 996 945 καθάπερ
1029 878 1179 937 ἵππος
1210 877 1482 942 ἀναβάτην,
1521 878 1685 937 πόλεις
1716 878 1861 937 τόσας

165 952 248 1003 καὶ
299 953 468 1018 τόσας,
523 952 576 1003 ἐν
626 953 932 1021 Παλαιστίνῃ
990 951 1194 1016 πολλάς,
1250 950 1335 1010 τὰς
1388 951 1600 1017 Λιβύων
1653 950 1860 1011 ἁπάσας.

164 1031 350 1077 κεῖνται
388 1025 477 1092 μὲν
508 1027 564 1076 αἶ
596 1025 813 1092 μέγισται
845 1027 1089 1090 Σικελίας,
1129 1030 1313 1075 κεῖνται
1353 1023 1406 1075 δὲ
1439 1020 1691 1089 Ἑλλήνων
1731 1025 1860 1090 πλὴν

166 1109 279 1165 μιᾶς
317 1101 374 1150 αἱ
400 1109 569 1165 πᾶσαι,
608 1105 762 1150 κεῖται
794 1098 846 1150 δὲ
878 1097 909 1164 ἡ
943 1099 1066 1164 καλὴ
1100 1100 1304 1164 Νίκαια,
1345 1100 1518 1149 σείεται
1550 1097 1603 1149 δὲ
1635 1097 1666 1164 ἡ
1699 1099 1860 1149 κάλλει

165 1175 362 1242 μεγίστη
414 1173 497 1224 καὶ
535 1178 743 1242 θαρρεῖν
789 1173 899 1239 περὶ
946 1181 1032 1223 τοῦ
1082 1172 1339 1238 μέλλοντος
1389 1173 1481 1222 οὐκ
1527 1172 1632 1239 ἔχει.
1709 1181 1860 1222 ταῦτα

167 1248 297 1317 αὐτῷ
331 1247 463 1314 παρὰ
493 1255 580 1313 τῆς
611 1251 714 1314 Γῆς
745 1245 778 1313 ἢ
811 1248 855 1297 εἰ
885 1248 1051 1313 βούλει
1082 1266 1151 1313 γε,
1190 1254 1276 1296 τοῦ
1310 1247 1643 1312 Ποσειδῶνος,
1681 1249 1859 1311 prima,

163 1326 220 1372 ut
258 1324 486 1371 Reiskius
526 1327 575 1371 et
617 1322 874 1371 Clintonus
886 1317 928 1390 3)
968 1325 1098 1370 recte
1139 1324 1515 1384 perspexerunt,
1553 1324 1715 1370 terrae
1754 1338 1858 1370 mo-

162 1400 268 1445 tum
306 1414 418 1446 cum
456 1397 780 1445 inundatione
820 1397 898 1444 die
938 1397 1054 1444 XXI
1085 1397 1267 1444 mensis
1307 1396 1426 1442 Iulii
1466 1411 1592 1443 anno
1629 1397 1732 1443 365
1764 1409 1859 1455 per

163 1474 311 1519 totum
350 1472 511 1519 orbem
549 1464 784 1536 factum)
825 1471 1111 1533 respiciunt.

275 1545 410 1601 Quae
460 1561 577 1593 vero
628 1547 901 1606 sequuntur
946 1544 1097 1592 verba
1149 1547 1302 1591 κεῖται
1342 1539 1394 1590 δὲ
1433 1539 1464 1605 ἡ
1505 1540 1628 1605 καλὴ
1669 1542 1858 1590 Νίκαια

163 1619 226 1666 ad
278 1623 438 1668 terrae
491 1621 681 1666 motum
731 1619 816 1680 qui
864 1618 941 1665 die
981 1617 1026 1664 X
1078 1617 1260 1664 mensis
1301 1614 1527 1664 Octobris
1583 1618 1701 1664 anni
1749 1617 1853 1664 368

163 1693 338 1740 urbem
376 1692 613 1740 Nicaeam
654 1692 880 1739 funditus
922 1683 1175 1757 evertit‚⁵)
1225 1705 1335 1737 cum
1383 1690 1627 1738 Sieversio
1665 1707 1713 1752 p.
1748 1691 1853 1738 253

161 1766 418 1814 referenda
465 1781 568 1814 esse
614 1780 754 1828 nego.
831 1765 962 1812 Nam
1014 1765 1135 1812 haec
1184 1763 1446 1825 explicatio
1500 1765 1609 1810 tum
1659 1764 1856 1810 demum

162 1841 437 1887 necessaria
477 1840 618 1899 esset,
658 1839 701 1885 si
738 1839 868 1886 hunc
906 1838 1108 1886 unicum
1146 1840 1306 1885 terrae
1345 1840 1538 1885 motum
1576 1838 1697 1885 haec
1735 1837 1855 1885 urbs

161 1913 252 1960 flla
306 1914 469 1961 aetate
523 1928 671 1975 passa
725 1914 866 1960 esset.
944 1910 1085 1968 Quod
1138 1913 1337 1959 tantum
1392 1911 1533 1959 abest
1577 1913 1635 1958 ut
1678 1910 1752 1958 ita
1803 1926 1854 1959 se

161 1986 344 2034 habeat
392 1988 452 2034 ut
502 2002 600 2034 non
654 1987 814 2034 solum
859 1979 1248 2052 Hieronymus⁶)
1305 2001 1418 2033 cum
1467 1985 1527 2032 de
1577 1985 1665 2032 illo
1715 1987 1855 2033 motu

161 2060 407 2122 loquitur,
454 2060 530 2108 his
570 2060 732 2108 verbis
778 2075 897 2108 usus
946 2061 1031 2107 sit:
1083 2059 1270 2108 Nicaea
1320 2074 1443 2118 quae
1497 2073 1667 2118 saepe
1722 2061 1855 2106 anie

162 2148 339 2182 eonru
350 2137 475 2182 erat
512 2136 668 2182 terrae
705 2137 836 2181 motu
873 2134 1098 2193 funditus
1138 2148 1316 2188 eversa,
1358 2133 1441 2181 sed
1482 2133 1634 2180 etiam
1664 2132 1851 2179 Ammi-

281 2350 322 2403 1)
355 2348 448 2392 Vit.
476 2348 606 2404 soph.
638 2363 683 2404 p.
711 2352 765 2391 59
782 2362 847 2403 sq.
883 2348 952 2391 ed.
979 2347 1123 2390 Boiss.

279 2409 322 2463 2)
356 2406 422 2450 Cf.
447 2407 542 2451 Vit.
575 2408 608 2450 t.
633 2406 654 2449 Ι
684 2422 728 2463 p.
750 2411 847 2460 147,
867 2411 936 2450 22.
996 2405 1181 2450 Monod.
1216 2419 1358 2462 supra
1388 2420 1432 2462 p.
1461 2409 1561 2458 218,
1582 2409 1649 2448 18.

278 2468 320 2518 3)
353 2466 478 2509 Fast.
504 2466 635 2508 Rom.
654 2465 776 2509 1463
793 2480 858 2521 sq.
893 2464 978 2508 Cui
1003 2464 1321 2521 adstipulatur
1338 2464 1376 2507 J.
1389 2463 1461 2508 W.
1480 2463 1751 2507 H.Walden
1775 2462 1849 2507 1.1.

277 2527 321 2581 4)
356 2524 473 2568 Sunt
503 2523 644 2567 verba
667 2524 942 2579 Hieronymi
973 2523 1158 2581 (Euseb.
1183 2523 1272 2567 vol.
1290 2523 1332 2566 II
1362 2538 1407 2580 p.
1429 2527 1511 2566 197
1531 2522 1634 2566 Sch.
1690 2523 1852 2566 Terrae

166 2588 289 2627 motu
332 2597 413 2638 per
452 2587 593 2628 totum
635 2584 782 2627 orbem
824 2584 946 2637 facto
990 2597 1114 2627 mare
1157 2583 1266 2626 litus
1304 2582 1545 2640 eqo-editur,
1587 2587 1629 2626 et
1666 2581 1851 2626 Siciliae

159 2643 491 2698 multarumque
522 2642 782 2685 insularum
810 2643 941 2686 urbes
964 2642 1318 2686 innumerabiles
1342 2642 1538 2697 populos
1562 2642 1847 2696 oppressere).

161 2696 226 2742 Cf.
251 2700 399 2743 Amm.
419 2700 480 2743 M.
498 2699 647 2743 XXVI
674 2704 743 2753 10,
764 2704 816 2743 15
841 2700 1057 2744 horrendi
1086 2706 1274 2745 terrores
1301 2714 1384 2755 per
1409 2713 1582 2743 omnem
1606 2700 1727 2743 orbis
1754 2712 1849 2741 am-

161 2758 302 2802 bitum
331 2761 532 2816 grassati
561 2763 669 2803 sunt
700 2760 748 2802 et
779 2772 845 2813 sq.
1541 2766 1545 2768 “

278 2818 322 2873 5)
354 2816 420 2861 cf.
454 2817 580 2861 locos
612 2830 640 2860 a.
672 2816 887 2860 Clintono
918 2817 948 2859 l.
974 2817 1004 2860 l.
1036 2832 1082 2873 p.
1108 2821 1194 2860 470
1227 2818 1483 2873 congestos.

278 2877 322 2932 6)
353 2875 520 2920 Euseb.
546 2875 633 2919 vol.
659 2876 701 2918 ΙΙ
731 2890 775 2931 p.
805 2879 887 2918 197
915 2874 1017 2918 Sch.
