2060 3162
687 99 914 143 LIBANH
945 97 1168 144 ORATIO
1200 96 1286 142 XV
1734 98 1836 150 149

155 235 256 307 μὲν
294 237 483 306 βούλει
522 236 622 304 τὴν
659 237 839 304 πόλιν,
890 235 963 298 ὡς
1009 235 1110 288 οὐκ
1157 236 1448 304 ἄχρηστον,
1498 235 1731 304 αἰσχύνῃ
1778 234 1839 286 δὲ

157 326 517 397 περιβάλλεις,
558 325 630 388 ὡς
669 325 899 387 οὐδενὸς
938 322 1121 389 ἀξίαν;

271 414 352 466 73.
386 412 570 466 Ἀλλὰ
600 413 854 475 πάντως
891 413 1051 482 ἡμᾶς
1091 413 1190 465 δεῖ
1221 413 1454 466 δοῦναι
1488 413 1692 480 δίκην.
1755 413 1840 464 δε-

158 505 425 572 δώκαμεν,
465 498 507 555 ὦ
546 503 792 570 βασιλεῦ,
831 500 923 554 καὶ
960 502 1166 569 ταύτην
1203 501 1445 570 μεγάλην
1483 501 1574 553 καὶ
1609 501 1841 569 μακράν,

157 590 246 644 καὶ
295 591 403 659 μὴν
454 588 645 643 οὑτοσὶ
694 588 934 657 πέμπτος
982 597 1047 660 τῇ
1097 591 1342 660 τιμωρίᾳ.
1420 589 1703 652 στένοντες
1753 590 1842 641 καὶ
1888 610 1908 641 5

158 677 481 750 σκυθρωποὶ
520 677 612 731 καὶ
650 687 912 747 κατηφεῖς
951 679 1286 747 διηγάγομεν
1325 675 1492 732 οὐδὲν
1541 687 1652 731 τῶν
1693 678 1843 730 δεδε-

157 769 338 837 μένων
392 769 637 837 ἄμεινον,
690 766 1063 836 πεπληγμένοι
1113 768 1208 830 τὰς
1260 768 1462 837 ψυχάς,
1517 765 1725 835 νέφους
1778 767 1844 819 τὰ

157 859 421 927 πρόσωπα
453 855 727 926 γέμοντες,
760 857 942 925 ὅμοιοι
973 864 1088 919 τοῖς
1118 861 1392 910 πενθοῦσι
1421 856 1636 909 παίδων
1660 857 1844 925 ἄωρον

156 948 432 1015 τελευτήν,
473 946 821 1016 δακρύοντες,
859 945 1209 1016 ὀδυρόμενοι,
1246 952 1538 1012 μισοῦντες
1575 945 1714 1014 ἡμᾶς
1749 944 1845 996 αὐ-

158 1036 310 1104 τούς,
347 1035 653 1103 τοῦδαφος,
691 1035 790 1088 τὸν
829 1033 985 1105 ἀέρα,
1023 1035 1085 1087 τὸ
1124 1034 1302 1105 ὕδωρ,
1341 1035 1436 1097 τὰς
1475 1035 1674 1102 οἰκίας,
1713 1035 1844 1095 τοὺς
1869 1053 1911 1085 10

160 1124 608 1195 ἐντυγχάνοντας,
639 1123 910 1192 ἀλλήλους
941 1122 1342 1194 ἐκτρεπόμενοι,
1373 1124 1728 1190 κεντούμενοι
1751 1129 1847 1189 τῆς

159 1215 374 1282 νυκτός,
406 1212 750 1282 ὀδυνώμενοι
780 1210 907 1280 μεθ’
938 1211 1160 1282 ἡμέραν.
1233 1212 1315 1264 74.
1356 1214 1525 1265 ἔσωσε
1555 1208 1656 1279 μὲν
1678 1208 1847 1274 Ἀλέξ-

160 1303 365 1371 ανδρος
402 1303 504 1370 τὴν
553 1304 559 1369 Ι
603 1304 785 1370 πόλιν,
825 1303 1047 1370 ἔσωσεν,
1088 1301 1190 1354 οὐκ
1228 1300 1299 1354 ἀν
1338 1301 1514 1364 ἄλλως
1554 1302 1743 1370 φαίην,
1781 1311 1927 1355 R4‘17

162 1390 298 1444 ἀλλὰ
337 1392 468 1460 μετὰ
507 1399 720 1461 πικρῶν
760 1390 1015 1459 ῥημάτων
1046 1398 1158 1443 τῶν
1196 1387 1298 1459 μὲν
1329 1391 1430 1458 τὴν
1467 1388 1679 1458 βουλὴν
1717 1391 1847 1456 βαλ-

163 1481 388 1547 λόντων,
441 1488 553 1532 τῶν
600 1475 660 1531 δὲ
707 1480 805 1532 τὸν
852 1480 1028 1548 δῆμον
1076 1480 1491 1547 τιτρωσκόντων
1537 1478 1603 1530 οὐ
1652 1478 1743 1530 διὰ
1785 1477 1846 1529 τὸ
1873 1495 1914 1528 15

164 1566 290 1619 καθ’
329 1566 534 1638 ἡμέραν
581 1566 987 1637 ἐξαμαρτάνειν,
1041 1574 1147 1630 πᾶς
1194 1567 1298 1636 γὰρ
1351 1566 1498 1639 αὑτῷ
1544 1567 1611 1619 τὰ
1666 1566 1849 1618 δίκαια

163 1654 392 1726 παρῄνει
433 1656 748 1724 φυλάττειν,
797 1654 933 1708 ἀλλὰ
979 1653 1052 1708 δι’
1084 1655 1146 1707 ἓν
1192 1654 1368 1708 ἐκεῖνο
1411 1656 1473 1708 τὸ
1515 1655 1576 1708 σὲ
1613 1653 1849 1724 παροξύ-

164 1764 286 1812 ναν,
340 1744 430 1796 καὶ
484 1744 800 1814 ἀνθρώπων
852 1745 1076 1797 πάντων
1135 1742 1525 1813 ἠθροισμένων
1581 1753 1696 1806 τοῖς
1748 1739 1849 1810 μὲν

165 1833 352 1895 ἄλλοις
390 1828 459 1900 ἧν
498 1838 689 1903 πρᾷος,
728 1831 814 1901 ἐφ’
847 1833 984 1901 ἡμᾶς
1023 1829 1084 1885 δὲ
1122 1833 1421 1903 χειμάρρου
1459 1833 1848 1903 σφοδρότερος,

166 1919 301 1974 ὥσθ’
340 1921 473 1990 ἡμῖν
522 1922 620 1974 τὸν
665 1923 987 1991 Κιμμερίων
1034 1919 1249 1975 ἐκείνου
1296 1928 1396 1974 τοῦ
1443 1923 1645 1991 χρόνου
1693 1940 1846 1989 γεγο-
1873 1940 1915 1972 ‘20

164 2009 319 2062 νέναι
366 2011 492 2076 βίον
531 2008 592 2062 ἐν
631 2011 806 2082 σκότῳ
845 2010 936 2062 καὶ
973 2011 1133 2063 νυκτὶ
1172 2018 1413 2079 συνεχεῖ,
1464 2011 1564 2064 τὸν
1611 2008 1659 2062 δ’
1690 2010 1851 2078 ἥλιον

164 2097 296 2167 ἡμῖν
343 2096 662 2167 ε’νομίζομεν
712 2098 814 2151 οὐκ
865 2098 1126 2168 ἀνίσχειν.
1206 2098 1289 2151 75.
1344 2100 1496 2162 τίνας
1549 2096 1628 2152 ἔτι
1681 2101 1850 2167 ζητεῖς

288 2338 339 2376 12
373 2333 455 2390 Ep.
483 2337 580 2376 722.
622 2333 770 2377 Amm.
797 2332 937 2376 Mare.
963 2332 1111 2376 XXIII
1136 2337 1176 2387 2,
1202 2337 1307 2389 3sq.
1432 2336 1488 2376 20
1521 2331 1604 2376 Od.
1631 2334 1653 2375 λ
1689 2337 1818 2387 14sq.

288 2559 309 2596 1
338 2553 588 2638 ἀζάριστον
612 2555 723 2597 Fen·
737 2554 839 2597 Mor
938 2559 962 2596 3
988 2552 1147 2610 δίκην,
1171 2553 1280 2597 libri
1298 2553 1388 2597 edd
1480 2559 1505 2597 5
1530 2553 1620 2610 μὴν
1643 2554 1678 2596 I
1696 2553 1777 2597 sed
1793 2569 1851 2609 ην

168 2613 216 2655 in
233 2625 307 2656 ras
323 2628 370 2656 m
420 2616 427 2669 Ι
452 2611 668 2669 τιμωρίαι
696 2614 734 2658 C
753 2613 834 2656 sed
857 2629 900 2655 τι
923 2612 1048 2656 inser
1063 2614 1093 2667 f
1175 2618 1200 2656 6
1226 2620 1450 2670 κατηφεῖς
1472 2614 1552 2656 καὶ
1577 2611 1850 2668 σκυθρωποὶ

168 2672 200 2714 Ι
223 2671 229 2729 Ι
257 2671 476 2729 διάγομεν
503 2673 572 2726 Vl
601 2674 709 2716 ante
738 2670 995 2727 δεδεμένων
1019 2686 1094 2715 ras
1120 2677 1145 2714 2
1170 2671 1248 2715 litt
1270 2673 1306 2715 Ι
1413 2676 1438 2715 9
1471 2671 1760 2727 δακρύοντας
1782 2670 1851 2714 Re

243 2735 296 2774 12
328 2728 382 2774 θ’
413 2744 518 2774 cum
547 2744 623 2774 ras
657 2736 682 2774 2
713 2730 793 2773 litt
823 2731 866 2774 U
896 2732 903 2786 Ι
937 2729 1208 2787 μεθημέραν
1240 2731 1282 2774 V
1400 2736 1454 2774 14
1485 2729 1721 2789 βαλόντων
1745 2729 1857 2773 ΒΜ

209 2793 299 2846 υ16
339 2788 616 2846 καθημέραν
650 2790 751 2834 VM
804 2791 809 2842 Ι
859 2789 1250 2845 ἐπεξαμαρτάνειν
1284 2790 1327 2833 V
1377 2791 1383 2845 Ι
1432 2788 1520 2847 γὰρ
1553 2789 1602 2832 in
1632 2802 1708 2832 ras
1738 2789 1774 2832 I
1780 2787 1797 2813 ⁸
1842 2790 1848 2843 Ι

171 2854 295 2891 αυτῶ
318 2849 380 2903 ΙΙ
407 2849 714 2903 παροξῦνανὶ)
762 2847 818 2891 cf.
851 2849 883 2891 t.
909 2847 930 2890 I
961 2852 1031 2903 85,
1057 2851 1083 2891 8
1245 2852 1300 2891 20
1331 2855 1424 2892 τῶν
1459 2849 1501 2891 V
1656 2853 1708 2891 21
1744 2847 1851 2891 ante

171 2914 352 2963 συνεχεῖ
379 2920 454 2950 ras
487 2912 512 2949 2
543 2906 623 2957 Ιίᾠὴ
647 2908 678 2950 Ι
757 2906 808 2951 δὲ
840 2908 871 2949 Ι
899 2907 980 2950 sed
1013 2907 1031 2950 ὲ
1065 2907 1114 2949 in
1145 2920 1219 2950 ras
1251 2907 1333 2959 m3,
1367 2909 1414 2951 et
1444 2907 1512 2950 Re
