2060 3162
250 120 363 181 540
762 120 992 164 LIBANII
1023 119 1247 165 ORATIO
1279 120 1407 166 xxv

358 254 431 309 ‘H
471 257 599 325 μὲν,
636 252 740 309 οὖν
795 254 892 324 ἐμὴ
949 263 1136 324 ψῆφος
1190 257 1474 320 δεσπόζειν
1504 253 1629 326 ’μὲν
1675 257 1734 309 τὸ
1782 262 1947 309 θεῖον

252 344 584 416 ἀνθρώπων,
625 346 919 398 δουλεύειν
959 341 1018 397 δὲ
1059 344 1268 413 οὐδενί,
1314 346 1543 413 ποιητὰς
1583 341 1644 398 δὲ
1685 346 1734 398 εἰ
1773 363 1946 416 παρα-

255 432 526 503 δεξόμεθα
589 434 666 496 εῑς
727 434 828 502 τὴν
889 435 1094 503 κρίσιν,
1156 435 1290 486 ἄλλο
1348 453 1397 487 τι
1449 435 1743 504 πείσουσιν
1795 433 1952 502 ¹5ng

255 522 303 576 5.
345 522 478 576 ὅταν
518 523 621 592 γὰρ
663 522 692 576 ὁ
732 519 834 591 μὲν
873 525 1091 591 Κρόνος
1131 522 1361 592 ἐκπίπτῃ
1400 530 1500 576 τοῦ
1541 522 1813 593 οὐρανοῦ,
1851 525 1954 591 βα-,

209 636 232 669 5
259 612 447 682 σιλεύη
474 612 535 664 δὲ
559 610 587 664 ὁ
610 612 765 679 Ζεύς,
789 611 958 664 πάλιν
975 611 1037 664 δὲ
1061 611 1231 664 αὐτὸν
1256 610 1655 678 ἐπιβουλεύωσι
1675 612 1948 680 συνδῆσαι

319 713 478 784 ’Ήρη
518 714 563 767 τ’
594 715 708 784 ἠδὲ
747 715 1136 768 Ποσειδάων
1174 716 1280 767 καὶ
1322 711 1581 778 Παλλὰς
1630 713 1887 784 Ἀθήνη,

256 819 347 872 καὶ
395 818 582 888 δέηται
629 819 696 887 δὴ
746 820 1052 888 συμμαχίας
1099 818 1158 871 ἐκ
1208 820 1495 887 θαλάσσης
1547 819 1635 871 καὶ
1683 820 1802 889 εἰδῇ
1850 826 1956 871 τοῦ·

256 909 329 977 μὴ
369 909 604 976 δεθῆναι
645 905 808 977 χάριν
846 916 910 978 τῇ
947 907 1152 976 Θέτιδι,
1193 909 1275 970 τίς
1315 907 1451 976 αὕτη
1491 915 1591 960 τοῦ
1621 909 1762 970 Διὸς
1801 906 1951 961 ε’λευ-

259 999 448 1067 θερίας
487 999 569 1059 τίς
609 993 669 1049 δὲ
701 998 734 1065 ἡ
773 1007 885 1049 τῶν
917 998 1100 1050 ἄλλων
1131 1002 1301 1065 θεῶν,
1342 997 1476 1049 ὅταν
1516 997 1717 1059 αὐτοὺς
1749 996 1778 1050 ὁ
1815 998 1954 1058 Ζεὺς

194 1112 236 1144 10
261 1084 470 1155 ἐκφοβῇ
518 1094 637 1147 ταῖς
677 1085 924 1148 ἀπειλαῖς
970 1085 1060 1138 καὶ
1109 1085 1289 1155 ἀπάγῃ
1338 1095 1450 1138 τῶν
1495 1088 1674 1155 ἔργων
1713 1085 1747 1138 ἃ
1786 1085 1952 1155 πράτ-

259 1194 377 1227 τειν
413 1173 695 1242 ἐθέλουσι;
737 1174 784 1226 6.
824 1174 914 1227 καὶ
945 1175 1056 1243 μὴν
1091 1175 1190 1227 τόν
1229 1194 1290 1243 γε
1329 1173 1383 1237 ἐξ
1423 1171 1625 1243 ἔρωτος
1665 1174 1830 1241 ζυγὸν
1868 1194 1954 1241 μι-

260 1271 398 1333 κροῦ
451 1270 622 1315 πᾶσιν
674 1261 1024 1315 ἐπιτείνουσι.
1100 1263 1191 1316 καὶ
1247 1268 1362 1316 ἴστε
1417 1265 1620 1332 ἔρωτας
1670 1263 1811 1326 Διὸς
1863 1261 1954 1315 καὶ

262 1353 620 1414 Ποσειδῶνος
659 1352 746 1404 καὶ
785 1350 1125 1414 Ἀπόλλωνος
1175 1350 1265 1404 καὶ
1290 1351 1484 1421 ’Ἀρεος
1522 1352 1612 1404 καὶ
1645 1349 1955 1421 “Ηφαίστου

261 1439 352 1494 καὶ
393 1441 746 1508 Πλούτωνος,
784 1442 876 1494 καὶ
907 1441 981 1504 ὡς
1013 1438 1144 1494 οὐδὲ
1183 1443 1277 1504 τὰς
1308 1444 1537 1509 θηλείας
1569 1440 1805 1509 ἀφεῖσαν
1835 1458 1956 1493 ποι-

198 1555 239 1588 15
262 1527 387 1598 ηταὶ
433 1537 534 1583 τοῦ
584 1533 778 1598 ζυγοῦ,
833 1528 1131 1599 μέμνησθε.
1207 1532 1386 1583 καίτοι
1432 1530 1493 1582 τὸ
1541 1528 1676 1599 ἐρᾶν
1723 1531 1856 1581 ἄλλο
1903 1549 1957 1580 τι

263 1617 417 1672 ἐστὶν
453 1617 486 1687 ἢ
529 1619 841 1683 δουλεύειν;
895 1619 939 1670 7.
982 1618 1129 1687 λέγει
1169 1619 1232 1672 δὲ
1268 1619 1358 1672 καὶ
1397 1619 1431 1687 ἡ
1474 1620 1670 1693 Πυθία
1707 1636 1957 1686 παραμυ-

262 1707 515 1776 θουμένη
563 1710 813 1777 Κροῖσον
859 1708 957 1760 τὸν
996 1709 1191 1762 Λυδὸν
1241 1709 1588 1777 αἰχμάλωτον
1634 1709 1767 1760 ὄντα
1811 1707 1958 1776 παρὰ

265 1797 437 1867 Κύρῳ
484 1802 558 1868 τῷ
601 1795 815 1866 Πέρσῃ·
870 1798 988 1865 τὴν
1038 1795 1471 1866 πεπρωμένην
1517 1799 1758 1865 μοίρην
1805 1794 1959 1847 ἀδύ-

386 1940 411 1979 6
443 1935 494 1978 Il.
521 1953 551 1979 α
574 1939 662 1978 400
791 1939 816 1978 9
849 1935 901 1978 Il.
927 1938 966 1979 θ
988 1940 1096 1990 4sq.
1229 1939 1282 1978 16
1314 1934 1422 1979 Her.
1447 1935 1468 1977 I
1494 1939 1564 1989 91,
1585 1939 1622 1977 1.
1673 1933 1730 1976 cf.
1763 1932 1956 1977 Philam.

267 1994 411 2039 Theb.
438 1994 493 2038 fr.
519 1994 644 2038 com.'
659 1994 723 2037 IV
741 1999 810 2050 11,
830 1998 855 2037 5
872 1994 934 2037 M.
965 1994 1010 2037 II
1032 1998 1133 2048 486,
1153 1998 1205 2037 31
1222 1994 1263 2037 Κ

389 2126 414 2163 2
446 2118 812 2176 παραδεξόμεθα
839 2121 902 2164 M
929 2120 1011 2163 sed.
1035 2123 1119 2164 αδε
1151 2120 1202 2163 in
1224 2132 1302 2163 ras
1422 2123 1449 2161 4
1483 2116 1551 2163 ὅτ’
1582 2116 1640 2162 ἂν
1676 2119 1754 2162 ΟΛ
1783 2119 1788 2173 Ι
1816 2114 1962 2174 πίπτῃ

277 2180 348 2224 ΠΙ
372 2180 379 2238 Ι
407 2179 637 2238 βασιλεύει
669 2180 754 2223 Mo
779 2179 881 2222 Mor
1046 2183 1071 2221 5
1105 2176 1152 2223 δ’
1181 2181 1242 2235 (1)
1285 2178 1410 2222 UMo
1433 2178 1501 2221 Re
1529 2179 1535 2232 Ι
1564 2174 1608 2221 δ’
1640 2178 1698 2233 (2)
1731 2177 1799 2220 Re
1827 2178 1833 2232 Ι
1862 2176 1959 2220 ἐπι-

271 2239 543 2298 βουλεύουσι
574 2238 677 2282 Mor
859 2242 883 2280 7
922 2237 1158 2293 θαλάττης
1192 2238 1322 2282 ΟΠΒ
1345 2237 1414 2279 Re
1440 2239 1447 2292 Ι
1475 2236 1575 2293 εἰδῇ
1610 2236 1774 2292 scripsi
1807 2249 1831 2278 e
1865 2235 1909 2278 V

274 2296 416 2354 εἰδείη
449 2297 619 2354 reliqui
642 2296 752 2340 libri
778 2297 868 2339 edd
991 2300 1016 2339 8
1050 2297 1236 2352 „malim
1267 2303 1348 2340 τοῦ
1374 2293 1560 2350 Κρόνου
1591 2295 1671 2343 καὶ
1704 2296 1848 2338 αὐτοῦ
1879 2301 1963 2339 τοῦ.

271 2357 386 2409 Διὸς
415 2356 444 2413 ἡ
472 2354 742 2412 ἐλευθερία“
768 2356 836 2399 Re
959 2360 982 2398 9
1019 2353 1083 2399 ’ὅτ’
1108 2353 1167 2399 ἂν
1202 2356 1282 2400 CA
1310 2358 1315 2410 Ι
1344 2354 1484 2406 αὐτὸς
1513 2355 1557 2398 V
1612 2354 1781 2405 αὐτοὺς
1813 2352 1836 2397 ὁ
1862 2353 1964 2405 ζεὺς

275 2417 313 2461 O
340 2416 423 2460 Sed
450 2417 590 2467 ὐτους
621 2432 645 2459 ο
673 2418 716 2468 ζε
747 2415 797 2458 in
819 2428 896 2458 ras
919 2413 990 2457 m²
1111 2418 1166 2457 10
1199 2413 1354 2472 ἀπάτῃ
1383 2414 1466 2458 Mo
1490 2413 1591 2456 Mor
1714 2418 1765 2457 11
1799 2410 1881 2456 τόν
1912 2429 1962 2468 γε

273 2490 348 2519 om
372 2476 474 2519 Mor
501 2476 506 2533 Ι
535 2478 672 2532 ζυγοῦ
705 2481 871 2531 μικροῦ
903 2474 1006 2517 Mor
1032 2475 1039 2530 Ι
1067 2480 1232 2530 μικροῦ
1266 2488 1341 2517 om
1375 2474 1447 2517 ΠΙ
1598 2477 1651 2516 12
1681 2479 1845 2516 πεῦσιν
1881 2473 1966 2515 Mo

271 2534 375 2578 Mor
402 2536 408 2591 Ι
438 2535 583 2590 ἔρωτα
616 2536 727 2578 ΒΜ
750 2537 756 2590 Ι
785 2531 886 2583 διός
915 2548 962 2576 τε
996 2532 1076 2576 καὶ
1107 2534 1153 2576 Β
1303 2537 1355 2575 13
1390 2532 1526 2587 ἄρεος
1558 2532 1639 2575 sed.
1671 2548 1695 2575 ο
1727 2531 1776 2574 in
1799 2544 1876 2574 ras
1908 2544 1963 2573 ex

276 2640 310 2666 ω
346 2622 519 2668 0P⁸M
575 2609 722 2677 ἄρεὸς
745 2622 788 2665 A
822 2621 879 2665 cf.
904 2637 949 2678 p.
975 2625 1047 2674 41,
1068 2625 1113 2674 13
1148 2625 1247 2676 216,
1267 2625 1321 2664 10
1446 2625 1500 2663 14
1533 2619 1583 2664 δὲ
1614 2619 1804 2676 praevia
1835 2632 1911 2661 ras
1937 2623 1962 2660 2

273 2682 354 2725 litt
378 2682 421 2726 U
531 2686 585 2725 15
608 2679 655 2725 τί
671 2682 827 2726 PBM
834 2681 878 2725 V
1001 2684 1054 2722 16
1079 2678 1198 2737 λέγει
1215 2706 1272 2712 -
1290 2684 1425 2733 541‚1
1457 2682 1555 2738 θεῷ
1587 2678 1841 2734 praemisso
1870 2680 1965 2720 Τοῦ

274 2756 379 2811 περὶ
412 2753 625 2805 δουλείας
661 2753 755 2812 λόγ.
789 2744 839 2807 λξ
867 2753 986 2797 cibat
1015 2754 1176 2797 Macar
1206 2753 1285 2797 fol.
1313 2757 1392 2796 92v
1530 2757 1584 2796 16
1617 2751 1667 2796 δὲ
1700 2767 1774 2795 om
1805 2750 1969 2794 Macar

280 2816 284 2872 Ι
312 2815 392 2858 καὶ
417 2829 491 2858 om
511 2814 685 2858 MMor
711 2818 717 2871 Ι
745 2813 773 2870 ἡ
797 2812 972 2856 inserui
997 2826 1022 2856 e
1040 2813 1201 2857 BMV
1219 2812 1321 2856 coll.
1348 2827 1392 2868 p.
1413 2816 1483 2866 31,
1504 2817 1550 2865 7;
1584 2816 1653 2863 80,
1671 2815 1746 2864 183
1770 2809 1878 2852 Her.
1891 2809 1920 2852 l.
1933 2808 1962 2851 l.

335 2887 410 2916 om
440 2873 611 2928 reliqui
640 2873 750 2915 libri
783 2872 872 2915 edd
1055 2876 1109 2914 18
1159 2873 1344 2926 „malim
1378 2868 1446 2914 ὄτι
1476 2870 1588 2926 τὴν“
1621 2871 1689 2913 Re
1739 2873 1746 2925 Ι
1794 2875 1966 2924 μοῖραν

284 2933 466 2977 UIBM
484 2932 553 2974 Re
615 2931 752 2986 αἴσην
777 2931 936 2975 Macar
