2060 3162
259 129 366 181 526
788 129 1018 173 LIBANH
1049 129 1273 175 ORATIO
1305 130 1455 175 XXIV

258 273 595 334 φανοῦνται,
649 264 720 334 ἢν
766 266 955 328 αὐτοῖς
1005 265 1211 336 ἀφέλῃς
1262 268 1437 333 μόνον
1488 268 1587 320 τὸν
1634 269 1830 337 φόβον,
1880 267 1956 330 ὡς

257 354 424 407 οὐδὲν
465 355 652 407 δεινὸν
691 354 879 416 αὐτοῖς
926 355 955 408 ὁ
1008 354 1235 408 ἐκείνων
1279 359 1519 419 πλοῦτος
1571 355 1638 410 ὃν
1685 356 1790 409 ἀπὸ
1838 365 1953 409 τῶν

256 443 441 511 ἀρχῶν
471 440 674 512 ἔχουσι.
743 451 908 496 τοῦτο
940 444 1064 511 γάρ,
1103 450 1267 496 τοῦτο
1300 443 1403 497 οὐκ
1435 447 1562 514 ἔχον
1601 443 1753 497 ἐστὶν
1781 444 1949 516 ὑπερ-

165 542 271 586 RII
287 548 341 587 51
383 533 574 600 βολήν,
618 530 623 602 Ι
667 534 848 600 φόνου
887 533 1146 585 τοιούτου
1187 533 1349 601 δίκην
1389 532 1723 602 ὀφείλοντες,
1765 534 1950 604 ὥσπερ

209 641 229 673 5
254 620 353 672 τὸν
394 619 618 689 Πέρσην
657 620 1032 688 ἀπεκτονότες,
1072 620 1240 691 ἀρχὰς
1278 620 1681 692 ἐκαρπώσαντο.

367 709 452 761 28.
507 710 771 762 Μάλιστα
815 706 919 776 μὲν
964 705 1087 779 οὗν,
1141 711 1188 763 εἰ
1235 711 1326 763 καὶ
1374 712 1446 780 μὴ
1493 712 1771 779 τοσαύτην
1811 710 1952 779 ὅσην

254 796 546 851 ἐδείκνυον
585 799 709 867 ἄρτι
748 799 962 867 βλάβην
994 795 1140 868 εἶχεν
1170 800 1204 867 ἡ
1235 797 1361 870 περὶ
1393 800 1494 868 τὴν
1527 800 1688 869 δίκην
1719 802 1949 869 νωθεία,

252 885 343 938 καὶ
399 887 543 939 οὕτω
599 894 739 956 χρῆν
794 886 1202 957 ἐπιστραφῆναί
1251 908 1310 941 τε
1362 889 1453 941 καὶ
1508 891 1765 957 φυλακήν
1821 908 1948 942 τινα

252 974 480 1044 ταυτηνὶ
526 985 643 1038 τοῖς
688 975 777 1028 ε’πὶ
823 978 889 1029 τὰ
929 985 1176 1046 σκῆπτρα
1221 976 1583 1045 καλουμένοις
1628 985 1947 1047 παρασχεῖν.

186 1086 228 1118 ιο
254 1063 315 1117 ἐν
352 1061 455 1133 μὲν
494 1066 597 1133 γὰρ
638 1072 712 1137 τῷ
753 1064 1070 1133 πράξασθαι
1115 1067 1384 1137 τιμωρίαν
1429 1067 1667 1119 παύσετε
1711 1068 1843 1129 τοὺς
1879 1067 1947 1118 τὰ

251 1161 479 1206 τοιαῦτα
535 1153 891 1223 ἀδικοῦντας,
945 1157 1272 1223 ποιήσαντες
1325 1156 1388 1208 δὲ
1441 1155 1635 1208 ἄδειαν
1689 1151 1774 1222 ἐφ’
1803 1153 1946 1223 ὑμᾶς

252 1242 470 1310 αὐτούς,
510 1242 629 1295 ἀλλ’
661 1243 763 1295 οὐκ
802 1242 907 1313 ἐρῶ
945 1263 1005 1312 γε
1037 1244 1097 1296 τὸ
1130 1244 1476 1313 βλάσφημον.
1538 1244 1676 1296 ὥστε
1706 1243 1946 1313 τήμερον

249 1338 324 1404 τῷ
372 1328 475 1400 μὲν
528 1333 715 1385 δοκεῖν
754 1331 1039 1405 Ἰουλιανῷ
1087 1335 1388 1401 βοηθήσων
1443 1331 1703 1401 ἀφῖγμαι,
1762 1339 1828 1401 τῇ
1883 1331 1946 1383 δὲ

252 1419 487 1492 ἀληθεία
525 1430 640 1483 τοῖς
681 1425 846 1485 ζῶσιν
877 1421 1026 1488 ὑμῖν.
1096 1428 1170 1494 τῷ
1204 1421 1306 1490 μὲν
1345 1423 1449 1492 γὰρ
1491 1421 1594 1474 οὐκ
1624 1418 1779 1473 ἔστιν
1809 1419 1943 1473 ἀπο-

185 1530 226 1562 15
252 1510 450 1562 δοῦναι
490 1511 590 1578 τὴν
628 1512 812 1579 ψυχὴν
851 1511 944 1563 διὰ
981 1518 1076 1579 τῆς
1117 1511 1289 1579 δίκης,
1327 1510 1463 1577 ὑμῖν
1503 1506 1564 1562 δὲ
1603 1511 1944 1578 διατηρῆσαι.

249 1601 513 1667 ποιήσατε
550 1601 749 1652 τοίνυν
794 1602 925 1662 τοὺς
964 1600 1298 1670 στρατιώτας
1334 1608 1447 1651 τῶν
1485 1598 1772 1669 ἀρχόντων
1809 1615 1941 1666 προ-

249 1688 602 1740 κινδυνεύειν
641 1688 674 1756 ἢ
714 1689 762 1740 εἰ
808 1689 881 1756 μὴ
925 1696 1091 1752 τοῦτο
1139 1688 1453 1757 βούλοιντο,
1502 1689 1664 1756 μήτοι
1711 1706 1773 1755 γε
1819 1685 1943 1739 ἀντὶ

249 1785 361 1827 τῶν
398 1778 678 1844 πολεμίων
717 1777 905 1840 αὐτοῖς
942 1780 1332 1830 καθίστασθαι.

361 1864 446 1916 29.
496 1863 636 1933 Ἐγὼ
684 1862 786 1932 μὲν
828 1867 875 1918 εἰ
914 1866 1004 1918 καὶ
1052 1865 1354 1935 στρατηγὸς
1399 1863 1695 1918 ἐπεπόνθει
1739 1884 1792 1917 τι
1829 1883 1943 1917 τοι-

322 2059 402 2156 663.
429 2055 599 2128 [Pem]
627 2070 663 2098 c.
682 2055 885 2112 Aristog.
910 2055 931 2098 I
957 2060 981 2109 ἓ
1000 2060 1056 2099 54
1079 2071 1123 2111 p.
1146 2059 1244 2110 786,
1263 2059 1318 2098 26
1441 2059 1466 2098 8
1499 2054 1628 2099 Dem.
1656 2068 1692 2098 c.
1718 2054 1938 2098 Aristocr.

249 2129 292 2170 p.
382 2131 421 2166 ο,
441 2132 466 2156 o

369 2295 424 2334 10
456 2290 790 2345 πράξασθαι
821 2290 924 2345 ἤτοι
948 2291 1217 2346 ἀπαιτῆσαι.
1272 2291 1353 2334 καὶ
1375 2289 1695 2346 πράττομαι
1726 2289 1937 2346 μισθὸν

249 2349 353 2404 ἤτοι
384 2351 579 2394 ἀπαιτῶ.
635 2350 753 2393 πολὺ
783 2357 920 2393 τοῦτο
953 2349 1147 2405 μάλιστα
1169 2349 1300 2404 παρὰ
1322 2349 1541 2394 Πλάτωνι
1567 2348 1634 2394 V²
1665 2350 1730 2405 (et
1753 2348 1858 2393 Vat.
1877 2352 1934 2392 82

250 2409 330 2464 qui
361 2408 636 2464 πράξασθαι
669 2411 760 2466 om)
793 2408 849 2452 cf.
884 2408 1026 2452 schol.
1060 2409 1121 2452 ad.
1152 2423 1197 2465 p.
1218 2413 1331 2463 78,2

369 2593 392 2630 1
441 2586 500 2642 ἢν
537 2588 572 2632 O
626 2589 632 2644 Ι
682 2586 859 2644 ἀφέλῃς
904 2585 1070 2642 scripsi
1109 2599 1133 2629 e
1175 2587 1292 2630 VBa
1375 2586 1566 2641 ἀφέλοις
1609 2584 1780 2640 reliqui
1824 2584 1934 2627 libri

249 2646 340 2690 edd
383 2649 388 2701 Ι
432 2652 567 2701 „post
605 2645 756 2704 φόβον
795 2647 912 2690 deest
941 2650 1026 2689 aut
1055 2646 1265 2701 δηλώσας
1300 2647 1369 2689 vel
1403 2646 1550 2689 simile
1588 2644 1699 2701 quid
1730 2644 1850 2700 quod
1879 2657 1936 2686 σω

247 2703 439 2760 ἀφέλοις
468 2711 627 2760 aptum
657 2707 757 2759 erit,
788 2710 871 2749 aut
901 2703 1074 2754 εἰδότες
1104 2705 1221 2760 quod
1252 2718 1307 2748 eae
1345 2707 1639 2760 φανοῦνται“
1677 2703 1747 2747 Re
1796 2703 1802 2758 Ι
1852 2701 1932 2759 ὡς]

247 2778 359 2807 num
383 2760 493 2807 ὥστ’
508 2768 528 2806 ⁸?
651 2768 675 2807 7
708 2761 889 2808 νωθεία
913 2765 949 2807 Ι
973 2763 1054 2806 sed
1086 2765 1193 2818 post
1218 2781 1248 2806 α
1274 2768 1296 2806 1
1315 2762 1396 2807 litt
1420 2775 1522 2807 eras
1642 2765 1669 2804 8
1699 2761 1785 2819 χρὴ
1808 2759 1933 2804 Fabr

252 2824 256 2880 Ι
291 2838 339 2866 τε
371 2836 447 2866 om
471 2824 577 2866 Ba]
722 2828 747 2866 9
779 2829 877 2874 τοῖς
905 2822 979 2865 bis
1011 2823 1089 2866 Ba
1117 2824 1122 2879 Ι
1150 2820 1547 2879 προκαλουμένοις
1577 2822 1656 2865 Βα
1791 2824 1844 2863 11
1879 2817 1927 2862 δ’

247 2882 471 2926 ΒΜΒαΙ
506 2882 597 2924 edd
781 2885 834 2924 16
881 2888 973 2925 τῶν
1020 2879 1258 2938 ἀρχόντων
1303 2881 1413 2931 τοὺς
1457 2880 1737 2935 στρατιώτας
1767 2879 1881 2922 ΒαΙ

250 2945 303 2983 18
335 2948 419 2984 τοῦ
444 2941 521 2984 Βα
554 2941 634 2984 sed
666 2957 758 2985 των
789 2953 1005 2996 suprascr
1158 2944 1210 2984 19
1242 2937 1286 2983 τί
1319 2941 1402 2983 ΒΙ
1435 2939 1443 2999 1
1485 2938 1706 2982 τοιούτων
1737 2937 1860 2980 Fabr
