2060 3162
715 162 945 206 LIBANII
977 162 1201 207 ORATIO
1234 161 1383 206 XVIII
1765 161 1871 215 277

186 319 289 369 ρου
340 297 576 362 κόλαξιν.
653 298 705 350 οἱ
755 298 816 350 δὲ
863 296 953 350 ἀπ’
985 297 1169 350 αὐτῶν
1214 297 1509 367 ἀρξάμενοι
1554 307 1667 350 τῶν
1711 298 1875 368 δορυ-

185 390 379 458 φόρων
415 385 505 440 καὶ
546 379 629 449 οἷς
666 387 901 455 μάλιστα
940 385 1226 439 ἐπίστευεν
1265 385 1579 454 ἐκλέγοντες
1617 387 1710 439 διὰ
1739 387 1876 440 πάν-

185 495 295 528 των
333 474 520 544 ᾔεσαν,
559 474 660 537 ἕως
699 474 845 546 αὐτῷ
877 473 1172 527 κατέλιπον
1211 474 1438 538 ὁπλίτας
1477 473 1743 538 εὔξασθαι
1782 478 1877 544 μό-

184 584 289 617 νον
328 562 686 633 δυναμένους.

298 651 384 704 95.
433 651 545 704 Καὶ
584 651 613 704 ὁ
652 648 755 719 μὲν
793 653 1066 722 ἔστεργεν,
1114 651 1217 704 οὐκ
1261 650 1524 722 ἀδακρυτὶ
1563 651 1682 721 μέν,
1733 652 1877 719 ὅμως
1925 676 1945 708 5

186 737 246 793 δὲ
285 738 443 809 ἠξίου
482 739 692 809 φέρειν,
738 738 1085 807 κινουμένων
1124 736 1185 792 δὲ
1225 742 1580 809 πανταχόθεν
1618 750 1730 793 τῶν
1770 742 1878 794 διε-

187 828 515 898 σπαρμένων
576 830 756 898 λόχων
818 829 1027 897 οἰμωγὴ
1096 830 1452 897 πανταχόθεν
1518 826 1681 898 ᾔρετο
1744 831 1881 899 πρὸς

187 918 430 987 οὐρανὸν
459 920 727 986 πενήτων,
767 917 1034 986 εὐπόρων,
1069 918 1316 985 οἰκετῶν,
1350 917 1679 987 ἐλευθέρων,
1712 937 1880 988 γεωρ-

188 1015 319 1074 γῶν,
360 1005 616 1074 ἀστικῶν,
656 1005 895 1075 ἀνδρῶν,
934 1015 1235 1074 γυναικῶν,
1283 1004 1443 1075 νέων,
1490 1005 1882 1076 πρεσβυτέρων

186 1096 362 1163 μόνον
409 1095 510 1147 οὐκ
557 1093 967 1163 εἰσβεβληκέναι
1020 1096 1151 1156 τοὺς
1203 1096 1502 1161 πολεμίους
1555 1094 1881 1164 ἡγουμένων
1905 1117 1947 1150 10

187 1180 278 1235 καὶ
325 1184 390 1235 τὰ
441 1185 596 1249 μόλις
645 1181 988 1251 ἐκτμηθέντα
1036 1183 1175 1235 κακὰ
1225 1183 1393 1235 πάλιν
1444 1182 1882 1252 ἀναβλαστήσειν

187 1270 524 1339 ἡγουμένων.
608 1271 843 1340 μάλιστα
905 1269 954 1323 δ’
1001 1269 1054 1334 ἐξ
1119 1266 1197 1324 ὧν
1253 1270 1496 1339 ἐγεγόνει
1550 1270 1713 1324 τέκνα
1766 1281 1882 1335 τοῖς

189 1360 567 1427 στρατιώταις,
619 1354 779 1412 αὗται
833 1361 1120 1412 δεικνῦσαι
1166 1361 1359 1412 παιδία
1405 1360 1471 1412 τά
1508 1378 1565 1412 τε
1605 1361 1743 1412 ἄλλα
1789 1359 1881 1413 καὶ

187 1447 254 1499 τὰ
293 1445 353 1499 ἐν
391 1453 466 1519 τῷ
499 1447 725 1515 γάλακτι
764 1448 855 1500 καὶ
887 1455 1058 1500 ταῦτα
1098 1447 1220 1500 ἀντὶ
1258 1452 1477 1500 θαλλοῦ
1518 1450 1768 1501 σείουσαι
1807 1449 1880 1517 μὴ

188 1536 497 1604 προδοῦναι
551 1543 696 1603 σφᾶς
750 1534 986 1588 ἐδέοντο.
1064 1535 1147 1588 96.
1211 1543 1382 1588 ταῦτα
1436 1536 1508 1598 ὡς
1560 1537 1799 1604 ἤκουσεν
1850 1537 1879 1590 ὁ
1905 1559 1947 1591 15

189 1625 466 1691 βασιλεύς,
503 1621 736 1693 παρῄνει
774 1631 889 1686 τοῖς
929 1623 981 1687 ἐξ
1002 1623 1231 1687 Ἰταλίας
1272 1624 1278 1691 Ι
1319 1625 1554 1692 ἥκουσιν
1593 1622 1784 1695 ἑτέραν
1821 1637 1970 1682 R554

159 1780 166 1787 .
191 1713 348 1779 ἄγειν
386 1714 517 1775 τοὺς
548 1714 880 1782 στρατιώτας
910 1714 1053 1765 πολὺ
1085 1720 1180 1780 τῆς
1210 1715 1437 1780 πόλεως,
1476 1712 1538 1766 ἐν
1569 1707 1603 1784 ᾗ
1634 1718 1881 1783 καθῆστο

190 1799 281 1852 καὶ
322 1799 613 1870 διέτριβεν,
655 1800 968 1870 ἀπέχοντας.
1038 1799 1238 1854 ἐδεδίει
1269 1802 1392 1870 γάρ,
1433 1796 1602 1870 οἶμαι,
1641 1803 1714 1870 μὴ
1752 1802 1882 1871 δρά-

193 1903 365 1956 σειαν,
405 1887 434 1940 ὃ
474 1893 651 1951 καλῶς
689 1896 980 1951 ποιοῦντες
1017 1886 1274 1959 ἔδρασαν.
1351 1890 1424 1952 ὡς
1464 1886 1524 1942 δὲ
1561 1890 1629 1942 οὐ
1661 1899 1882 1960 προσεῖ-

193 1996 293 2045 χον
329 1975 528 2029 ἐκεῑνοι
561 1985 675 2039 τοῖς
706 1979 908 2046 λόγοις,
948 1975 1067 2030 ἀλλ’
1099 1979 1325 2046 εἰσῆγον
1362 1980 1493 2041 τοὺς
1532 1979 1734 2048 ἄκρους
1771 1988 1883 2032 τῶν
1906 2000 1950 2033 80

194 2067 374 2133 λόχων
423 2061 501 2118 ὧν
548 2064 831 2135 ἐξήρτηται
877 2067 938 2119 τὸ
988 2069 1198 2134 λοιπόν,
1253 2066 1282 2119 ὁ
1339 2063 1440 2135 μὲν
1491 2068 1652 2136 ὄχλος
1699 2067 1884 2120 αὐτῶν

312 2229 337 2267 3
370 2225 536 2268 Zosim.
553 2225 617 2268 ΠΙ
635 2229 675 2280 3,
691 2230 716 2268 3
749 2223 894 2282 μόνον
919 2226 1156 2285 εὔχεσθαι,
1182 2225 1401 2281 καθάπερ
1427 2224 1567 2278 αὐτός
1591 2223 1883 2284 (Ἰουλιανός)

193 2283 284 2326 πού
318 2298 477 2340 φησιν,
510 2282 681 2343 ᾔδεσαν

314 2436 335 2473 1
371 2428 417 2474 δ’
446 2431 513 2475 Re
552 2431 558 2489 Ι
597 2430 876 2488 δορυφόρων
906 2433 942 2475 Ι
967 2432 1049 2475 sed
1081 2434 1189 2475 ante
1221 2433 1250 2475 δ
1281 2445 1356 2476 ras
1382 2437 1407 2475 2
1440 2432 1520 2475 litt
1550 2434 1598 2475 et
1629 2449 1654 2487 ρ
1688 2434 1735 2476 et
1766 2449 1801 2488 φ
1833 2432 1882 2475 in

193 2501 268 2532 ras
291 2488 362 2532 m²
512 2495 537 2533 2
572 2488 812 2536 ἐπίστευον
842 2491 945 2534 Mor
982 2491 988 2549 Ι
1027 2491 1203 2541 παντὸς
1225 2492 1260 2534 I
1266 2492 1310 2536 U
1325 2491 1394 2535 Re
1545 2495 1570 2534 9
1603 2491 1815 2536 ἀστυκῶν
1850 2491 1888 2535 G

196 2547 276 2591 sed
307 2565 336 2592 v
368 2561 423 2591 ex
454 2565 471 2591 ι
503 2562 605 2592 con·
627 2563 662 2603 s,
694 2550 787 2593 IM
964 2554 1018 2593 10
1058 2550 1290 2606 μονονοὺκ
1325 2550 1413 2594 GU
1457 2550 1463 2607 Ι
1503 2548 1775 2606 ἡγουμένων
1807 2563 1882 2593 om

195 2605 262 2649 Re
323 2606 521 2650 fortasse
554 2606 803 2651 delendum
956 2613 1009 2652 12
1056 2607 1196 2652 τέκνα
1227 2609 1353 2652 inser
1376 2608 1434 2652 1⁸
1466 2611 1513 2652 et
1551 2609 1599 2651 in
1629 2621 1764 2666 marg
1795 2608 1856 2651 M
1866 2608 1883 2633 ⁸

256 2668 309 2708 13
342 2666 481 2709 αὐταὶ
511 2667 587 2710 La
663 2666 817 2711 αὐτῶν
848 2668 956 2723 post
985 2680 1195 2711 rasuram
1227 2671 1253 2710 2
1285 2666 1365 2710 litt
1398 2668 1469 2721 M,
1538 2666 1607 2724 γρ’
1632 2667 1712 2710 καὶ
1745 2663 1884 2710 αὗται

195 2722 421 2777 ἀρκοῦσαι
452 2724 502 2767 in
525 2738 660 2782 marg
689 2726 759 2767 m’*
933 2730 988 2769 14
1033 2729 1097 2785 τῷ
1128 2726 1303 2770 inserui
1343 2739 1367 2770 e
1400 2726 1445 2769 P
1483 2726 1533 2769 in
1573 2739 1664 2781 quo
1695 2726 1882 2782 punctis

197 2780 400 2825 deletum
434 2785 518 2837 est,
559 2784 737 2827 UVIM
765 2785 832 2840 (et
853 2785 948 2840 Ba)
999 2787 1005 2841 Ι
1053 2787 1208 2828 θαλοῦ
1240 2786 1316 2828 La
1498 2788 1552 2827 18
1585 2783 1810 2839 δράσειαν
1841 2785 1887 2827 Ρ

198 2839 278 2882 sed
302 2857 332 2883 α
357 2840 556 2885 alterum
581 2855 682 2885 corr
704 2842 774 2884 m⁸
834 2841 1024 2896 δράσειν
1052 2844 1097 2888 U
1270 2847 1324 2886 19
1358 2842 1409 2887 δὲ
1440 2843 1490 2886 in
1513 2856 1648 2900 marg
1677 2843 1802 2886 inser
1828 2841 1887 2886 Cr

255 2897 343 2954 γὰρ
367 2900 443 2943 La
469 2900 476 2957 Ι
503 2900 653 2943 verbis
685 2901 740 2943 οὐ
765 2907 1013 2957 προσεῖχον
1043 2901 1214 2957 incipit
1235 2901 1284 2944 in
1304 2902 1343 2946 G
1367 2901 1447 2945 fol.
1468 2905 1552 2945 183
1584 2901 1711 2958 quod
1735 2913 1882 2955 aeque

199 2955 339 3010 atque
372 2961 457 3000 184
487 2970 630 3001 manu
661 2958 835 3002 saeculi
866 2958 1108 3017 XHIsXIV
1140 2962 1380 3003 exaratum
1413 2961 1484 3004 est
