2060 3162
218 83 328 136 370
739 82 965 127 LIBANII
997 82 1220 126 ORATIO
1253 83 1401 127 XVIII

219 219 543 286 Πλάτωνος,
591 217 716 271 ὥστ’
748 217 895 290 αὐτῷ
940 219 1088 287 παρὰ
1124 226 1237 271 τῶν
1275 216 1359 271 ἀεὶ
1405 217 1548 272 νέων
1593 238 1650 271 τε
1689 216 1779 271 καὶ
1819 219 1900 272 δι-

218 308 506 361 δασκάλων
545 306 578 360 ἃ
615 305 707 360 καὶ
745 314 820 379 τῷ
854 307 1113 360 Πλάτωνι
1158 311 1451 360 τελεῖσθαι.
1528 308 1704 379 τούτῳ
1744 307 1902 376 <δεῖ>

217 403 398 449 ποιεῖν
438 397 649 464 σκόλια,
687 396 864 467 τούτῳ
900 406 1150 463 παιᾶνας,
1189 396 1365 467 τούτῳ
1401 404 1511 449 πᾶν
1551 390 1697 458 εἶδος
1735 393 1903 463 ἐγκω-

217 485 376 554 μίων,
399 490 600 537 τοῦτον
624 485 910 553 σύμμαχον
934 483 1022 537 ε’πὶ
1048 484 1361 553 βαρβάρους
1384 483 1720 554 ἀρχομένους
1742 482 1901 536 πολέ-

175 594 195 626 5
217 592 337 641 μων
367 576 571 641 καλεῖν,
608 571 668 635 ὃς
698 570 840 642 ἔχων
869 573 930 625 τὸ
962 571 1164 639 μέλλον
1195 572 1341 626 ἅπαν
1372 571 1431 626 ἐκ
1461 580 1723 641 μαντικῆς
1757 570 1904 625 ἑλεῖν

215 661 279 713 τὸ
311 661 413 728 μὲν
443 661 492 713 εἰ
521 662 755 714 κακώσει
780 661 1019 730 Πέρσας,
1050 659 1205 733 ᾠήθη
1241 662 1360 715 δεῖν
1389 666 1719 731 προμαθεῖν,
1750 661 1811 713 τὸ
1845 659 1892 713 δ’

218 751 267 802 εἰ
305 758 413 812 σῶς
451 747 749 818 ἐπάνεισιν,
791 751 893 804 οὐκ
930 749 1163 819 ἠξίωσεν
1201 746 1344 822 ἔργῳ
1384 749 1579 818 δείξας,
1619 750 1702 802 ὅτι
1741 747 1902 817 δόξης

217 833 304 906 ἦν,
344 838 410 891 οὐ
451 842 585 907 ζωῆς
625 838 978 907 ἐπιθυμητής.
1056 838 1178 891 307.
1227 839 1619 907 βασιλεύεσθαι
1657 834 1758 905 μὲν
1798 833 1903 891 οὗν

217 927 326 979 ὑπὸ
377 928 632 995 τοιαύτης
682 926 876 997 ἀρετῆς
925 928 1147 981 πάντων
1199 926 1707 995 εὐδαιμονέστατον,
1759 925 1902 979 ἐστε-

151 1038 195 1068 1ο
218 1015 489 1086 ρημένους
535 1016 597 1069 δὲ
642 1016 937 1085 φάρμακον
991 1017 1076 1068 δεῖ
1128 1020 1413 1069 ποιεῖσθαι
1465 1023 1561 1084 τῆς
1614 1015 1788 1083 λύπης
1839 1015 1902 1067 τὸ

230 1102 432 1156 ’κείνου
463 1102 637 1171 κλέος,
677 1103 743 1156 ὃν
773 1104 865 1156 καὶ
895 1104 1028 1172 μετὰ
1065 1109 1217 1156 θεῶν
1256 1102 1491 1169 ὀμνύναι
1528 1110 1627 1155 τοῦ
1665 1106 1905 1172 σήματος

219 1191 558 1260 ἁπτομένους
618 1194 829 1259 μᾶλλον
883 1193 1116 1259 εὔλογον
1169 1193 1204 1260 ἢ
1264 1206 1375 1244 τισι
1436 1199 1547 1245 τῶν
1609 1193 1905 1262 βαρβάρων

218 1284 350 1344 τοὺς
387 1279 513 1351 παρ’
546 1281 733 1343 αὐτοῖς
773 1281 1165 1343 δικαιοτάτους.

328 1370 451 1423 308.
505 1362 569 1421 Ὦ
612 1370 892 1435 δαιμόνων
936 1366 1039 1439 μὲν
1084 1370 1334 1439 τρόφιμε,
1382 1370 1660 1436 δαιμόνων
1708 1365 1768 1422 δὲ
1807 1389 1905 1437 μα-

153 1479 194 1512 15
217 1459 380 1527 θητά,
436 1459 717 1527 δαιμόνων
771 1455 832 1511 δὲ
880 1458 1136 1528 πάρεδρε,
1187 1454 1228 1510 ὦ
1279 1459 1476 1528 μικρὸν
1520 1458 1621 1527 μὲν
1665 1465 1760 1526 τῆς
1806 1465 1905 1526 γῆς

221 1547 385 1618 μέρος
422 1546 662 1616 κατέχων
703 1548 795 1600 διὰ
833 1554 933 1600 τοῦ
972 1547 1171 1616 τάφου,
1209 1554 1391 1599 πᾶσαν
1437 1543 1498 1599 δὲ
1543 1552 1618 1618 τῷ
1658 1547 1904 1614 θαύματι

128 1648 170 1690 R
192 1653 277 1692 626
316 1637 417 1704 τὴν
467 1635 815 1705 οἰκουμένην,
872 1636 879 1704 Ι
936 1633 978 1689 ὦ
1028 1635 1326 1704 νενικηκὼς
1379 1635 1574 1704 μάχαις
1626 1635 1727 1702 μὲν
1775 1637 1905 1697 τοὺς

220 1724 594 1793 ἀλλοφύλους,
649 1723 841 1793 ἀμαχεὶ
892 1721 954 1777 δὲ
999 1726 1129 1787 τοὺς
1176 1724 1520 1793 ὁμοφύλους,
1576 1721 1618 1777 ὦ
1669 1724 1903 1793 πατράσι

217 1810 320 1880 μὲν
357 1814 589 1880 παίδων,
627 1812 783 1866 παισὶ
823 1810 884 1866 δὲ
922 1811 1191 1882 πατέρων,
1238 1811 1498 1881 ἀδελφοῖς
1544 1809 1606 1865 δὲ
1646 1812 1905 1882 ἀδελφῶν

340 1991 361 2029 1
395 1986 529 2030 Paus.
555 1988 575 2030 I
600 1992 670 2042 30,
689 1993 714 2030 3
837 1993 862 2031 2
894 1987 1041 2031 Α11011.
1066 1987 1146 2031 vit.
1171 1986 1290 2030 Plat.
1325 2002 1369 2044 p.
1397 1991 1496 2042 395,
1514 1991 1569 2030 27
1594 1986 1739 2031 West.

340 2154 362 2192 1
396 2147 515 2193 νέων
539 2149 585 2191 Ρ
612 2148 694 2191 sed
726 2147 778 2193 νέ
807 2148 857 2192 in
880 2162 955 2192 ras
978 2148 1049 2191 m⁴
1167 2153 1193 2191 2
1226 2147 1257 2191 ἃ
1289 2147 1369 2191 καὶ
1399 2147 1447 2190 111
1479 2160 1554 2190 ras
1579 2147 1650 2191 P⁴
1677 2147 1684 2205 Ι
1711 2150 1904 2191 τελεῖται

230 2209 275 2253 U
316 2212 320 2265 l
372 2210 446 2251 δεῖ
480 2207 676 2262 inserui,
721 2207 816 2252 ἔδει
854 2207 959 2251 coni
990 2207 1058 2250 Re
1179 2211 1204 2250 3
1253 2205 1413 2250 σκολιά
1450 2206 1558 2249 libri
1608 2209 1614 2262 Ι
1662 2206 1808 2250 τούτω
1841 2208 1903 2263 (1)

221 2268 346 2310 inser
369 2267 428 2310 1²
548 2271 573 2309 6
607 2265 658 2310 δὲ
683 2267 758 2311 La
880 2271 904 2309 7
937 2273 1033 2316 πῶς
1057 2266 1158 2310 Mor
1217 2281 1316 2315 πως
1338 2265 1461 2309 Fabr
1580 2269 1607 2309 8
1640 2265 1901 2323 ἐπιθυμητὴ

222 2328 307 2370 Mo
457 2330 482 2369 9
514 2325 678 2382 ἀρετῆς
708 2324 897 2369 πάντων
928 2325 976 2368 111
1008 2338 1142 2382 marg
1171 2325 1295 2368 inser
1322 2323 1380 2367 1²
1531 2329 1582 2367 11
1618 2323 1816 2381 ὃμνῦναι
1848 2338 1904 2368 ex

222 2384 420 2440 ὀμνύναι
452 2399 553 2428 corr
576 2386 622 2429 P
666 2385 672 2442 1
716 2385 922 2440 σώματος
955 2386 1013 2427 Μ
1043 2384 1183 2441 sedo]
1216 2396 1356 2439 supra
1388 2401 1421 2427 ω
1454 2383 1524 2426 1113
1646 2388 1699 2426 12
1732 2386 1904 2439 μᾶλλον

220 2443 288 2487 Re
357 2440 466 2499 μάλ’
501 2443 610 2486 libri
641 2443 743 2487 Mor
772 2442 895 2486 Fabr
921 2445 926 2498 1
954 2444 1044 2486 τισὶ
1074 2449 1167 2487 τῶν
1155 2401 1244 2487 ηΡ
1272 2442 1352 2486 sed
1385 2442 1429 2485 σὶ
1459 2449 1550 2486 τῶν
1581 2442 1630 2486 111
1661 2456 1736 2485 ras
1769 2447 1793 2485 2
1826 2441 1906 2485 litt

219 2503 291 2545 m⁸
317 2506 323 2558 Ι
349 2510 442 2546 τῶν
473 2516 548 2546 0111
573 2503 684 2547 MU
716 2504 723 2559 Ι
759 2518 823 2546 ων
854 2502 904 2545 111
935 2501 1182 2560 βαρβάρων
1213 2501 1262 2544 111
1293 2514 1368 2545 ras
1401 2501 1472 2545 P³
1504 2503 1551 2545 et
1581 2501 1630 2545 in
1661 2515 1735 2545 ras
1767 2506 1794 2544 4
1824 2500 1905 2543 litt

219 2590 279 2634 1²
340 2576 589 2663 βαρβάὸὅῗι
623 2592 685 2635 M
755 2562 1011 2648 βαρβάρων
1036 2591 1121 2635 Mo
1198 2589 1452 2664 βαρβάροις
1491 2591 1536 2635 U
1680 2594 1733 2633 14
1761 2583 1813 2632 Ὦ
1846 2614 1900 2621 -

223 2654 278 2693 15
310 2648 509 2704 πάρεδρε
535 2649 651 2693 citat
675 2649 886 2693 Socrates
909 2649 987 2692 1.1.
1014 2645 1112 2693 εἶτα
1143 2648 1300 2704 πρόσω
1326 2648 1491 2705 μικρὸν
1514 2647 1707 2706 ὑποβάς,
1734 2642 1787 2690 Ὦ
1811 2649 1900 2690 κτλ.

222 2721 247 2751 e
279 2722 369 2763 quo
401 2708 548 2752 latine
572 2722 703 2752 versa
733 2708 928 2765 praebet
959 2707 1162 2752 Cassiod.
1190 2708 1296 2751 hist.
1322 2708 1429 2764 trip.
1443 2707 1528 2752 VH
1553 2721 1590 2750 ο.
1610 2711 1635 2749 2
1670 2711 1694 2760 5
1720 2710 1805 2749 302
1839 2707 1906 2762 (et

219 2766 340 2810 Hist.
358 2767 487 2810 Misc.
506 2767 568 2810 XI
594 2770 686 2824 24):
724 2768 761 2812 Ο
790 2768 1059 2811 daemonum
1089 2768 1270 2812 alumne
1302 2768 1653 2822 daemonumque
1683 2765 1904 2820 discipule

220 2831 262 2872 et
286 2826 553 2871 daemonum
576 2827 830 2872 observator
943 2830 997 2870 15
1020 2824 1314 2881 παρεδρευτά
1339 2825 1448 2868 Socr
1475 2826 1480 2881 Ι
1507 2823 1642 2881 μέρος
1665 2830 1744 2879 τῆς
1767 2829 1850 2879 γῆς
1873 2825 1901 2867 1

285 2889 338 2928 18
371 2884 635 2941 ὁμοφύλους
665 2887 711 2930 Ρ
740 2885 821 2928 sed.
853 2883 912 2942 ὀμ
941 2884 990 2928 111
1020 2898 1096 2928 ras
1127 2884 1198 2927 m'
