2054 3140
679 132 909 196 LiBANH
940 151 1163 196 ORATIO
1195 151 1302 195 xm
1752 151 1822 204 57

252 294 347 342 96v
391 289 552 358 ἄριστε
597 290 789 356 ἀχιλλεῦ
837 319 906 325 —
953 299 1058 350 πῶς
1101 290 1192 340 οὐκ
1230 289 1415 340 ἄτοπον
1453 293 1484 339 i.
1511 307 1549 338 e.
1589 291 1824 341 Aristidis

139 365 496 434 Πρεσβευτικὸς
540 368 574 413 t.
607 366 659 413 II
696 383 742 429 p.
779 367 901 427 585,
936 367 1076 414 1—8
1118 367 1190 414 ed.
1230 366 1377 414 Dind.
1453 366 1667 428 Reliqua
1709 381 1825 428 pars

136 442 284 490 huius
321 440 431 488 folii
469 455 628 488 vacua
668 443 756 489 est.

249 515 351 564 Fol.
380 515 447 562 97
488 512 610 579 ἔχων
648 532 720 573 τις
758 514 940 573 παῖδας
971 513 1062 563 δύο
1105 508 1162 581 (t.
1187 514 1259 561 IV
1279 507 1436 579 669)3
1476 514 1573 562 des.
1605 514 1689 562 fol.
1719 516 1821 562 102

137 589 297 637 verbis
335 586 468 653 τήρει
512 586 603 651 τὴν
642 586 765 654 πρὸς
803 586 954 637 αὐτὸν
998 587 1204 654 εἰρήνην
1253 582 1399 655 (686,
1428 581 1534 654 19).
1611 588 1827 650 Reliqua

137 677 255 726 pars
293 663 403 710 folii
440 677 597 710 vacua
637 666 724 711 est.

246 737 352 784 Fol.
389 737 492 784 103
541 743 628 785 τοῦ
667 736 892 801 λιβανίου
932 729 1112 804 (rubr.)
1160 734 1658 802 προσφωνητικὸς
1697 735 1823 785 ἰου-

137 813 333 859 λιανῶ.
1369 811 1371 813 ’

246 885 360 932 Des.
392 884 476 932 fol.
521 886 640 933 107.
728 885 925 934 Folium
990 887 1119 934 107v
1181 887 1230 933 et
1291 885 1509 947 quinque
1572 885 1826 946 sequentia

135 974 292 1006 vacua
353 961 480 1007 sunt.
571 958 858 1021 Sequuntur
918 960 1040 1021 alia,
1100 960 1231 1007 inter
1291 974 1415 1021 quae
1469 959 1576 1007 vita
1627 958 1827 1006 Libanii

137 1033 432 1095 Eunapiana
473 1026 604 1098 (135
644 1031 908 1082 εὐναπίου·
961 1032 1014 1082 ἐκ
1051 1040 1138 1082 τοῦ
1178 1033 1373 1098 βιβλίου
1411 1039 1498 1081 τοῦ
1538 1031 1826 1098 ἐπιγεγραμ-

137 1104 286 1171 μένου
326 1106 426 1171 βίοι
465 1114 733 1170 σοφιστῶν·
781 1107 1030 1172 Λιβάνιον
1076 1105 1319 1173 ἀντιόχεια
1357 1134 1430 1140 --
1473 1108 1575 1155 136
1625 1105 1827 1172 ἕπηρεία

140 1180 287 1245 τύχης
326 1175 657 1248 συμβάντων).

247 1255 332 1304 46.
394 1255 707 1303 Parisinus
762 1273 839 1319 gr.
885 1257 1025 1304 3035
1085 1250 1256 1323 (antea
1304 1249 1472 1322 3281)
1533 1255 1586 1302 in
1640 1255 1824 1303 chartis

134 1328 396 1392 laevigatis
434 1330 621 1378 formae
661 1333 826 1378 sextae
874 1330 1090 1378 decimae
1131 1331 1342 1392 scriptus
1389 1330 1585 1377 saeculo
1623 1329 1756 1389 XIV,
1795 1344 1826 1376 a

135 1402 382 1451 vermibus
422 1419 665 1465 corrosus,
714 1405 1059 1453 miscellaneus
1106 1405 1326 1452 continet
1363 1404 1447 1451 fol.
1483 1404 1586 1451 105
1627 1402 1827 1451 Libanii

137 1477 200 1524 ad
238 1477 488 1524 Iulianum
528 1478 792 1540 epistulam
819 1479 886 1526 33
925 1477 979 1526 in
1009 1478 1106 1526 fine
1147 1471 1323 1544 (1061)
1355 1478 1658 1525 rubricatam
1689 1475 1826 1540 λιβά-

135 1568 242 1608 νιος
282 1549 513 1599 ἰουλιανῶ
561 1554 610 1599 et
655 1554 769 1614 post
817 1552 1091 1600 orationem
1129 1551 1386 1615 θεμιστίου
1427 1550 1707 1614 φιλοσόφου
1737 1546 1827 1599 ’ἐπὶ

138 1622 282 1690 πατρὶ
323 1617 417 1690 (=
450 1641 519 1673 or.
551 1625 642 1672 XX
679 1642 727 1687 p.
763 1626 868 1673 285
910 1626 982 1673 ed.
1014 1619 1187 1692 Dind.)
1228 1628 1278 1674 et
1317 1626 1557 1687 epistulas
1598 1625 1793 1687 Synesii

247 1698 330 1746 fol.
367 1700 469 1746 149
511 1700 605 1746 inc.
652 1700 1058 1747 AIBANIOY
1099 1695 1497 1748 (ΟΦΙΕΤΟΤ
1544 1712 1824 1765 προσφω-

138 1770 381 1834 νητικὸς
421 1771 719 1822 ἰουλιανῶ.
795 1773 908 1823 DeS.
940 1773 1025 1821 fol.
1063 1775 1205 1821 155V.

246 1845 330 1894 fol.
375 1847 476 1893 157
518 1848 612 1894 inc.
674 1847 925 1912 Λιβανίου
987 1854 1224 1910 σοφιστοῦ
1285 1845 1553 1911 ἐπιστολαί,
1617 1862 1826 1909 quarum

136 1920 298 1982 prima
336 1913 429 1986 (α’)
463 1919 708 1986 Λαμπρὸς
746 1917 867 1985 ἡμῖν
907 1914 1001 1987 (=
1037 1915 1191 1987 336),
1230 1922 1407 1969 ultima
1441 1915 1530 1988 (o')
1570 1927 1635 1970 τῶ
1667 1918 1823 1969 αὐτῶ·

138 1986 462 2060 (ἀνδρονίκω)
502 1992 756 2058 εἰληφέναι
795 2009 885 2043 σου
925 1989 1021 2062 (=
1056 1990 1148 2062 30)
1189 1996 1310 2043 folio
1349 1997 1480 2043 187V
1519 1995 1712 2043 desinit.

245 2066 540 2129 Priusquam
579 2069 730 2116 codex
771 2063 924 2136 (anno
959 2063 1124 2136 1719)
1168 2070 1522 2118 bibliothecam
1562 2069 1712 2132 Regis
1750 2068 1824 2116 in-

134 2143 306 2202 traret,
328 2142 425 2189 fuit
443 2141 682 2205 Stephani
697 2143 909 2205 Baluzii,
938 2147 1084 2192 antea
1109 2146 1276 2192 autem
1297 2136 1561 2192 cardinalis
1584 2141 1826 2190 Nicolai

133 2214 457 2278 Rodulphi;
515 2232 631 2264 nam
681 2217 724 2265 si
774 2218 894 2265 haec
941 2234 1066 2280 quae
1121 2233 1272 2281 supra
1330 2219 1554 2266 recensui
1609 2217 1825 2278 reliqua-

135 2305 230 2351 que
270 2305 395 2351 quae
435 2305 491 2338 eo
532 2292 846 2339 continentur
895 2285 1153 2358 (Aristidis
1194 2291 1352 2340 oratio
1400 2292 1485 2340 fol.
1528 2294 1575 2352 1,
1630 2290 1825 2353 Synesii

134 2363 375 2426 epistulae
421 2364 505 2412 fol.
548 2365 615 2412 38
669 2369 719 2413 et
765 2367 1012 2414 orationes
1059 2366 1142 2414 fol.
1180 2367 1307 2426 123,
1362 2364 1539 2414 Galeni
1589 2365 1824 2427 opuscula

133 2437 216 2484 fol.
257 2431 386 2503 197)
436 2439 702 2487 contuleris
750 2454 862 2487 cum
909 2439 1073 2488 codice
1120 2441 1210 2502 qui
1254 2440 1307 2487 in
1358 2435 1539 2497 ‘indice
1585 2439 1824 2486 librorum

135 2510 321 2558 domini
358 2511 556 2559 Nicolai
596 2513 859 2560 cardinalis
898 2509 1169 2575 Rodulphi'
1209 2530 1239 2561 a
1277 2514 1661 2562 Montefalconio
1693 2511 1822 2559 Bibl.

133 2599 374 2632 manuscr.
399 2585 449 2632 Π
480 2603 527 2648 p.
549 2587 651 2634 766
669 2601 737 2648 sq.
771 2587 925 2634 latine
963 2586 1157 2635 reddito
1195 2605 1242 2649 p.
1265 2589 1365 2635 777
1395 2588 1483 2634 cN
1511 2587 1641 2634 inter
1670 2586 1824 2633 libros

137 2653 366 2706 ‘Graecos
411 2659 690 2721 promiscue
736 2662 787 2707 in
836 2676 983 2723 capsa
1035 2662 1102 2709 25
1143 2679 1190 2708 n.
1237 2658 1324 2708 27²
1388 2662 1460 2708 ita
1510 2659 1823 2708 describitur:

132 2730 372 2780 Aristidis
417 2735 584 2781 oratio.
660 2734 852 2795 Synesiz'
902 2735 1126 2795 epistolae
1174 2737 1279 2782 103
1335 2739 1377 2782 et
1422 2736 1525 2783 alia
1571 2734 1822 2793 quaedam.

133 2804 339 2854 Libamii
353 2799 395 2871 1)
435 2810 477 2855 et
517 2806 744 2856 Gallieni.
820 2808 1026 2857 Libanii
1065 2810 1290 2869 epistolae
1328 2811 1414 2864 70,
1461 2807 1686 2856 dubitare
1725 2822 1823 2854 non

256 2963 297 3017 1)
342 2961 486 3005 Index
524 2975 718 3019 graecus
758 2962 931 3006 codicis
971 2963 1171 3006 Parisini
1202 2977 1267 3020 gr.
1295 2967 1410 3006 3074
1450 2976 1475 3006 e
1515 2975 1606 3018 quo
1643 2961 1821 3004 Monte-

1857 1263 1912 1302 93
