2060 3162
224 125 333 178 558
737 123 967 168 LIBANH
997 123 1222 168 ORATIO
1255 123 1381 168 XXV

227 262 506 328 δουλείαν,
547 259 653 330 ἐρῶ
693 252 815 329 γάρ,
863 260 893 312 ὅ
932 280 985 312 τι
1025 260 1213 322 αὐτοῖς
1251 260 1427 328 ὄνομα
1464 260 1531 312 τὰ
1569 261 1701 330 ἔργα
1739 256 1920 313 τέθει-

225 370 327 403 ται.
405 350 494 402 44.
536 351 714 418 δῆμον
754 346 815 402 δὲ
855 348 922 402 ὃν
954 349 1110 416 ἄγειν
1149 347 1422 417 λέγονται,
1463 356 1781 418 σωφρονεῖν
1817 345 1922 418 μὲν

134 452 177 495 R
199 450 315 495 H78
355 437 625 492 ἐθέλοντα
664 439 862 505 ἄγουσι
900 438 989 491 καὶ
1025 437 1032 506 Ι
1066 437 1329 506 βλέψαιεν
1364 436 1434 490 ἂν
1465 438 1545 500 εἰς
1583 437 1787 500 αὐτοὺς
1825 457 1919 506 χα-

226 528 395 581 λεπὸν
435 526 498 582 ἐν
536 527 752 597 ἡσυχία,
792 526 863 595 ἢν
896 523 956 580 δὲ
992 527 1258 595 κυματίας
1297 526 1326 580 ὁ
1360 527 1531 595 δῆμος
1565 525 1789 595 γένηται
1828 524 1920 580 καὶ

181 618 409 683 εθυμὸς
463 617 603 685 εἰσίῃ
657 616 757 668 τὸν
812 615 1026 684 ὅμιλον,
1079 617 1269 668 ποδῶν
1324 613 1394 668 ἂν
1449 613 1565 668 δέοι
1618 622 1920 684 τηνικαῦτα

222 713 338 768 τοῖς
368 705 616 773 ἡγεμόσι,
655 708 867 772 μᾶλλον
899 701 961 757 δὲ
991 714 1225 774 πτερῶν,
1262 706 1311 758 εἰ
1342 704 1642 774 μέλλουσιν
1673 704 1919 774 ἀποφεύ-

223 794 419 858 ξεσθαι
463 795 525 847 τὸ
567 801 696 861 πῦρ.
771 794 981 847 οὐκοῦν
1031 791 1093 847 ἐν
1147 793 1299 863 μέρει
1354 794 1684 858 δεσπόζουσί
1725 814 1783 847 τε
1828 794 1920 848 καὶ

224 884 558 936 δουλεύουσι
595 884 725 945 τοὺς
765 883 966 945 αὐτοὺς
1003 890 1112 936 νῦν
1149 882 1252 950 μὲν
1291 884 1772 951 καταπλήττοντες,
1811 890 1922 937 νῦν

225 969 286 1024 δὲ
326 972 426 1041 οὐχ
465 970 852 1038 ὑπομένοντες.
929 969 1021 1024 καὶ
1061 972 1171 1040 μὴν
1210 971 1344 1024 ὅταν
1383 990 1443 1039 γε
1482 971 1589 1040 πρὸ
1621 980 1735 1025 τῶν
1767 973 1919 1025 δικα-

158 1082 201 1114 1ο
226 1061 467 1128 στηρίων
507 1059 943 1129 διεσπαρμένους
981 1059 1010 1112 ὁ
1050 1057 1220 1129 κῆρυξ
1261 1059 1491 1113 εἰσιέναι
1529 1061 1749 1129 κελεύῃ,
1791 1061 1921 1131 ‹596-

223 1169 332 1217 μου
374 1149 459 1201 δεῖ
497 1149 750 1218 καθάπερ
791 1157 906 1211 τοῖς
945 1147 1196 1216 οἰκέταις,
1236 1148 1415 1216 βάδην
1446 1145 1508 1200 δὲ
1541 1149 1644 1201 οὐκ
1675 1148 1746 1202 ἂν
1776 1147 1918 1219 ἐξείη

222 1246 437 1307 χωρεῖν,
485 1238 620 1290 ὥστε
661 1238 718 1290 οἱ
751 1238 825 1290 τὼ
866 1238 1001 1290 πόδε
1045 1244 1344 1300 νοσοῦντες
1390 1236 1668 1307 ὠχριῶσιν
1705 1236 1919 1307 ὑστερί-

225 1330 422 1391 ζοντες.
500 1325 602 1379 οὐκ
643 1327 749 1396 ἄρα
787 1327 961 1395 πολλὴ
1002 1328 1062 1380 τό
1103 1345 1165 1394 γε
1205 1326 1349 1379 οὕτω
1392 1329 1487 1394 ζῆν
1526 1324 1833 1394 ἐλευθερία.

334 1415 420 1468 45.
465 1416 546 1468 Οὐ
585 1416 695 1483 μὴν
734 1415 867 1468 οὐδὲ
905 1415 966 1468 τὸ
999 1413 1061 1468 ἐν
1092 1415 1317 1482 ἀσκήσει
1349 1415 1597 1484 σώματος
1630 1417 1740 1484 ζῆν,
1781 1416 1919 1468 ὅθεν

155 1526 198 1558 15
224 1505 277 1557 οἱ
311 1504 592 1573 στέφανοι,
633 1506 885 1566 δουλείας
915 1503 985 1557 ἂν
1016 1503 1439 1573 ἀπηλλαγμένον
1467 1504 1569 1572 εἴη.
1615 1503 1781 1572 χωρὶς
1812 1505 1917 1574 γὰρ

224 1594 291 1661 δὴ
330 1601 425 1662 τῆς
463 1592 524 1646 ἐκ
560 1593 861 1663 παιδαρίου
902 1594 1158 1655 δουλείας
1195 1593 1267 1661 ἣν
1298 1591 1593 1646 ἐδούλευσε
1634 1593 1918 1662 παιδοτρί-

221 1683 361 1750 βαις,
400 1691 571 1735 κεῖται
610 1679 712 1750 μὲν
743 1680 837 1734 ὑπ’
861 1681 1233 1755 ἀγωνοθετῶν
1265 1682 1472 1750 ὀργαῖς,
1511 1690 1683 1734 κεῖται
1717 1678 1777 1734 δὲ
1808 1681 1917 1734 ὑπὸ

223 1779 428 1839 κριτῶν
466 1772 691 1839 ψήφοις,
729 1779 902 1823 κεῖται
943 1767 1004 1823 δὲ
1043 1771 1150 1823 ὑπὸ
1190 1775 1425 1839 θεωρῶν
1463 1778 1695 1839 κραυγῇ,
1734 1770 1823 1823 καὶ
1864 1770 1916 1823 oz

224 1859 528 1928 ῥαβδοῦχοι
567 1867 920 1928 περιεστᾶσιν
959 1858 1169 1926 ἕτοιμοι
1207 1860 1302 1921 τὰς
1342 1858 1535 1922 δεξιάς.

343 2055 370 2093 4
401 2049 685 2103 Her.11111,
705 2054 728 2092 1
853 2054 878 2092 5
902 2064 947 2105 p.
975 2053 1074 2102 475,
1095 2053 1148 2092 17
1178 2051 1184 2104 Ι
1211 2064 1255 2105 p.
1275 2053 1497 2103 400‚3sq.
1532 2051 1713 2103 481‚17.
1741 2050 1918 2102 476,10

286 2114 339 2152 16
371 2107 491 2152 Plat.
521 2107 675 2165 Symp.
701 2123 745 2164 p.
774 2107 912 2151 207D

343 2291 366 2329 1
417 2286 532 2342 ἔργω
568 2287 612 2330 V
662 2290 666 2340 Ι
725 2284 813 2341 γάρ
846 2311 902 2316 —-
937 2285 1096 2334 αὐτοῖς
1133 2284 1183 2327 in
1221 2284 1307 2328 lac.
1336 2288 1450 2328 8—-9
1483 2283 1564 2327 litt
1603 2298 1678 2327 om
1709 2283 1751 2326 V
1805 2285 1811 2339 Ι
1867 2299 1912 2326 τι

223 2345 390 2401 scripsi
422 2347 610 2389 aucssorc
635 2344 815 2388 Sinteni
842 2345 849 2400 Ι
878 2341 988 2397 ὅπερ
1014 2343 1059 2386 Β
1123 2341 1197 2387 ὅτε
1226 2341 1397 2398 reliqui
1421 2342 1531 2386 libri
1595 2339 1618 2387 δ’
1643 2358 1692 2399 γε
1718 2342 1822 2386 coni
1846 2342 1916 2387 Re

227 2404 231 2462 Ι
269 2405 427 2454 αὐτοῖς
459 2403 624 2460 scripsi
655 2418 761 2447 cum
785 2403 854 2447 Re
886 2404 934 2446 et
966 2402 1146 2446 Sinbeni
1209 2402 1348 2452 αὐτὸς
1379 2402 1488 2446 libri
1522 2401 1613 2445 edd
1734 2406 1759 2444 3
1795 2402 1914 2455 „imo

222 2477 325 2508 vero
356 2463 421 2513 εἰς
453 2464 625 2507 αὐτὸν“
657 2463 727 2507 Re
776 2464 782 2519 Ι
833 2463 888 2506 οὐ
920 2461 1123 2519 χαλεπὸν
1156 2462 1202 2504 Β
1375 2466 1402 2503 4
1433 2458 1491 2516 ἢν
1526 2487 1582 2493 —-
1616 2466 1639 2503 7
1672 2468 1765 2517 πῦρ
1799 2460 1916 2504 citat

222 2522 384 2565 Macar
413 2522 494 2567 fol.
520 2527 600 2566 92v
749 2527 777 2565 4
809 2518 1036 2577 κυματίας
1067 2519 1119 2564 δὲ
1152 2519 1175 2564 ὁ
1208 2523 1353 2595 δῆμος
1384 2518 1443 2576 ἣν
1476 2518 1665 2576 γένηται
1695 2520 1856 2563 Macar

223 2579 450 2637 κυματίας
479 2582 527 2625 Ρ
554 2581 635 2624 sed
666 2597 775 2637 ματι
806 2581 856 2623 in
878 2593 954 2623 ras
978 2579 1048 2622 m²
1108 2582 1367 2636 κυματιζων
1399 2579 1500 2622 Mor
1643 2584 1669 2622 5
1703 2577 1727 2623 ὁ
1758 2578 1913 2634 θυμὸς

223 2639 384 2683 Macar
410 2642 416 2696 Ι
445 2639 587 2694 εἰσήει
618 2641 664 2684 Β
695 2639 856 2683 Macar
883 2639 889 2698 Ι
916 2639 1077 2683 ποδῶν
1101 2640 1148 2683 P
1175 2638 1257 2681 sed
1287 2641 1382 2683 ποδ
1412 2638 1462 2681 in
1485 2652 1561 2681 ras
1585 2637 1654 2680 m²
1775 2642 1801 2680 6
1832 2652 1913 2680 πε-

223 2706 342 2753 τρῶν
369 2700 413 2742 V
557 2703 612 2742 10
644 2697 787 2754 κήρυξ
821 2699 866 2742 V
1007 2702 1059 2740 11
1095 2696 1246 2755 βάδην
1277 2724 1336 2730 -
1370 2702 1423 2740 12
1457 2694 1765 2751 ὑστερίζοντες
1796 2695 1914 2740 citat

223 2757 340 2801 Plan
371 2757 450 2801 fol.
473 2761 576 2801 1042r
711 2762 763 2800 11
798 2754 843 2800 δ’
874 2757 942 2799 Re
969 2758 975 2813 Ι
1005 2755 1124 2810 ἐξήει
1148 2757 1183 2799 Ι
1313 2761 1366 2800 12
1399 2753 1520 2799 ὥσθ’
1548 2755 1616 2799 Re
1644 2756 1650 2814 Ι
1677 2756 1758 2799 καὶ
1790 2753 1835 2798 οἱ
1866 2755 1913 2797 Β

285 2821 340 2859 13
373 2815 519 2867 οὕτως
548 2817 792 2861 ΑΡΜοΜ
811 2815 913 2860 Mor
1065 2820 1119 2858 14
1153 2814 1204 2859 δὲ
1238 2816 1324 2859 Mo
1346 2815 1448 2858 Mor
1486 2817 1492 2871 Ι
1533 2815 1739 2869 σώματος
1770 2815 1806 2857 I
1829 2813 1912 2857 sed

224 2893 259 2918 ω
293 2889 316 2918 e
347 2892 400 2919 το
440 2890 541 2919 corr
564 2875 634 2918 m3
725 2874 932 2931 σ’ματος
974 2875 1019 2919 U
1192 2879 1245 2917 17
1292 2873 1375 2931 μὲν
1407 2874 1535 2917 inser
1556 2873 1615 2917 1³
1706 2887 1781 2916 om
1813 2872 1858 2916 U

227 2938 280 2977 19
314 2941 603 2988 περιεστᾶσιν
637 2936 698 2978 Μ
726 2934 808 2978 sed
839 2951 866 2978 ν
899 2934 991 2977 add
1016 2933 1086 2976 m²
