2060 3162
675 111 902 157 LIBANII
934 110 1156 156 ORATIO
1187 111 1337 156 XVIII
1749 110 1855 163 325

174 252 568 321 αἰσχυνόμενος
605 250 849 318 ἠνείχετο
888 247 979 301 καὶ
1019 248 1079 300 τὸ
1121 249 1308 300 δοκεῖν
1339 243 1482 299 εἶναι
1521 245 1742 315 βέβαιος
1781 247 1859 308 εἰς

174 342 368 409 φιλίαν
437 345 536 391 τοῦ
605 338 874 390 τοιούτων
943 339 1123 390 ὄντων
1191 336 1538 405 ἀπηλλάχθαι
1608 343 1859 403 κρεῖττον

174 430 371 497 ἡγεῖτο.
447 425 570 478 203.
610 424 736 479 ὥστ’
767 426 954 495 ἠγνόει
991 426 1093 493 μὲν
1132 426 1362 488 οὐδενὸς
1396 434 1507 478 τῶν
1538 425 1860 492 πλησιαζόν-

174 537 285 569 των
321 517 423 585 τὴν
462 516 654 584 φύσιν,
705 517 911 584 χαίρων
950 513 999 566 δ’
1032 514 1215 567 αὐτῶν
1253 522 1369 576 τοῖς
1408 514 1732 575 σπουδαίοις
1769 513 1860 565 καὶ

177 605 471 675 συμφορὰν
509 605 639 666 τοὺς
678 602 897 672 ἑτέρους
935 605 1142 673 κρίνων
1180 612 1293 655 τῶν
1337 603 1439 671 μὲν
1486 607 1683 670 εἴχετο,
1730 603 1860 664 τοὺς
1907 622 1927 654 5

176 691 237 746 δὲ
291 693 392 746 οὐκ
447 691 779 760 ἀπήλαυνεν,
836 691 974 745 ἀλλὰ
1026 692 1118 744 καὶ
1170 690 1444 761 σοφιστὴν
1493 692 1716 761 κρείττω
1767 698 1862 759 τῆς

174 784 546 851 προσηγορίας
605 783 981 851 παρεχόμενον
1034 782 1132 833 τὸν
1183 782 1392 851 τρόπον
1446 778 1717 847 ἐθαύμαζε
1772 777 1863 832 καὶ

95 877 99 881 ’
176 871 490 940 φιλόσοφον
541 872 703 939 χείρω
755 876 853 923 τοῦ
885 872 1176 939 ’σχήματος
1228 867 1586 938 ἐλεγχόμενον
1640 866 1863 935 ἐκάκιζε,

174 959 236 1012 τὸ
288 955 349 1011 δὲ
398 960 471 1028 μὴ
527 960 712 1012 δοκεῖν
767 957 828 1011 ἐν
881 965 946 1029 τῇ
1000 961 1250 1028 βασιλείᾳ
1303 958 1536 1019 παλαιὰς
1590 956 1864 1025 ἀτιμάζειν

175 1049 478 1115 συνηθείας
516 1048 693 1100 πάντα
732 1045 920 1100 ἔπειθε
960 1046 1167 1116 φέρειν.
1888 1067 1931 1098 10

290 1136 411 1188 204.
445 1134 610 1189 Ἀλλά
642 1137 746 1206 γὰρ
786 1135 1083 1204 ἐπιθυμεῖν
1121 1156 1215 1204 μοι
1255 1135 1466 1188 δοκεῖτε
1503 1142 1596 1203 τῆς
1635 1142 1746 1186 τῶν
1784 1153 1865 1186 τε-

180 1228 449 1278 λευταίων
487 1223 576 1278 καὶ
616 1227 891 1294 μεγίστων
930 1224 1110 1293 ἀκοῆς,
1152 1224 1185 1278 ἃ
1213 1223 1434 1294 Πέρσας
1470 1221 1562 1275 καὶ
1593 1223 1694 1292 τὴν
1733 1221 1867 1275 ἐκεί-

178 1333 294 1366 νων
325 1321 430 1381 γῆν
456 1313 880 1384 ἐπιστρατεύσας
914 1313 1154 1383 διέθηκε.
1215 1312 1306 1366 καὶ
1330 1312 1658 1382 θαυμαστὸν
1682 1309 1867 1379 οὐδέν,

179 1403 226 1454 εἰ
278 1402 443 1455 πάλαι
497 1403 632 1472 πρὸς
685 1403 890 1471 ταύτην
940 1404 1042 1470 τὴν
1093 1403 1289 1473 μερίδα
1342 1401 1602 1471 κεχήνατε
1655 1400 1716 1452 τὸ
1766 1399 1869 1467 μὲν

179 1491 484 1560 κεφάλαιον
522 1492 748 1559 εἰδότες,
788 1492 861 1554 ὡς
899 1500 1070 1557 νικῶν
1108 1493 1322 1559 ἔπιπτε,
1367 1499 1480 1542 τῶν
1519 1490 1580 1542 δὲ
1619 1487 1680 1542 ἐν
1717 1487 1868 1559 μέρει
1893 1509 1935 1541 15

179 1581 246 1632 τὰ
276 1576 378 1647 μὲν
409 1580 540 1633 οὐδὲ
573 1579 922 1647 ἀκούσαντες,
961 1581 1027 1631 τά
1059 1577 1111 1632 δ’
1133 1579 1233 1648 οὐχ
1264 1579 1336 1642 ὡς
1368 1581 1490 1647 ἔχει.
1561 1576 1682 1630 205.
1722 1585 1870 1630 ποιεῖ
1959 1608 1963 1613 ·

181 1668 242 1720 δὲ
303 1668 444 1737 ὑμᾶς
506 1669 795 1739 ὡρμῆσθαι
856 1669 992 1738 πρὸς
1053 1669 1152 1736 τὴν
1213 1667 1478 1736 ἀκρόασιν
1539 1667 1801 1735 λογισμὸς
1858 1663 1864 1737 Ι

180 1765 275 1824 τῆς
319 1760 554 1827 Περσῶν
610 1758 797 1825 ἰσχύος
850 1756 940 1809 καὶ
996 1757 1134 1825 ὅσην
1189 1752 1365 1809 οὖσαν
1418 1755 1618 1809 ἐνίκων
1670 1756 1772 1824 τὴν
1809 1767 1956 1810 Βῦ91

182 1847 576 1898 Κωνσταντίου
613 1845 852 1912 δύναμιν
889 1846 979 1898 καὶ
1019 1843 1105 1913 ἐφ’
1138 1846 1273 1899 ὅσον
1311 1847 1570 1914 φρόνημα
1610 1844 1700 1897 καὶ
1730 1844 1870 1913 θάρ-

183 1947 278 1995 σος
310 1932 498 1987 οὑτοσὶ
529 1943 724 2003 χωρῶν
756 1934 857 1986 οὐκ
889 1935 1077 1987 ἔδεισε.
1140 1934 1530 1996 Κωνστάντιος
1568 1934 1671 2002 γὰρ
1705 1933 1868 2002 χωρὶς
1892 1954 1936 1985 20

183 2031 294 2075 τῶν
340 2042 395 2074 τε
447 2020 628 2075 ἄλλων
682 2025 869 2092 νήσων
921 2021 1012 2075 καὶ
1062 2031 1173 2075 τῶν
1218 2020 1280 2075 ἐν
1334 2023 1554 2095 ὠκεανῷ
1603 2020 1871 2090 κειμένων

181 2111 283 2178 τὴν
340 2109 394 2173 ἐξ
454 2111 637 2164 αὐτῶν
685 2121 797 2164 τῶν
850 2110 1032 2183 ᾐόνων
1094 2111 1339 2165 ὠκεανοῦ
1392 2119 1499 2180 γῆν
1552 2109 1708 2180 μέχρι
1758 2118 1870 2162 τῶν

305 2234 327 2270 1
362 2244 415 2283 γρ
440 2231 502 2287 τῷ
533 2227 583 2286 jn
605 2240 738 2285 marg
762 2227 863 2271 Mor
890 2230 896 2283 Ι
924 2226 1115 2285 βέβαιον
1146 2227 1221 2270 La
1357 2231 1381 2268 2
1414 2233 1496 2269 τοῦ
1527 2233 1617 2270 τῶν
1648 2226 1870 2270 τοιούτων

185 2285 343 2331 Gasda
537 2292 564 2329 4
612 2284 659 2330 δ’
695 2287 847 2330 αὐτῶν
887 2288 933 2331 Ρ
968 2285 1050 2330 sed
1090 2284 1398 2342 apostrophus
1434 2284 1518 2340 m2,
1566 2284 1674 2341 spir.
1699 2284 1789 2328 len.
1823 2286 1872 2327 et

184 2354 249 2390 ῶν
280 2346 330 2389 in
352 2358 428 2389 ras
452 2345 522 2389 m3
598 2349 753 2390 δαυτῶ
793 2346 837 2390 U
901 2343 946 2391 δ’
976 2346 1099 2389 αὐτῶ
1133 2345 1208 2390 La
1279 2342 1324 2389 δ’
1355 2344 1478 2388 αὑτῶ
1511 2346 1556 2388 Β
1633 2343 1683 2387 δὲ
1716 2344 1870 2388 αὐτῶν

195 2406 319 2450 VMo
410 2404 462 2449 δὲ
494 2401 554 2448 αὖ
586 2409 649 2464 τῷ
688 2405 754 2461 (in
786 2418 920 2463 marg
949 2407 1022 2463 τῇ)
1057 2406 1120 2449 Μ
1205 2404 1256 2448 δὲ
1305 2400 1364 2447 αὖ
1397 2405 1429 2446 Ι
1465 2403 1545 2447 sed
1589 2401 1865 2446 circumflex.

122 2487 125 2490 ⁴
183 2463 254 2507 m²
285 2467 332 2508 eb
362 2466 470 2521 post
499 2482 528 2508 v
558 2477 634 2507 ras
667 2468 692 2507 2
724 2463 806 2508 litt
846 2465 852 2522 Ι
894 2471 990 2514 τοῖς
1021 2461 1298 2513 σπουδαίοις
1328 2464 1374 2508 Ρ
1402 2462 1483 2506 sed
1514 2469 1610 2513 τοῖς
1641 2463 1688 2505 et
1719 2477 1790 2512 οις
1819 2462 1870 2504 in

183 2536 260 2566 ras
290 2523 360 2566 111⁸
449 2530 510 2566 τῶ
543 2520 783 2567 σπουδαίω
816 2525 848 2566 Ι
883 2523 965 2566 sed
995 2524 1104 2579 post
1134 2530 1169 2566 ὦ
1202 2524 1250 2566 et
1280 2539 1315 2565 ω
1348 2520 1559 2577 singulae
1597 2520 1677 2564 litt
1708 2533 1808 2564 eras

184 2589 275 2626 τῶν
300 2579 568 2627 σπουδαίων
587 2582 648 2624 M
655 2581 818 2626 ULaB
940 2586 966 2625 8
999 2581 1185 2634 ἐκάθιζε
1209 2581 1311 2624 Mor
1371 2579 1550 2632 ἐκόπιζε
1574 2579 1710 2634 Fabr‚
1743 2578 1869 2635 quod

187 2655 287 2684 corr
317 2641 386 2684 Re
417 2640 646 2698 probante
676 2640 879 2684 Porsono
910 2641 1025 2684 Adv.
1053 2645 1136 2684 257
1171 2642 1292 2697 (227)
1425 2643 1450 2681 9
1494 2638 1749 2697 βούλεσθαι
1782 2637 1871 2695 (vel

184 2698 343 2744 θέλειν
359 2699 516 2755 Anim)
542 2701 698 2743 δοκεῖν
724 2699 828 2742 coni
844 2699 912 2743 Re
1020 2704 1073 2742 12
1100 2700 1179 2743 καὶ
1203 2700 1285 2756 (1)]
1309 2706 1401 2742 τῶν
1417 2697 1540 2741 Fabr
1650 2702 1703 2741 16
1729 2697 1869 2741 οὐδὲν

189 2760 273 2803 Mo
298 2759 378 2802 sed
403 2776 429 2802 ν
454 2771 556 2802 eras
618 2755 720 2802 οὐδ’
749 2758 816 2801 Re
846 2761 851 2814 Ι
878 2756 981 2803 τάδ’
1004 2759 1207 2803 BVMP
1263 2757 1314 2801 τὸ
1348 2754 1395 2802 δ’
1423 2756 1524 2800 Mor
1583 2756 1640 2800 τὰ
1665 2756 1715 2800 δὲ
1741 2755 1810 2799 Re

190 2822 242 2860 17
275 2816 395 2874 ἡμᾶς
419 2817 493 2862 La
521 2819 527 2873 ξ
555 2816 794 2873 ὁρμᾶσθαι
820 2818 864 2861 V
979 2822 1031 2860 19
1063 2816 1244 2872 θάρσος
1274 2816 1318 2860 V
1344 2815 1426 2859 sed
1455 2815 1518 2858 in‘
1535 2829 1669 2873 marg
1690 2813 1870 2870 θράσος

164 2893 165 2896 ’
249 2880 305 2919 20
339 2877 511 2920 ἔδεισεν
546 2875 706 2920 MoLa
857 2880 911 2918 22
944 2882 1034 2919 τῶν
1064 2876 1241 2921 inserui
1273 2888 1298 2918 e
1324 2874 1484 2918 BLaI
1538 2876 1724 2918 auctore
1755 2873 1823 2915 Re
1859 2872 1863 2930 Ι

189 2933 358 2979 κιόνων
383 2935 542 2979 Naber
557 2935 724 2978 Mnem.
744 2933 850 2977 XVI
868 2938 950 2976 117
980 2934 986 2991 Ι
1014 2935 1222 2978 ὠκεανοῦ
1247 2933 1420 2977 inserui
1445 2947 1469 2977 e
1492 2933 1625 2977 libris
1652 2934 1659 2988 Ι
1686 2938 1767 2975 τοῦ
1793 2931 1870 2974 La
