2060 3162
698 105 925 151 LIBANII
957 105 1181 150 ORATIO
1213 105 1341 149 XXII
1745 104 1851 157 481

167 243 374 299 εἰδέναι
428 252 541 296 τῶν
594 243 767 296 αὑτοῦ
825 243 886 295 τὸ
941 243 1254 309 κάλλιστον,
1318 238 1706 310 ἀγγελλόντων
1758 237 1863 309 μὲν

168 335 273 404 γὰρ
327 332 568 400 ἀκούειν,
624 331 841 384 οὐδέπω
898 328 959 384 δὲ·
1014 331 1188 399 αὐτὴν
1243 331 1401 398 ἰδεῖν,
1458 314 1602 383 εἶναι
1651 330 1712 383 δὲ
1758 330 1860 382 οὐκ

170 428 293 476 ἴσον
331 418 443 475 ὦτα
479 419 571 473 καὶ
606 422 832 487 ὄμματα.
908 419 1000 473 καὶ
1039 420 1332 490 παρεκάλει
1366 421 1433 488 δὴ
1472 420 1609 488 πρὸς
1647 419 1749 487 τὴν
1789 418 1862 481 ὡς

168 511 307 580 ἡμᾶς
345 509 482 563 ὁδὸν
518 509 842 579 προστιθεὶς
880 517 946 579 τῇ
985 510 1144 561 πόλει
1182 509 1284 576 τὴν
1308 509 1568 577 Δάφνην,
1607 503 1678 575 ἣν
1716 505 1863 577 ἔχειν

169 619 226 652 τε
279 598 552 668 μουσικὸν
603 598 744 650 θεὸν
796 596 887 651 καὶ
941 596 1176 666 πέμπειν
1230 595 1324 665 ἀφ’
1358 595 1552 665 ἑαυτῆς
1613 595 1702 649 ἐπὶ
1762 597 1864 665 τὴν
1910 616 1930 648 5

168 688 332 741 πόλιν
370 688 555 755 λόγων
585 685 906 756 ἐπιθυμίαν.
987 686 1069 738 19.
1111 685 1440 754 διεμέμφετο
1481 686 1584 754 μὲν
1620 681 1725 738 οὖν
1762 686 1865 753 τὴν

169 776 346 830 πολλὰ
390 776 492 842 μὲν
542 774 969 844 ἐπηγγελμένην,
1020 782 1251 828 τοιαῦτα
1301 774 1362 827 δὲ
1412 770 1866 843 ἐπιδεδειγμένην

169 863 261 918 καὶ
309 866 510 933 λόγους
557 866 760 927 καλοὺς
811 866 996 933 ἔργοις
1045 866 1292 932 χείροσιν
1347 862 1674 930 ἀνελοῦσαν,
1724 860 1866 932 ἔχων

171 953 257 1022 δέ,
313 959 464 1023 εἴπερ
520 951 806 1021 ἐβούλετο,
862 954 1024 1022 δίκην
1073 953 1144 1021 ἣν
1190 950 1452 1020 ἐβούλετο
1501 954 1695 1019 λαβεῖν
1740 950 1859 1004 οὐδ’

172 1042 345 1105 οὕτως
395 1041 578 1111 ἕτερος
631 1043 842 1110 γίνεται
897 1042 1030 1095 οὐδὲ
1079 1041 1188 1094 ὑπὸ
1242 1050 1354 1094 τῶν
1407 1042 1722 1094 ποιούντων
1771 1041 1867 1103 τὰς
1893 1061 1934 1093 ιο

174 1132 349 1194 αἰτίας
399 1129 650 1199 ἐξέβαλλε
695 1131 757 1184 τὸ
808 1134 1060 1201 φίλτρον,
1113 1129 1232 1183 ἀλλ’
1260 1130 1445 1199 ἠγάπα
1490 1150 1548 1183 τε
1596 1129 1736 1197 ὁμοῦ
1775 1128 1867 1182 καὶ

173 1221 478 1288 κατηγόρει.
565 1220 900 1274 δειπνοῦντα
955 1220 1017 1273 δὲ
1077 1219 1250 1273 αὐτὸν
1305 1219 1582 1288 ἀκούομεν
1636 1220 1703 1272 οὐ
1759 1220 1869 1272 δει-

175 1316 381 1376 πνῆσαι
427 1312 639 1377 μᾶλλον
676 1307 708 1376 ἢ
757 1316 822 1379 τῇ
863 1310 1086 1378 διανοίᾳ
1130 1306 1357 1376 βλέπειν
1403 1309 1481 1371 εἰς
1519 1309 1586 1361 τὰ
1625 1310 1871 1377 σχήματα

175 1405 270 1466 τῆς
309 1399 516 1460 πόλεως
553 1398 978 1467 παραβάλλοντα
1015 1399 1083 1450 τὰ
1121 1398 1351 1466 δεύτερα
1390 1405 1507 1459 τοῖς
1545 1396 1809 1464 ἀμείνοσι.

289 1486 376 1538 20.
437 1487 573 1538 Τίνα
614 1487 681 1555 δὴ
721 1486 848 1539 τάπὶ
888 1487 1128 1549 τούτοις;
1180 1488 1511 1539 εἰσεκαλεῖτο
1557 1482 1660 1554 μὲν
1699 1481 1871 1555 οὗπερ
1896 1506 1938 1539 15

178 1574 208 1627 ὁ
250 1576 506 1643 δικαστὴς
544 1578 824 1644 κατήγετο,
862 1584 975 1627 τῶν
1012 1594 1070 1628 τε
1110 1573 1396 1642 ἀρξάντων
1437 1579 1443 1639 Ι
1486 1575 1589 1627 οὐκ
1630 1575 1741 1627 ὀλί-
1781 1587 1823 1630 R
1845 1586 1959 1630 1112

179 1684 284 1732 γον
335 1672 431 1731 τῆς
483 1682 541 1715 τε
595 1666 799 1732 βουλῆς
855 1663 1066 1717 ὁπόσον
1120 1664 1223 1716 οὐκ
1277 1662 1594 1732 ἐπεφεύγει,
1655 1662 1747 1717 καὶ
1803 1661 1873 1732 ἦν

178 1760 343 1806 τοῦτο
381 1751 656 1822 πρᾳοτέρα
693 1772 776 1815 τις
815 1751 903 1805 ἐπὶ
941 1754 1044 1821 τὴν
1083 1754 1245 1820 δίκην
1283 1753 1421 1822 ἀρχὴ
1473 1759 1542 1825 τᾷ
1587 1771 1645 1805 τε
1690 1754 1872 1824 χωρίῳ

179 1849 295 1903 τοῖς
333 1860 390 1893 τε
427 1840 928 1910 παρακαθημένοις,
967 1842 1291 1904 κελεύοντος
1329 1841 1392 1894 δὲ
1430 1840 1662 1894 ἕκαστον
1702 1841 1874 1894 αὑτὸν

181 1929 514 1998 ἀποφαίνειν
553 1931 769 1982 δίκαιον
807 1926 878 1998 ἦν
916 1928 1017 1998 μέν
1062 1950 1146 1993 τις
1185 1929 1391 2002 ἑκάστω
1437 1929 1528 1983 καὶ
1568 1932 1759 1999 λόγος,
1809 1931 1871 1983 τὸ
1897 1952 1941 1984 so

181 2017 349 2071 πλέον
396 2015 457 2070 δὲ
504 2025 599 2086 τῆς
650 2020 921 2087 σωτηρίας
967 2017 1030 2071 ἐν
1076 2019 1311 2087 δάκρυσι
1359 2029 1474 2072 τῶν
1521 2017 1625 2088 μὲν
1675 2020 1874 2086 ὀδυρο-

302 2212 327 2251 3
361 2207 418 2252 cf.
451 2210 486 2253 t.
510 2208 552 2251 H
579 2212 677 2263 194,
698 2209 780 2251 7R

305 2358 326 2428 1
374 2388 518 2431 αὐτοῦ
544 2388 704 2431 ILMo
767 2388 883 2443 αὐτη
889 2405 911 2438 ς
937 2389 980 2431 V
1155 2393 1180 2431 2
1229 2387 1374 2444 αὐτὴν
1406 2387 1593 2443 reposui
1625 2401 1650 2430 e
1682 2384 1815 2431 libris

184 2445 329 2489 αὐτὸν
346 2446 437 2489 edd
465 2449 471 2504 Ι
499 2443 621 2490 εἶναι
637 2446 720 2499 Re,
782 2445 959 2491 εἰδέναι
982 2446 1093 2490 libri
1111 2447 1213 2490 Mor
1332 2451 1357 2488 3
1393 2442 1494 2490 ἶσον
1511 2446 1691 2490 LMoB
1718 2446 1725 2504 1
1753 2446 1812 2503 δὴ
1850 2444 1875 2490 ὃ

185 2503 238 2548 δὲ
269 2504 372 2548 Mor
491 2509 518 2548 5
549 2505 775 2580 μουσικὴν
799 2505 901 2549 Μοι·
1033 2510 1058 2549 6
1091 2503 1350 2565 ἐπιθυμίαν
1383 2506 1429 2548 Ρ
1455 2505 1538 2548 sed
1571 2521 1597 2548 ν
1630 2505 1724 2548 add
1747 2521 1792 2548 m

185 2561 436 2618 ἐπιθυμίαι
459 2565 504 2608 A
573 2564 752 2637 ἐπνθυμ
755 2562 803 2625 ίᾳ
829 2567 891 2609 Μ
960 2559 1189 2620 ἐπιθυμία
1215 2564 1530 2609 BaLMoBV
1658 2568 1684 2607 9
1719 2563 1773 2609 ὃν
1799 2565 1877 2608 Βα

186 2620 333 2678 ἤνπερ
358 2622 427 2666 Re
561 2627 615 2665 10
648 2610 854 2680 γίγνεται
885 2623 978 2667 edd
1026 2624 1032 2682 Ι
1083 2621 1187 2668 οὐδ’
1216 2623 1284 2666 Re
1423 2627 1474 2665 11
1509 2621 1718 2681 ἐξέβαλλε
1753 2625 1881 2669 ΟΛΡ

188 2681 306 2724 sed
293 2696 343 2723 ln
368 2681 456 2725 hoc
486 2683 511 2724 λ
543 2681 740 2725 alterum
766 2690 867 2726 eras
937 2681 1119 2741 ἐξέβαλε
1150 2681 1320 2738 reliqui
1344 2680 1456 2725 libri
1515 2681 1750 2740 ἐξεβάλετο
1776 2681 1878 2726 Mor

191 2741 196 2798 Ι
231 2740 283 2784 τὸ
316 2754 392 2783 om
416 2740 517 2783 Mor
544 2741 550 2798 Ι
577 2739 739 2796 ἀγάπα
774 2743 857 2785 Mo
981 2746 1034 2785 13
1066 2749 1121 2800 τῇ
1154 2757 1229 2786 om
1253 2742 1326 2785 Pa
1350 2740 1452 2784 Mor
1575 2746 1628 2784 16
1663 2739 1817 2798 ὀλίγον
1844 2742 1882 2786 G

188 2800 271 2842 sed
295 2815 319 2842 ο
346 2802 410 2856 (2)
440 2813 495 2842 ex
519 2817 554 2842 ω
588 2813 690 2843 corr
712 2814 746 2842 n
926 2805 979 2843 17
1012 2801 1273 2857 ἀποφεύγει
1299 2801 1373 2843 Βα
1557 2805 1610 2844 18
1643 2799 1877 2855 πραοτέρα

189 2859 463 2902 ΡΙΜΟΒΜ
493 2860 500 2915 Ι
526 2855 596 2908 τίς
620 2859 861 2902 ΒαΙΜοΒ
986 2865 1038 2903 19
1070 2867 1168 2911 τοῖς
1198 2859 1266 2917 τε]
1299 2859 1377 2902 καὶ
1409 2849 1506 2910 τοῖς
1529 2859 1596 2903 Re
1624 2861 1631 2915 1
1659 2859 1803 2903 αὐτὸν
1837 2860 1882 2902 Ρ

188 2917 271 2960 sed
296 2915 309 2932 '
346 2917 395 2960 in
422 2915 433 2931 ‘
473 2930 586 2971 corr,
619 2918 811 2962 IMoPa
833 2917 937 2961 Mor
1056 2923 1112 2962 20
1144 2918 1301 2975 μέντοι
1325 2919 1399 2962 Pa
1423 2918 1525 2961 Mor

277 2998 476 3031 mems
500 2999 557 3031 ed.
581 2999 821 3031 Foornter.
861 3000 914 3032 Π.
1557 2997 1608 3034 31
