2060 3162
637 118 865 162 LIBANH
896 117 1121 163 ORATIO
1153 118 1302 162 xxm
1716 117 1825 171 503

133 256 212 318 εἰς
250 254 467 324 ἀργίαν,
517 263 700 323 γονεῖς
747 252 808 308 δὲ
853 263 970 317 ταῖς
1014 254 1228 307 τούτων
1275 253 1584 317 ἐπιστολαῖς
1632 252 1826 319 ἐξαπα-

132 342 393 412 τηθέντες
438 348 628 396 καλεῖν
674 353 791 407 ταῖς
840 342 968 414 παρ’
1000 343 1184 397 αὑτῶν
1234 343 1646 412 ἀνεπείσθησαν
1695 346 1826 406 τοὺς

132 431 306 494 νέους.
373 433 427 484 οἱ
466 430 515 484 δ’
548 432 615 485 οὐ
654 439 887 485 τοσοῦτο
929 430 1103 499 μόνον
1141 432 1394 500 ἠδίκουν,
1441 430 1557 485 ἀλλ’
1590 431 1733 485 εἰσὶν
1772 434 1826 486 οἳ

133 521 352 589 γράμμα
399 517 568 573 οὐδὲν
615 522 741 574 οὔτε
786 520 1095 588 πέμψαντες
1142 522 1269 574 οὔτε
1316 523 1576 588 λαβόντες
1622 521 1825 584 αὑτοὺς

130 616 230 662 τοῦ
263 610 404 678 δρᾶν
436 608 465 662 ὃ
505 610 802 676 βούλοιντο
835 613 1268 678 καταστήσαντες
1299 612 1528 680 κυρίους
1561 610 1825 679 δήσαντες
1872 630 1891 663 5

130 699 226 761 τὰς
281 696 556 768 διφθέρας
614 698 916 767 ἀναβάντες
971 697 1056 767 ἐφ’
1095 699 1298 761 ἵππους
1359 699 1411 752 οἱ
1466 695 1567 765 μὲν
1621 698 1825 768 ἀγροὺς

130 797 291 856 σφῶν
338 786 523 840 αὐτῶν
570 786 875 856 ἐνέπλησαν
922 787 1268 858 ἀλλοτρίους,
1318 788 1371 847 οἱ
1419 788 1481 841 δὲ
1518 784 1825 860 πατρῴους,

131 872 285 928 οῑδὲ
323 876 413 929 καὶ
453 885 684 946 τροφοῖς
734 877 824 929 καὶ
863 884 1170 946 τροφεῦσιν
1219 873 1357 946 ἧκον
1396 879 1474 939 εἰς
1513 885 1695 946 χεῖρας
1733 875 1824 930 καὶ

129 965 333 1034 μητρὸς
385 964 568 1035 ἕτερος
621 965 712 1017 καὶ
765 966 972 1035 πατρὸς
1026 966 1214 1035 ἄλλος,
1269 965 1560 1036 τρέμοντες
1615 967 1683 1034 δὴ
1733 964 1824 1018 καὶ

130 1055 260 1116 τοὺς
292 1053 524 1116 ὀδόντας
547 1061 877 1123 κροτοῦντες
908 1055 999 1107 καὶ
1023 1056 1540 1124 μεταστρεφόμενοι,
1572 1055 1822 1123 καθάπερ
1850 1076 1891 1106 10

130 1143 457 1212 διωκόμενοι
513 1144 812 1206 διώκοντος
864 1140 967 1212 μὲν
1018 1143 1249 1206 οὐδενὸς
1303 1140 1435 1197 οὐδὲ
1487 1144 1825 1206 σπεύδοντος

131 1230 294 1300 ἑλεῖν,
341 1230 499 1285 αὐτοὶ
546 1228 606 1285 δὲ
652 1240 748 1300 τῆς
793 1231 919 1302 περὶ
975 1234 1175 1301 λόγους
1229 1234 1476 1301 σπουδῆς
1530 1233 1825 1295 διώκοντες

129 1320 231 1389 τὴν
270 1318 604 1389 ἀπαλλαγήν.
680 1319 771 1373 καὶ
813 1320 841 1374 ὁ
883 1322 1079 1391 χρόνος
1123 1329 1239 1384 τοῖς
1278 1320 1498 1385 ἀθλίοις
1544 1320 1606 1374 ἐν
1645 1320 1823 1392 ἐδωδῇ

130 1409 220 1461 καὶ
268 1413 402 1480 οἴνῳ
457 1407 549 1461 καὶ
594 1409 755 1478 ὕβρει
808 1410 898 1462 καὶ
944 1409 1101 1482 ὕπνῳ
1156 1417 1261 1472 πᾶς
1315 1405 1480 1473 οὗτος
1533 1410 1835 1478 ἀναλοῦτο,

129 1499 439 1567 προσθείην
480 1495 527 1549 δ’
560 1496 630 1550 ἂν
679 1496 769 1551 καὶ
813 1497 920 1568 [ἐν]
961 1498 1171 1568 εὐχαῖς,
1219 1497 1280 1551 ἐν
1328 1491 1414 1562 αἶς
1462 1498 1635 1569 ᾔτουν
1674 1498 1824 1551 ἐκτα-
1849 1520 1891 1552 15

128 1591 302 1655 θῆναι
341 1588 443 1655 τὴν
481 1595 576 1656 τῆς
623 1587 903 1658 ῥᾳθυμίας
950 1587 1208 1658 ἀφορμὴν
1254 1586 1342 1641 ἐπὶ
1386 1590 1653 1657 μήκιστον
1699 1590 1824 1658 χρό-

128 1694 244 1729 νον.
308 1674 393 1744 ἐφ’
425 1668 468 1748 ᾧ
502 1675 551 1728 δ’
582 1677 652 1728 ἄν
690 1697 772 1739 τις
804 1677 1038 1745 μάλιστα
1068 1676 1515 1746 ἀγανακτήσειεν,
1555 1673 1687 1730 οὐδὲ
1719 1677 1823 1746 γὰρ

129 1764 262 1816 αὐτὸ
313 1772 478 1818 τοῦτο
531 1766 670 1835 πρὸς
718 1765 858 1834 ἡμᾶς
922 1764 929 1836 Ι
994 1766 1262 1834 εἰπόντες,
1318 1766 1391 1828 ὡς
1445 1764 1664 1819 ἀπιέναι
1702 1778 1912 1822 RH303

128 1855 344 1923 καιρός,
395 1852 669 1922 ἀπῆλθον,
725 1852 842 1907 ἀλλ’
875 1852 1082 1921 ἔδοξεν,
1134 1853 1414 1923 ἐσίγησαν,
1461 1853 1716 1924 ἔπραξαν.
1793 1854 1822 1908 ὁ

130 1939 179 1993 δ’
220 1940 381 2005 ἐξιὼν
434 1943 538 2011 ἤδη
594 1943 692 1995 τὸν
743 1944 1247 2011 διαβουλευόμενον
1300 1942 1462 2012 ἐνῆγε
1515 1944 1825 2015 τραγῳδίας
1848 1965 1892 1997 20

129 2028 220 2083 καὶ
271 2029 470 2084 Ἰλιάδα
509 2040 694 2084 κακῶν
732 2030 990 2086 ἐπισείων
1027 2041 1146 2095 ταῖς
1183 2034 1508 2102 μελλήσεσι.,

242 2119 327 2172 21.
381 2122 580 2173 Καίτοι
627 2123 710 2183 τίς
759 2120 861 2173 οὐκ
907 2119 978 2173 ἂν
1027 2122 1248 2184 εἰκότως
1296 2124 1543 2191 μισήσειε
1592 2122 1825 2184 τούτους

128 2210 259 2270 τοὺς
297 2215 596 2275 μισοῦντας
645 2217 819 2277 κτῆμα
859 2209 1003 2263 οὕτω
1043 2211 1229 2278 καλόν,
1277 2212 1406 2273 τοὺς
1453 2211 1677 2279 λόγους,
1726 2209 1824 2273 οὓς

251 2402 305 2441 16
338 2371 691 2443 Luo.Demon.1
816 2404 870 2442 21
898 2399 1290 2454 cf.t.H1319‚17;
1325 2405 1514 2455 343‚15;
1539 2400 1749 2454 IV967‚9
1765 2399 1818 2443 R.

129 2455 259 2499 Dem.
286 2456 344 2501 de
376 2457 479 2501 fals.
497 2457 588 2515 leg.
623 2464 647 2512 ξ
676 2463 760 2503 148
785 2474 828 2515 p.
850 2463 949 2513 387,
969 2464 1037 2503 12.
1086 2459 1278 2503 Aristid.
1306 2475 1368 2503 or.
1390 2463 1445 2503 38
1469 2461 1503 2503 t.
1520 2459 1541 2501 I
1567 2463 1666 2513 715,
1685 2464 1710 2502 2
1728 2458 1768 2501 D

250 2638 275 2676 2
309 2633 485 2678 ἑαυτῶν
518 2635 562 2678 V
616 2634 769 2678 αὐτῶν
796 2637 858 2680 Μ
989 2640 1014 2680 3
1048 2636 1093 2680 οἳ
1117 2637 1210 2681 AP
1238 2636 1319 2680 sed
1351 2635 1398 2678 in
1431 2635 1518 2679 hoc
1545 2633 1555 2649 ⁸
1596 2635 1645 2679 in
1675 2634 1687 2649 ¹
1722 2649 1825 2681 corr

130 2691 200 2735 m'³
261 2691 313 2737 οἵ
333 2693 430 2738 ΟΜ
437 2693 480 2736 V
514 2696 520 2749 Ι
554 2700 776 2738 τοσοῦτον
799 2695 894 2738 ΙΜ
1008 2700 1036 2738 4
1068 2695 1238 2746 αὐτοὺς
1272 2696 1315 2738 V
1440 2699 1463 2737 7
1497 2702 1629 2750 σφῶν
1662 2707 1738 2738 om
1764 2696 1827 2739 M

193 2755 246 2794 13
292 2751 378 2808 τὴν
418 2765 492 2795 om
523 2751 656 2808 Bong
844 2757 899 2797 14
946 2754 1172 2811 ἀνηλοῦτο
1206 2755 1267 2797 Μ
1310 2753 1393 2797 sed
1433 2770 1461 2810 η
1506 2754 1555 2797 in
1593 2767 1684 2808 ram,
1726 2754 1770 2797 V

134 2815 187 2853 15
221 2810 271 2855 ἐν
297 2811 359 2854 Μ
386 2810 476 2853 edd
539 2810 795 2855 cancellavi
915 2816 972 2855 20
1005 2810 1051 2856 δ’
1089 2815 1135 2858 Ρ
1164 2813 1245 2857 sed
1275 2809 1288 2826 '
1324 2813 1373 2856 in
1397 2825 1473 2856 ras
1497 2812 1567 2856 m'
1628 2813 1821 2870 διαβου-

130 2867 407 2970 ἒευσόμενον
441 2870 486 2914 V
561 2868 938 2928 ἀναβαλλόμενον
966 2873 1028 2916 Μ
1050 2873 1055 2929 Ι
1084 2873 1226 2929 ἀνῆγε
1252 2873 1284 2915 Ι
1423 2877 1477 2915 21
1511 2813 1608 2929 nal&
1643 2870 1709 2926 δὲ,
1742 2871 1821 2914 καὶ

172 2941 266 2985 ong
