2054 3140
690 117 917 162 LIBANII
949 117 1171 162 ORATIO
1203 117 1288 161 XII
1770 116 1841 170 25

159 276 256 324 μιν
294 255 494 325 μικράν
531 273 589 307 τε
627 254 718 307 καὶ
749 257 1170 324 πολιορκεῖσθαι
1201 258 1509 322 μαθοῦσαν.
1571 252 1656 305 46.
1688 252 1843 320 ὑμεῖς

160 345 263 414 μὲν
289 349 417 406 ἴσως
441 341 760 410 ἐπιθυμεῖτε
791 340 883 396 καὶ
906 340 1208 410 παράταξιν
1240 341 1473 394 ἀκοῦσαι
1496 342 1587 394 καὶ
1620 355 1843 411 στρατο-

162 432 335 486 πέδου
390 432 566 501 φύσιν
618 429 710 484 καὶ
762 430 924 501 κέρας
977 430 1236 501 ἑκάτερον
1289 429 1380 482 καὶ
1438 430 1694 499 φάλαγγα
1754 430 1844 482 καὶ

159 520 503 591 παράκλησιν
563 520 654 573 καὶ
714 528 826 572 τῶν
887 518 1154 572 ἐναντίων
1214 518 1406 588 τέχνας
1466 517 1556 571 καὶ
1612 519 1846 587 στρατὸν

161 610 406 679 φανερὸν
443 609 534 662 καὶ
572 607 985 678 κρυπτομένους
1026 610 1224 677 λόχους
1261 606 1351 660 καὶ
1386 609 1681 677 προοίμιον
1713 621 1843 676 συμ-
1889 628 1908 661 5

158 701 326 766 βολῆς
386 696 478 750 καὶ
532 696 761 762 ζέουσαν
814 696 991 766 μάχην
1043 698 1134 750 καὶ
1193 696 1520 767 τραυμάτων
1574 698 1692 765 εἴδη
1753 697 1844 749 καὶ

159 788 349 856 φυγὴν
385 784 477 839 καὶ
517 784 708 849 δίωξιν
745 784 837 838 καὶ
876 793 982 855 γῆν
1021 785 1204 854 ἀφανῆ
1241 793 1474 855 νεκροῖς,
1513 784 1618 852 ἐγὼ
1652 785 1714 838 δὲ
1744 786 1844 853 τὴν

158 876 261 944 μὲν
283 884 377 944 τῆς
401 876 703 944 διηγήσεως
727 874 1028 944 ἀκρίβειαν,
1054 875 1188 928 ὅταν
1218 875 1307 927 καὶ
1339 875 1462 944 περὶ
1494 883 1604 927 τῶν
1628 875 1810 926 ἄλλων
1833 872 1839 943 Ι

162 965 361 1027 ἱκανῶς
400 962 607 1032 διεξίω,
657 972 850 1033 κομιῶ·
913 971 1020 1016 νῦν
1067 964 1170 1032 γὰρ
1220 964 1288 1031 δὴ
1333 964 1513 1016 πάντα
1555 961 1745 1016 συντέ-
1783 975 1928 1019 R381

159 1073 377 1123 τμηται,
430 1053 520 1106 καὶ
571 1051 600 1105 ὁ
647 1054 809 1121 λόγος
862 1050 1005 1105 ἔοικε
1051 1053 1376 1122 σκιρτήμασι
1427 1060 1491 1122 τῇ
1537 1053 1845 1120 πανηγύρει
1869 1073 1911 1106 10

160 1141 483 1212 πρέπουσιν.
546 1142 632 1194 47.
673 1142 855 1209 ὥσπερ
888 1137 991 1194 οὖν
1025 1139 1439 1210 Ὀλυμπιονίκης
1471 1141 1658 1194 οἴκαδε
1682 1141 1846 1193 σπεύ-

163 1231 277 1283 δων
316 1230 421 1283 ἀπὸ
459 1238 555 1299 τῆς
587 1232 768 1299 Πίσης
806 1229 1157 1299 ἐρωτώμενος
1192 1229 1301 1283 ὑπὸ
1340 1239 1454 1282 τῶν
1484 1228 1846 1298 ἐντυγχανόν-

160 1339 271 1372 των
308 1328 404 1388 τῆς
441 1321 596 1388 νίκης
641 1319 741 1372 τὸν
785 1320 993 1389 τρόπον
1038 1326 1201 1372 τοῦτο
1247 1315 1348 1386 μὲν
1393 1318 1704 1372 ἀποδώσειν
1746 1318 1846 1371 ὑπ-

162 1416 450 1477 ισχνεῖται,
507 1410 824 1478 συγχαίρειν
878 1408 939 1461 δὲ
986 1408 1132 1479 αὐτῷ
1178 1408 1318 1477 πρὸς
1367 1408 1428 1460 τὸ
1477 1408 1658 1477 παρὸν
1703 1405 1846 1470 ἀξιοῖ

164 1498 383 1560 δεικνὺς
421 1498 532 1564 ἅμα
569 1498 667 1550 τὸν
702 1496 996 1566 στέφανον,
1037 1496 1179 1550 οὕτω
1219 1495 1311 1550 καὶ
1349 1503 1458 1549 νῦν
1494 1497 1560 1549 τὰ
1600 1495 1705 1548 ἀπὸ
1744 1502 1845 1548 τοῦ
1872 1517 1911 1550 15

161 1585 404 1653 πολέμου
444 1585 674 1654 λέγομεν
711 1585 1049 1655 ὑπερβάντες
1087 1586 1183 1648 τὰς
1213 1586 1400 1654 μάχας.
1475 1585 1563 1637 48.
1602 1602 1844 1655 καρπου-

161 1673 342 1742 μένων
392 1675 496 1744 γὰρ
545 1675 647 1743 τὴν
694 1673 961 1745 ἡμετέραν
1010 1683 1121 1727 τῶν
1169 1673 1466 1744 βαρβάρων
1518 1671 1610 1726 καὶ
1659 1675 1846 1736 πόλεις

162 1759 264 1831 μὲν
312 1761 472 1815 πέντε
520 1763 752 1825 δεούσας
796 1764 1133 1831 πεντήκοντα
1185 1763 1600 1832 καθῃρηκότων,
1654 1761 1843 1815 ἀποτε-

285 1971 306 2008 1
321 1980 386 2020 sq.
421 1966 477 2010 ef.
503 1966 724 2023 Epitaph.
750 1969 782 2010 t.
801 1968 822 2011 I
845 1983 890 2024 p.
910 1972 1009 2022 540,
1029 1972 1084 2011 20
1099 1982 1163 2023 sq.
1182 1967 1235 2010 R.
1298 1967 1448 2010 Amm.
1468 1966 1574 2011 XVI
1594 1972 1662 2022 12,
1682 1971 1783 2024 7sq.
1807 1933 1810 1937 ·

172 2029 225 2068 17
258 2025 422 2068 Iulian.
456 2025 485 2069 l.
511 2025 540 2069 1.
573 2041 617 2082 p.
647 2030 730 2069 279
754 2027 796 2068 A

162 2215 476 2272 (=11129‚11
496 2216 633 2274 Keil.)
658 2217 831 2268 οὕτως
856 2218 962 2273 ἄρα
993 2220 1088 2263 καὶ
1119 2220 1277 2276 ὑμεῖς
1306 2226 1479 2263 πᾶσιν
1512 2219 1845 2275 ἀνθρώποις

164 2272 235 2320 ὧν
276 2274 597 2333 ἐδεήθησαν
642 2276 1036 2336 παρασχόντες
1082 2278 1414 2329 ἐπιστάντες
1452 2278 1614 2323 αὐτοὶ
1658 2280 1843 2322 τελευ-

162 2342 340 2390 ταῖοι,
371 2335 510 2390 πρὸς
539 2335 674 2380 αὐτό
708 2353 765 2392 γε
793 2335 903 2393 ἥκω
934 2337 993 2381 τὸ
1019 2338 1358 2392 κλυδώνιον,
1390 2344 1502 2389 πῶς
1525 2335 1592 2381 ἂν
1625 2336 1844 2393 εἴποιμι

165 2391 297 2438 ὅσον
330 2395 627 2451 βούλομαι,
659 2395 796 2439 ἀλλὰ
826 2404 1101 2441 τοσοῦτον
1133 2395 1199 2441 ἂν
1231 2396 1473 2453 εἴποιμι,
1507 2394 1638 2441 ὅσον
1671 2397 1842 2440 εἰπὼν

164 2451 470 2510 συγγνοίην
504 2453 733 2515 ἐμαυτῷ.
796 2457 842 2500 Ρ
870 2471 929 2499 m.
955 2469 1043 2499 ree.
1079 2456 1161 2513 (³5³)
1192 2456 1299 2501 IB²

283 2635 305 2673 1
353 2646 400 2674 τε
431 2630 556 2674 inser
585 2630 654 2675 A²
695 2634 700 2687 Ι
742 2634 850 2688 post
880 2635 1129 2688 μαθοῦσαν
1167 2633 1384 2676 lacunam
1423 2633 1646 2676 maiorem
1678 2631 1845 2676 statuit

166 2687 322 2731 Gasda
486 2695 512 2732 4
551 2691 631 2733 καὶ
662 2690 781 2734 κατὰ
812 2698 903 2735 τῶν
935 2693 982 2736 Β
1147 2697 1172 2735 5
1220 2695 1338 2750 συμβ
1370 2696 1448 2747 λῆς
1487 2706 1591 2735 cum
1623 2704 1785 2734 rasura
1817 2695 1842 2733 2

164 2746 426 2791 litterarum
465 2748 509 2792 U
677 2754 701 2792 7
749 2756 839 2806 ανῆ
871 2750 919 2792 in
950 2751 1112 2806 ἀφανῆ
1145 2751 1194 2793 in
1226 2765 1300 2794 ras
1332 2750 1389 2794 1²
1563 2754 1616 2793 10
1664 2749 1688 2793 ὁ
1721 2750 1845 2793 inser

164 2805 233 2849 A²
260 2806 266 2864 Ι
292 2811 347 2862 τῆ
377 2806 502 2850 inser
531 2807 600 2851 A²
750 2813 805 2851 12
840 2806 1006 2865 πίσσης
1045 2810 1176 2854 VIM
1203 2812 1251 2854 et
1282 2824 1307 2854 θ
1337 2808 1606 2866 niam-corr
1637 2807 1787 2853 P³B²

168 2868 223 2907 13
253 2865 305 2909 τὸ
335 2863 563 2920 τρόπαιον
594 2868 640 2910 Β
785 2873 839 2911 14
872 2867 918 2911 δ’
946 2868 1015 2912 Re
1043 2870 1049 2926 Ι
1077 2869 1201 2928 αὑτῷ
1225 2869 1293 2912 Re
1427 2873 1480 2912 16
1514 2884 1534 2912 ε
1567 2867 1764 2911 alterum
1795 2866 1843 2908 in

166 2921 449 2981 ὑπερβάντες
472 2925 522 2967 in
545 2938 620 2968 ras
643 2924 701 2968 1²
823 2930 877 2969 18
908 2944 935 2983 η
962 2929 1009 2970 et
1033 2944 1099 2971 ων
1122 2927 1171 2970 in
1196 2925 1581 2985 ἀποτετμημένων
1608 2927 1658 2969 in
1679 2939 1756 2969 ras
1773 2923 1844 2968 P'
