2060 3162
663 144 888 189 LIBANII
919 143 1143 188 ORATIO
1175 144 1324 188 XVIII
1705 143 1809 196 301

250 283 365 336 151.
398 281 562 335 Ἀλλὰ
585 282 695 350 μὴν
718 283 924 348 νόμους
947 283 1234 348 βασιλεῦσι
1257 286 1445 334 θεῖναι
1468 277 1569 348 μὲν
1601 277 1814 350 ῥᾴδιον,

129 370 305 436 ἔξεστι
359 371 482 439 γάρ,
537 369 920 439 συμφέροντας
973 367 1033 423 δὲ
1088 370 1155 422 οὐ
1218 367 1433 441 ῥᾴδιον,
1495 371 1816 439 φρονήσεως

133 462 236 530 γὰρ
293 461 397 528 ἤδη
454 461 617 512 τοῦτό
681 479 757 527 y&
856 458 884 512 ὁ
950 455 1010 511 δὲ
1079 460 1367 521 τοιούτους
1434 454 1535 528 μὲν
1597 460 1815 526 ἔθηκεν,

135 542 219 612 οἷς
256 543 434 618 εὗρεν,
486 548 622 600 ὥστε
661 547 868 615 μεγάλα
906 550 1036 610 τοὺς
1074 548 1178 615 πρὸ
1225 548 1438 600 τούτων
1483 545 1817 615 γενομένους

133 637 466 706 ἀνθρώπους
504 635 864 705 ἐζημιῶσθαι,
910 638 1040 699 τοὺς
1080 633 1142 689 δὲ
1180 637 1397 699 τούτοις
1435 632 1537 705 μὲν
1575 634 1818 698 ἐοικότας
1864 656 1884 690 5
1950 674 1954 677 -

131 735 243 778 τῶν
286 725 455 778 πάλαι
501 725 871 795 κρατούντων,
911 724 1244 794 λελυμένους
1290 725 1351 778 δὲ
1402 725 1675 794 αὐθαδείᾳ
1721 725 1818 776 δυ-

131 815 337 867 νάστου
398 814 566 867 πάλιν
626 817 856 884 κυρίους
918 813 1165 882 ἀπέφηνε
1217 814 1277 866 τὸ
1332 822 1448 876 τοῖς
1508 808 1570 866 εὗ
1632 811 1818 882 ἔχουσι

131 902 516 973 συμφέρεσθαι
554 910 653 955 τοῦ
693 903 869 971 μάτην
906 912 1018 956 τῶν
1047 901 1316 972 κειμένων
1347 901 1817 971 ἐπιλαμβάνεσθαι

131 992 360 1046 κάλλιον
398 992 475 1054 εἰς
513 994 835 1060 φιλοτιμίαν
872 991 1189 1060 ἡγούμενος.

247 1080 367 1132 152.
410 1079 550 1151 Φέρε
591 1081 659 1149 δὴ
697 1081 787 1133 καὶ
822 1081 945 1151 περὶ
984 1089 1096 1134 τῶν
1136 1081 1298 1149 δίκην
1337 1081 1660 1133 δεδωκότων
1699 1093 1819 1132 σκε-
1842 1100 1885 1131 10

133 1171 381 1238 ψώμεθα.

250 1258 473 1310 Οὐκοῦν
503 1268 673 1327 τριῶν
705 1260 885 1311 ὄντων
916 1261 975 1311 οἳ
1002 1266 1241 1327 σφαγαῖς
1272 1257 1627 1326 ἐτελεύτησαν
1658 1256 1687 1310 ὁ
1719 1257 1820 1324 μὲν

138 1355 508 1414 συκοφαντῶν
547 1346 876 1415 ἐπεληλύθει
907 1347 1008 1415 τὴν
1039 1345 1372 1416 οἰκουμένην
1401 1347 1491 1399 καὶ
1522 1355 1641 1408 ταῖς
1671 1346 1821 1414 ἠπεί-

137 1455 256 1503 ροις
311 1434 642 1504 ἀμφοτέραις
695 1439 931 1506 μυρίους
982 1436 1265 1498 θανάτους
1318 1436 1571 1504 ὤφειλεν,
1625 1433 1750 1487 ὥστ’
1811 1431 1888 1505 114

134 1525 344 1591 ἤλγουν
390 1525 439 1576 οἱ
488 1525 587 1576 τὸν
634 1525 936 1594 ἄνθρωπον
983 1525 1210 1592 εἰδότες,
1258 1524 1343 1576 ὅτι
1388 1524 1459 1593 μὴ
1508 1516 1629 1576 οἶόν
1666 1542 1724 1575 τε
1764 1535 1907 1580 R573

136 1609 206 1679 ἧν
252 1613 341 1664 καὶ
380 1617 656 1665 τεθνεῶτα
695 1622 902 1666 κτεῖναι
948 1611 1041 1665 καὶ
1086 1611 1205 1682 τρὶς
1249 1620 1411 1665 τοῦτο
1457 1620 1684 1680 ποιῆσαι
1729 1612 1820 1664 καὶ

135 1701 412 1763 πολλάκις.
490 1700 518 1753 ὁ
563 1698 610 1753 δ’
643 1702 776 1754 ἄνευ
822 1708 922 1753 τοῦ
969 1701 1067 1753 τὸν
1106 1701 1498 1754 Κωνστάντιον
1548 1702 1820 1754 δεδουλῶ-

138 1793 274 1840 σθαι
321 1790 521 1851 δοῦλος
566 1789 728 1852 αὐτὸς
775 1790 852 1842 ὢν
897 1790 988 1842 καὶ
1032 1790 1093 1842 τὸ
1141 1791 1305 1843 τοῦδε
1352 1791 1682 1859 δεινότερον,
1732 1789 1821 1843 εὐ-

138 1884 356 1945 νοῦχος,
396 1877 711 1940 αἰτιώτατος
749 1876 993 1946 ἐγεγόνει
1037 1884 1114 1949 τῷ
1155 1878 1349 1950 Γάλλῳ
1403 1886 1498 1946 τῆς
1544 1878 1821 1947 ὠμοτάτης

137 1968 402 2033 τελευτῆς.
479 1965 508 2018 ὅ
559 1985 620 2033 γε
674 1967 783 2035 μὴν
835 1968 1018 2036 τρίτος
1073 1966 1208 2036 ὀργῇ
1262 1963 1365 2035 μὲν
1417 1974 1513 2035 τῆς
1566 1975 1821 2038 στρατιᾶς
1844 1989 1888 2022 20

258 2146 282 2182 2
326 2140 431 2183 Eur.
460 2140 533 2184 Or.
561 2146 644 2184 251
828 2146 882 2186 12
914 2143 1063 2186 Amm.
1089 2142 1230 2186 Marc.
1256 2142 1383 2186 XXII
1408 2147 1523 2196 3,10
1556 2142 1762 2199 (Paulus)

142 2203 194 2241 17
228 2202 375 2242 Amm.
394 2199 422 2242 l.
442 2199 470 2242 l.
528 2199 649 2244 Socr.
675 2201 780 2244 1111
806 2217 849 2258 p.
873 2206 953 2245 171
970 2201 1010 2244 A
1033 2201 1297 2259 (Eusebius)
1432 2206 1489 2245 20
1519 2201 1669 2246 Amm.
1695 2201 1822 2245 XXII

139 2262 180 2311 3,
200 2263 299 2313 qu.
335 2258 560 2316 (Ursulus)

255 2427 282 2464 4
315 2420 385 2473 οἷς
416 2437 471 2467 ex
503 2422 584 2474 οὓς
615 2436 716 2466 corr
739 2422 809 2477 1²,
841 2424 890 2466 in
922 2422 1003 2474 οὓς
1034 2436 1134 2467 corr
1159 2425 1250 2468 La⁸
1312 2422 1393 2473 οὓς
1418 2424 1462 2466 V
1528 2420 1604 2479 ἐφ’
1637 2420 1707 2472 οἷς
1738 2423 1819 2476 Re,

140 2483 190 2524 at
213 2482 269 2524 cf.
295 2497 340 2537 p.
356 2486 492 2536 69,13
519 2484 565 2525 et
582 2482 722 2525 Arist.
736 2482 858 2525 Plut.
876 2486 961 2525 492
991 2483 997 2539 Ι
1025 2482 1086 2533 ὡς
1105 2483 1173 2538 Vl
1201 2481 1478 2540 γενομένους
1501 2483 1534 2525 Ι
1553 2481 1634 2526 sed
1659 2497 1822 2539 γενομε

139 2539 187 2582 in
210 2553 286 2583 ras
310 2540 379 2584 m²
499 2546 524 2584 6
556 2548 647 2585 τῶν
680 2555 754 2584 om
778 2540 880 2585 Mor
903 2541 1025 2584 Fabr
1153 2545 1176 2583 ‘1
1210 2540 1452 2598 ἀπέφηνεν
1477 2541 1552 2585 La
1672 2544 1698 2583 8
1729 2548 1821 2585 τῶν

140 2598 362 2654 κειμένων
394 2614 468 2643 om
502 2601 545 2643 V
704 2603 758 2643 10
790 2601 1073 2657 σκεψώμεθα
1104 2599 1227 2644 inser
1260 2600 1351 2644 La⁸
1382 2600 1430 2643 in
1462 2599 1552 2643 fine
1583 2599 1686 2643 folii
1714 2604 1823 2643 112V

139 2656 413 2713 σκεψόμεθα
449 2660 493 2704 U
531 2659 612 2702 sed
643 2675 667 2702 ο
707 2658 946 2715 paulisper
983 2671 1105 2713 eras,
1145 2661 1193 2702 et
1223 2661 1268 2704 P
1297 2659 1377 2703 sed
1410 2675 1435 2702 ο
1474 2658 1521 2701 in
1555 2676 1590 2702 ω
1630 2672 1733 2703 corr
1753 2659 1822 2701 m³

202 2721 255 2759 12
287 2717 573 2774 ἐπλούτησαν
605 2717 727 2760 Fabr
798 2716 1135 2773 ἐνεπλούτησαν
1166 2718 1233 2762 Re
1379 2722 1432 2762 13
1463 2717 1745 2774 ἀπεληλύθει
1776 2718 1823 2762 Β

203 2781 255 2818 17
289 2775 313 2820 ὁ
338 2773 382 2821 δ’
419 2777 468 2820 in
501 2773 525 2819 ὅ
549 2773 596 2819 δ’
632 2790 733 2819 corr
756 2776 828 2820 P³
890 2773 981 2819 ὅδ’
1014 2777 1157 2821 ΙΒΜ
1214 2774 1238 2821 ὃ
1260 2774 1307 2822 δ’
1338 2778 1421 2821 Mo
1543 2780 1597 2820 19
1629 2775 1752 2835 γάλῳ
1787 2777 1831 2820 V

201 2833 377 2894 μεγάλῳ
412 2837 473 2879 M
500 2835 580 2878 sed
611 2850 665 2891 με
697 2847 819 2888 eras,
858 2835 894 2877 I
918 2835 999 2878 sed.
1029 2835 1079 2878 in
1111 2835 1258 2894 γάλλῳ
1291 2850 1391 2879 corr
1421 2834 1491 2878 m⁸
1645 2839 1701 2879 20
1739 2832 1823 2891 μὲν

143 2905 217 2934 om
242 2894 286 2936 V
320 2895 326 2951 Ι
365 2891 603 2948 στρατείας
626 2895 700 2938 La
714 2894 797 2938 UP
825 2893 906 2936 sed
929 2893 1088 2937 inhoc
1121 2894 1170 2937 in
1194 2900 1411 2948 στρατιᾶς
1441 2907 1542 2937 corr
1565 2893 1648 2947 ω’,
1679 2895 1715 2937 Ι
1739 2893 1821 2937 sed

142 2950 192 2993 in
224 2960 439 3007 στρατιᾶς
469 2967 571 2996 corr
598 2951 667 2995 m²
