2060 3162
208 93 317 145 482
721 92 950 136 LIBANII
982 91 1217 136 ORATIO
1239 92 1367 136 XXII

208 228 390 295 μένων
429 230 656 296 νεότητα
694 226 784 281 καὶ
816 228 878 282 τὸ
918 229 1079 296 μήπω
1118 227 1356 297 πατέρας
1393 236 1749 299 γεγενῆσθαι,
1787 240 1900 286 τῶν

209 315 269 370 δὲ
308 318 369 370 τὸ
408 316 642 385 πατέρας
681 336 738 369 τε
779 313 921 370 εἶναι
959 315 1050 369 καὶ
1089 318 1289 380 παῖδας
1327 321 1618 386 γενναίους
1656 319 1898 390 τρέφειν,

207 415 319 459 τῶν
359 402 419 458 δὲ
459 414 629 476 γῆρας
669 404 897 473 γονέων,
949 414 1060 459 τῶν
1099 406 1160 459 δὲ
1200 410 1547 478 λειτουργίας
1585 408 1759 478 ἀρχὴν
1796 410 1900 478 μὲν

207 493 525 563 δεξαμένας,
588 495 877 557 ποθούσας
939 495 1000 548 δὲ
1054 497 1332 564 τελευτήν,
1394 495 1583 567 ἑτέρου
1637 499 1899 565 γυναικὸς

162 605 182 638 5
206 585 432 653 χηρείαν
481 582 573 636 καὶ
620 584 721 652 τὴν
767 581 1037 652 ἐσομένην
1082 582 1207 653 περὶ
1253 585 1315 637 τὸ
1360 593 1547 654 μνῆμα
1593 587 1898 656 διατριβήν.

207 672 236 726 ὁ
277 673 360 725 δὲ’
387 680 644 741 γενναῖος
694 670 885 725 οὑτοσὶ
936 680 1052 735 τοῖς
1098 692 1156 725 τε
1203 671 1430 726 ἐκείνων
1480 673 1736 738 ἐξουσίαν
1783 674 1897 729 ἐδε-

206 761 368 814 δώκει
440 761 674 830 δάκρυσι
738 761 827 813 καὶ
888 769 1003 824 τοῖς
1067 759 1298 814 ἑκάστου
1360 771 1472 815 τῶν
1534 762 1659 833 παρ’
1699 764 1898 818 ἑαυτοῦ

204 851 555 920 προσέθηκεν
602 849 706 902 οὐκ
753 849 990 918 ἀγνοῶν,
1044 849 1196 912 ὅσοις
1243 851 1310 919 δὴ
1359 853 1638 915 δικασταῖς
1685 853 1718 922 ἢ
1764 856 1898 922 πλη-

115 952 157 995 R
180 951 295 996 1113
334 948 456 1008 γαῐς
495 939 527 1007 ἢ
569 942 798 1008 πληγῶν
836 939 1084 1002 ἀπειλαῖς
1122 940 1183 992 τὸ
1223 948 1479 994 τοιοῦτον
1514 941 1520 1010 Ι
1556 946 1792 1012 εἴργεται
1832 943 1898 995 τὰ

139 1050 182 1082 10
204 1030 450 1098 παρόντα
514 1027 840 1098 ὑβρίζεσθαι
903 1029 995 1081 διὰ
1057 1037 1169 1081 τῶν
1231 1029 1492 1099 ὀδυρμῶν
1552 1029 1897 1099 ἡγουμένοις.

205 1117 290 1169 21.
344 1115 436 1170 καὶ
476 1117 509 1186 ἡ
557 1114 659 1183 μὲν
705 1115 902 1186 κρηπὶς
953 1117 1097 1169 οὕτω
1150 1118 1287 1185 καλὴ
1337 1119 1429 1170 καὶ
1480 1118 1897 1189 φιλάνθρωπος,

204 1207 498 1275 προϊόντος
547 1205 609 1258 δὲ
654 1212 754 1257 τοῦ
801 1206 1119 1274 πράγματος
1158 1208 1236 1268 εἰς
1275 1206 1453 1275 ἀκμὴν
1499 1206 1590 1259 καὶ
1639 1205 1896 1270 δέξεσθαι

203 1296 264 1347 τὸ
320 1296 679 1364 δικαστήριον
739 1302 834 1362 τῆς
888 1292 1149 1362 ἐπιούσης
1209 1296 1312 1363 τὴν
1365 1297 1550 1365 κρίσιν
1607 1295 1896 1365 εἰρημένον

203 1387 474 1454 χαρίζεται
514 1379 616 1451 μὲν
654 1382 945 1435 κάνταῦθα
991 1384 1051 1435 τὸ
1092 1387 1225 1452 μήτε
1265 1383 1326 1436 έν
1363 1383 1553 1453 μέσαις
1602 1383 1726 1448 νυξὶ
1764 1386 1898 1453 μήτε

139 1494 179 1527 15
205 1471 267 1526 ἐν
303 1473 544 1542 πρώταις
585 1471 970 1540 ἀλεκτρυόνων
1010 1470 1178 1544 ᾠδαῖς
1215 1473 1372 1541 ἥκειν
1403 1471 1491 1526 ἐπὶ
1531 1474 1629 1526 τὸν
1664 1475 1895 1543 θρόνον,

202 1562 276 1624 ὡς
314 1561 499 1614 αὐτῶν
545 1580 607 1628 γε
654 1560 716 1613 ἐν
763 1560 951 1623 αὑτοῖς
996 1569 1109 1613 τῶν
1154 1571 1364 1630 καιρῶν
1410 1560 1649 1631 ἑχόντων
1695 1563 1774 1624 εἰς
1812 1564 1896 1614 ἔκ-

202 1649 399 1719 πληξιν
438 1649 718 1718 ἀφορμάς,
765 1650 965 1719 μικρὸν
1006 1650 1068 1702 δὲ
1105 1651 1206 1718 τὴν
1246 1650 1440 1704 ἀκτῖνα
1480 1651 1720 1719 φθάσας,
1761 1649 1887 1704 ὥστ’

204 1739 350 1811 αὐτῷ
383 1739 471 1791 καὶ
513 1739 801 1806 λαμπάδας
839 1739 1034 1805 νόμου
1058 1741 1269 1806 μᾶλλον
1306 1737 1340 1807 ἢ
1380 1741 1565 1808 χρείας
1600 1736 1760 1806 εἶναι,
1799 1740 1896 1801 τὰς

113 1841 155 1884 R
176 1840 292 1884 H14
329 1828 513 1897 θύρας
552 1826 795 1890 ἐξελθὼν
827 1828 967 1899 ἔργῳ
1003 1827 1010 1896 Ι
1046 1828 1428 1900 φιλανθρώπῳ
1468 1836 1580 1881 πᾶν
1615 1827 1895 1898 ἀπέκρυψε

323 2030 379 2068 14
409 2025 559 2068 Amm.
586 2024 777 2067 XXVIII
802 2029 841 2079 1,
860 2029 916 2068 54
949 2039 1055 2068 cum
1087 2027 1200 2069 nota
1222 2025 1413 2068 Valesii.
1448 2025 1504 2069 cf.
1531 2026 1582 2069 ΙΙ.
1610 2043 1635 2081 ρ
1661 2030 1823 2080 646sq.

322 2215 347 2252 4
380 2208 681 2265 δεξαμένους·
715 2208 817 2252 Mor
858 2210 863 2266 Ι
906 2212 1169 2258 ποθοῦντες
1199 2209 1301 2251 Mor
1343 2211 1348 2266 Ι
1391 2227 1445 2266 γρ
1471 2207 1652 2262 τελετήν
1683 2208 1733 2251 in
1757 2222 1890 2265 marg

202 2269 303 2312 Mor
330 2272 336 2324 Ι
365 2267 522 2323 ἑτέρον
547 2269 615 2312 Re
689 2266 855 2322 ἑτέρων
890 2269 934 2311 V
1003 2266 1185 2322 ἑτέρους
1215 2268 1385 2324 reliqui
1416 2268 1525 2312 libri
1602 2266 1760 2322 ἑτέρας
1790 2268 1893 2311 Mor

204 2329 284 2372 sed
315 2346 370 2385 γρ
397 2326 580 2382 ἑτέρους
662 2386 670 2400 x
731 2331 756 2370 5
787 2325 978 2384 χηρείαν
1010 2327 1059 2370 in
1083 2340 1217 2384 marg
1248 2327 1372 2370 inser
1395 2329 1455 2383 ΙΙ
1484 2329 1609 2385 βῆμα
1642 2328 1764 2371 ΒΡα
1788 2327 1891 2371 Mor

265 2436 288 2474 7
319 2403 411 2476 vgv
443 2433 489 2475 P
517 2431 599 2476 sed.
631 2403 696 2475 εἶξιν
726 2430 776 2473 in
800 2443 875 2473 ras
907 2429 988 2483 mss,
1017 2432 1077 2474 M
1149 2429 1206 2473 τὰ
1239 2432 1348 2474 Ba]
1506 2434 1532 2473 8
1566 2430 1643 2488 δὴ]
1669 2427 1697 2485 ἢ
1730 2430 1830 2475 Mor

205 2495 259 2533 10
291 2490 545 2548 ἡγούμενος
576 2491 650 2534 Ρα
674 2490 775 2533 Mor
915 2494 967 2532 12
1002 2487 1220 2540 δέξεσθαι
1252 2490 1418 2546 scripsi
1451 2503 1475 2533 e
1509 2491 1552 2534 V
1577 2503 1682 2533 cum
1714 2488 1888 2533 Cobeto

202 2549 331 2593 Misc.
354 2554 436 2594 143
499 2547 729 2601 δέξασθαι
757 2548 927 2603 reliqui
958 2547 1068 2591 libri
1099 2548 1191 2592 edd
1343 2554 1397 2591 13
1431 2546 1672 2604 εἰρημένον
1702 2548 1890 2604 reposui

204 2622 229 2651 e
259 2608 392 2652 libris
425 2622 529 2651 cum
562 2606 735 2652 Cobebo
766 2607 796 2650 l.
815 2607 845 2650 1.
923 2606 1164 2663 εἰρημένου
1196 2609 1271 2652 Ρα
1303 2609 1394 2651 edd
1545 2614 1599 2651 14
1631 2608 1682 2651 τὸ
1715 2607 1889 2650 inserui

204 2681 229 2710 e
262 2668 306 2712 V
361 2682 435 2710 om
466 2667 636 2723 reliqui
660 2666 770 2710 libri
801 2667 892 2710 edd
1015 2671 1068 2709 16
1101 2683 1148 2710 τε
1173 2669 1247 2711 Ρα
1270 2667 1372 2710 Mor
1398 2669 1405 2723 Ι
1433 2668 1593 2718 αὐτοῖς
1616 2667 1892 2710 ILMoBM

203 2725 304 2769 Mor
345 2729 351 2782 Ι
394 2734 569 2770 καινῶν
595 2727 667 2770 Ρα
691 2726 805 2780 Mor,
838 2726 963 2781 quod
996 2726 1195 2768 correxit
1229 2726 1441 2769 Valesius
1472 2726 1501 2769 l.
1520 2726 1550 2768 l.
1687 2729 1738 2767 17
1773 2722 1882 2768 ὥστ’

204 2786 327 2843 αὐτῷ
361 2785 523 2840 scripsi
556 2787 744 2828 auctore
776 2785 858 2839 Re,
889 2787 943 2827 ut
973 2792 1144 2828 ταυτῶι
1175 2785 1224 2827 in
1257 2783 1363 2828 ὥστ’
1394 2786 1537 2828 αὐτῶι
1569 2798 1670 2828 corr
1696 2784 1753 2828 0⁸
1838 2784 1886 2827 ἐν

204 2845 327 2902 αὐτῷ
352 2846 425 2888 Ρα
449 2844 550 2887 Mor
609 2847 761 2902 ταυτῷ
784 2843 955 2899 reliqui
979 2843 1087 2886 libri
1111 2844 1180 2886 Re
1304 2849 1357 2887 18
1389 2845 1470 2887 καὶ
1502 2858 1576 2887 om
1597 2845 1671 2887 Ba
1725 2842 1801 2885 del
1817 2842 1887 2886 Re

209 2902 213 2960 l
248 2901 406 2959 χρείας
437 2901 612 2947 εἵνεκεν
644 2901 864 2958 ἁφθῆναι
895 2902 1009 2946 olim
1041 2902 1145 2946 coni
1170 2903 1238 2946 Re
