2060 3162
674 154 900 198 LIBANII
930 153 1153 198 ORATIO
1186 154 1312 198 XVH
1715 153 1822 205 203

145 297 283 346 aliud
327 296 424 344 nisi
461 294 619 344 oratio
666 296 740 342 est
783 294 933 342 titulo
980 294 1123 355 priva
1162 293 1419 354 Aristidis,
1466 291 1824 358 Πρεσβευτικὸς

139 370 262 437 πρὸς
286 366 505 435 Ἀχιλλέα.
579 367 709 415 Huic
747 368 1017 416 succedunt
1054 369 1302 416 orationes
1342 367 1763 416 Demosthenicae.

255 444 482 493 Codicem
521 457 647 490 anno
684 442 821 490 1869
864 442 1066 490 contuli.

250 518 362 566 Duo
403 515 591 565 codices
630 515 832 577 periisse
870 515 1123 563 videntur:

254 593 335 640 60.
375 590 627 638 Antonii
656 589 988 656 Augustini
1027 582 1162 655 (vide
1192 591 1227 636 t.
1253 589 1277 636 I
1307 606 1354 650 p.
1383 582 1593 655 347sq.)
1627 592 1677 636 et

252 666 333 712 61.
373 663 616 728 Aegidii
646 663 901 724 Noallii,
934 680 958 710 e
983 679 1080 725 quo
1104 663 1387 710 monodiam
1411 665 1462 710 et
1486 663 1794 725 epitaphium
1828 674 1910 713 121
1980 713 1986 719 ,

141 739 329 787 Iuliani
367 754 417 786 se
448 736 682 799 praebere
712 737 945 785 Morellus
971 737 1024 784 in
1057 732 1255 784 ‘indice'
1288 738 1569 785 orationum
1597 738 1823 784 testatur.

142 814 295 870 Quem
334 812 584 872 Noallius,
634 811 746 858 inde
798 811 859 858 ab
910 826 1039 858 anno
1083 811 1222 858 1585
1276 812 1533 873 episcopus
1577 809 1824 871 Aquensis

140 890 190 935 et
225 887 357 949 regis
397 884 654 933 Gallorum
691 885 884 948 legatus
927 883 1378 946 Constantinopoli,
1416 885 1535 946 „qui
1572 885 1825 932 ecclesiam

139 962 420 1022 Aquensem
466 960 553 1006 diu
596 960 759 1006 tenuit
805 974 860 1006 ac
905 960 1032 1006 rexit
1080 974 1271 1020 semper
1315 958 1489 1006 absens
1540 958 1826 1020 episcopatu
1899 991 1904 996 ·

140 1034 341 1082 tandem
388 1049 437 1081 se
486 1033 618 1095 apud
656 1033 839 1096 Regem
892 1032 1142 1080 abdicavit
1195 1036 1244 1080 et
1288 1032 1453 1080 vivere
1503 1032 1650 1079 desiit
1696 1047 1824 1079 anno

146 1100 385 1173 1600“,¹)
418 1105 848 1168 Constantinopoli
873 1106 1149 1168 acquisivit,
1182 1106 1224 1154 si
1254 1106 1386 1153 idem
1416 1107 1513 1153 fuit
1544 1105 1693 1154 codex
1722 1122 1824 1154 mo-

139 1182 399 1230 nodiarum
439 1183 587 1243 atque
625 1181 667 1228 is
707 1196 853 1242 quem
889 1180 1125 1228 Morellus
1172 1179 1234 1227 ad
1272 1179 1534 1229 Βασιλικὸν
1581 1180 1822 1227 edendum

141 1255 380 1303 adhibuit.
457 1254 516 1302 In
553 1255 862 1316 praefatione
903 1257 1033 1303 enim
1065 1254 1296 1302 editionis
1334 1254 1478 1303 huius
1518 1255 1756 1302 orationis
1797 1270 1826 1301 a

140 1330 594 1390 Morello,primum
622 1327 827 1376 Parisiis
864 1329 1004 1376 1614
1041 1329 1201 1376 factae
1238 1328 1359 1376 haec
1390 1327 1540 1376 verba
1570 1329 1824 1391 leguntur:

140 1403 462 1463 „Exemplum
498 1402 608 1451 MS.
658 1403 862 1450 alterum
906 1403 1137 1462 praebuit
1185 1400 1623 1462 Constantinopolis
1667 1403 1825 1449 muni—

141 1479 333 1537 ficentia
375 1477 707 1525 Reverendiss.
747 1477 982 1536 Episcopi
1018 1475 1261 1536 Aquensis
1307 1476 1371 1523 D.
1402 1474 1600 1535 Aeqidii
1636 1475 1826 1523 Noallii

141 1551 426 1616 μακαρίτου,
464 1550 524 1598 R.
549 1550 603 1596 P.
626 1550 867 1598 Frontoni
895 1550 1093 1597 Ducaeo
1127 1549 1359 1609 Theoloqo
1399 1551 1422 1596 ἑ
1458 1548 1686 1597 Societate
1708 1550 1826 1597 Iesu

143 1626 339 1685 beniqne
378 1626 793 1679 communicatum,
833 1624 895 1670 ab
935 1637 1077 1683 eoque
1106 1623 1377 1684 diliqenter·
1395 1626 1710 1682 accurateque
1746 1623 1825 1670 de-

142 1701 374 1758 scriptum
410 1699 638 1757 nobisque
675 1698 800 1744 ultro
836 1710 1106 1745 concessum
1145 1699 1258 1744 est.“
1330 1695 1410 1744 Ad
1448 1712 1593 1759 quem
1623 1696 1823 1744 Noallio

143 1773 337 1819 mortuo
383 1771 682 1832 pervenerit,
735 1772 950 1819 nescitur
1002 1786 1160 1832 neque
1205 1787 1358 1817 unum
1404 1786 1429 1818 e
1476 1770 1826 1832 superstitibus

146 1845 395 1893 codicibus
435 1844 565 1906 novi,
606 1845 692 1906 qui
728 1844 860 1892 idem
899 1846 1050 1905 atque
1088 1843 1169 1892 hic
1208 1843 1305 1891 dici
1344 1846 1506 1906 queat.

257 1918 310 1966 Si
348 1919 519 1966 unicus
558 1919 723 1965 textus
754 1917 1033 1966 Morelliani
1072 1917 1181 1965 fons
1209 1917 1333 1978 fuit,
1370 1919 1590 1980 proxime
1630 1918 1694 1965 ad
1731 1917 1822 1966 Pa-

146 1994 357 2040 latinum
388 2008 458 2055 gr.
487 1992 590 2040 282
626 1993 840 2040 accessit.
917 1991 1048 2039 Nam
1076 1992 1241 2039 textus
1278 1992 1364 2039 ille
1396 2007 1507 2039 cum
1536 1992 1629 2040 hoc
1661 1991 1824 2040 codice

143 2068 196 2114 in
227 2065 534 2126 lectionibus,
565 2065 726 2114 verbis
756 2065 1087 2128 transpositis,
1118 2065 1307 2114 lacunis
1338 2067 1518 2113 mirum
1547 2067 1601 2112 in
1623 2066 1827 2113 modum

147 2141 404 2188 consentit.
466 2138 638 2188 Plures
670 2154 786 2187 sane
811 2139 999 2188 codices
1023 2139 1284 2187 Morellum
1314 2139 1594 2188 adhibuisse
1626 2140 1826 2188 minime

144 2215 279 2261 omni
294 2213 644 2276 probabilitate
661 2215 807 2262 caret.
849 2211 989 2269 Quod
1005 2215 1049 2261 si
1063 2214 1116 2260 in
1131 2213 1224 2260 hac
1248 2213 1468 2261 oratione
1485 2215 1825 2274 statueremus,

146 2288 298 2335 mirus
329 2287 415 2335 ille
447 2302 707 2335 consensus
740 2288 890 2334 etiam
920 2287 993 2334 ita
1025 2286 1258 2348 explicari
1289 2289 1468 2348 posset,
1505 2290 1563 2334 ut
1592 2287 1826 2336 Morellus

147 2361 432 2424 apographo
480 2361 659 2408 codicis
697 2360 916 2408 Palatini
961 2361 1117 2422 ipsius
1155 2376 1272 2408 usus
1311 2363 1439 2408 esset
1484 2376 1637 2423 aeque
1678 2363 1826 2423 atque

146 2436 197 2481 in
237 2436 489 2501 Βασιλικῷ,
529 2434 587 2482 de
627 2450 723 2496 quo
761 2436 866 2496 ipse
905 2435 935 2481 1.
962 2435 1016 2481 1.:
1070 2436 1283 2490 tertium,
1320 2434 1501 2496 inquit,
1540 2435 1828 2495 (exemplum

146 2507 267 2568 MS)
306 2508 628 2569 Heidelberqa
666 2510 855 2556 civitate
893 2523 925 2555 a
962 2509 1230 2556 clarissimo
1271 2510 1314 2555 et
1351 2508 1671 2556 eruditissimo
1713 2509 1827 2556 Viro

148 2582 425 2630 Markardo
469 2581 681 2629 Frehero
723 2580 1013 2629 Consiliario
1050 2581 1278 2630 Pala-tino
1324 2582 1390 2629 ad
1433 2596 1522 2630 nos
1567 2582 1828 2630 liberaliter

148 2658 217 2702 est
261 2656 611 2702 transmissum.
689 2654 785 2702 Sed
838 2654 1018 2702 lacuna
1066 2670 1248 2718 magna
1298 2671 1447 2717 quam
1490 2654 1724 2704 Morellus
1774 2657 1827 2702 in

150 2728 313 2776 codice
359 2728 526 2776 eodem
571 2727 761 2775 Noallii
814 2743 844 2775 a
893 2743 942 2775 se
990 2727 1211 2776 adhibito
1259 2731 1449 2776 exstare
1495 2731 1706 2777 testatus
1753 2732 1827 2776 est

150 2800 203 2847 in
236 2801 505 2863 Epitaphio
542 2818 590 2863 p.
626 2802 732 2849 300
771 2800 871 2860 (hic
908 2801 1246 2849 desiderantur
1283 2803 1522 2861 quaedam
1559 2804 1616 2850 ob
1650 2802 1829 2851 Graeci

271 2957 313 3010 1)
345 2954 499 2999 Gallia
529 2954 792 2999 Christiana
822 2954 864 2997 H
890 2958 987 2998 196.
