2060 3162
702 102 930 149 LIBANII
963 101 1187 146 ORATIO
1219 101 1348 146 XXII
1749 103 1859 155 473

281 242 331 294 4.
389 238 690 309 Χρημάτων
729 237 918 306 ἐδέησε
966 241 1182 306 βασιλεῖ
1225 239 1363 309 πρὸς
1408 239 1510 307 τὴν
1557 247 1669 292 τῶν
1715 238 1861 291 ὅλων

173 331 446 399 σωτηρίαν
498 326 590 381 καὶ
636 328 870 397 μάλιστα
921 328 988 396 δὴ
1035 334 1111 398 τῷ
1165 324 1267 396 μὲν
1314 329 1391 390 εἰς
1439 330 1560 390 ἔτος
1610 326 1860 395 δέκατον,

172 425 246 491 τῷ
277 416 433 471 παιδὶ
473 414 534 470 δὲ
571 415 818 483 πέμπτον
856 424 952 485 τῆς
991 419 1271 484 βασιλείας
1308 417 1626 485 προϊούσης.
1694 418 1860 483 νόμος

173 505 234 560 δὲ
273 506 333 560 ἐν
370 514 486 569 τοῖς
522 506 797 568 τοιούτοις
843 507 1068 574 χρόνοις
1111 506 1324 574 χρυσὸν
1372 505 1512 559 ἰέναι
1562 506 1710 575 παρὰ
1748 515 1860 558 τῶν

171 595 524 665 κρατούντων
563 596 641 657 εἰς
679 603 863 664 χεῖρας
902 603 1018 656 τοῖς
1063 595 1433 663 στρατιώταις.
1510 603 1622 647 τῶν
1667 595 1862 647 τοίνυν
1908 614 1928 648 5

171 685 293 755 περὶ
338 693 450 737 τῶν
505 683 796 753 χρημάτων
843 683 1176 752 γραμμάτων
1215 681 1650 752 ἀνεγνωσμένων
1695 680 1808 736 ἔδει
1853 682 1857 754 Ι

170 772 271 839 μὲν
316 772 509 841 ἡδεῖαν
562 774 684 826 τότε
732 772 1055 841 ἀνθρώποις
1110 771 1372 840 γενέσθαι
1426 774 1527 841 τὴν
1577 772 1748 841 ἀκοὴν
1800 785 1949 828 RH3

170 859 260 914 καὶ
299 864 624 931 προθυμίαν
663 860 788 930 περὶ
828 862 930 930 τὴν
969 862 1241 930 εἰσφορὰν
1284 862 1577 929 τοσαύτην,
1616 859 1742 914 ὥστ’
1775 861 1861 914 εὐ-

170 951 384 1016 θυμίαν
422 948 667 1019 ἐνεγκεῖν
711 956 788 1022 τῷ
835 952 1052 1018 βασιλεῖ
1101 951 1203 1018 τὴν
1241 948 1489 1003 ἐνταῦθα
1529 948 1862 1019 ἑτοιμότητα,

172 1039 225 1091 οἱ
265 1039 326 1092 δὲ
364 1040 502 1108 πρὸς
546 1037 705 1092 τοῦθ’
737 1035 875 1108 ἧκον
914 1039 1165 1105 ἀτοπίας,
1212 1037 1337 1092 ὥστ’
1371 1037 1624 1102 ε’ξέπεσόν
1670 1058 1726 1091 τε
1766 1039 1861 1092 αὑ·
1888 1062 1930 1093 ιο

170 1136 283 1180 τῶν
343 1126 434 1181 καὶ
488 1137 722 1198 φρονεῖν
776 1126 953 1181 οὐκέτ’
998 1125 1166 1197 εἶχον,
1230 1127 1263 1180 ἃ
1324 1128 1427 1196 μὲν
1489 1129 1599 1181 ἔδει
1662 1129 1860 1181 δοῦναι

172 1221 547 1286 καθορῶντες,
594 1216 627 1270 ἃ
668 1215 714 1270 δ’
747 1215 870 1271 ἀντὶ
909 1218 1123 1270 τούτων
1162 1214 1232 1285 ἦν
1271 1220 1433 1286 ἔχειν,
1482 1213 1614 1270 οὐδὲ
1654 1220 1863 1285 λογιζό-

172 1324 343 1373 μενοι.
421 1304 470 1358 5.
509 1303 599 1358 καὶ
639 1315 861 1375 πρῶτον
899 1303 1001 1375 μὲν
1033 1305 1200 1374 ε’γγὺς
1237 1313 1338 1359 τοῦ
1377 1308 1594 1373 θρόνου
1630 1307 1720 1359 καὶ
1752 1316 1864 1359 τῶν

174 1401 274 1447 τοῦ
313 1394 578 1463 ἄρχοντος
624 1394 884 1463 ὀμμάτων
930 1396 1126 1463 φωνὴν
1173 1393 1408 1464 ἕρρηξαν
1456 1398 1865 1464 στασιαστικήν,

173 1491 351 1552 σχῆμα
381 1479 482 1550 μὲν
513 1480 751 1552 ἔχουσαν
783 1484 1031 1551 ἱκετείας,
1064 1485 1230 1554 ἔργον
1254 1484 1316 1536 δὲ
1340 1483 1639 1546 ἀπειθείας.
1680 1484 1861 1550 ὥσπερ
1889 1505 1930 1538 15

175 1572 278 1641 γὰρ
334 1570 396 1624 ἐν
448 1579 563 1634 τοῖς
615 1573 893 1641 μεγίστοις
946 1580 1135 1635 κακοῖς
1188 1576 1317 1635 τοὺς
1369 1574 1539 1635 θεοὺς
1588 1573 1865 1640 εἰώθαμεν

174 1664 363 1713 καλεῖν
402 1662 653 1727 δεόμενοι
690 1663 942 1730 βοηθεῖν,
990 1661 1136 1714 οὕτω
1182 1663 1304 1714 τότε
1350 1661 1449 1714 τὸν
1494 1662 1632 1714 θεὸν
1679 1662 1738 1714 οἱ
1771 1664 1865 1730 βο-

176 1757 343 1812 ῶντες
391 1757 535 1818 σφᾶς
581 1748 773 1817 ἐλεεῖν,
828 1750 901 1812 ὡς
948 1751 1027 1812 εἰς
1075 1750 1136 1803 τὸ
1182 1750 1443 1819 πράττειν
1496 1748 1657 1813 ἀξίως
1707 1748 1864 1803 ἐλέου

296 1959 318 1998 1
354 1954 410 1998 cf.
435 1970 480 2011 p.
499 1959 634 2010 436,1
651 1969 717 2010 sq.
758 1954 935 1999 Sozom.
952 1954 1038 1999 VH
1058 1959 1127 1999 23.
1169 1954 1341 1999 Theod.
1368 1955 1475 1999 hist.
1503 1955 1613 2000 eccl.
1631 1954 1673 1999 V
1690 1960 1760 2010 20,
1781 1961 1802 1999 1

177 2018 203 2056 3
234 2013 440 2058 Marcell.
467 2013 590 2058 Com.
617 2014 772 2058 chron.
805 2013 987 2071 (Chron.
1005 2015 1116 2058 min.
1135 2028 1253 2058 saec.
1271 2014 1336 2058 IV
1337 2014 1482 2059 ——VII
1513 2015 1583 2059 ed.
1608 2014 1865 2059 Mommsen

175 2072 217 2116 II
247 2088 291 2129 p.
319 2078 373 2117 62
408 2075 469 2116 ad
501 2087 675 2117 annum
707 2078 791 2117 387
833 2073 890 2117 cf.
923 2073 1096 2129 Hydat.
1131 2076 1251 2118 cont.
1286 2074 1440 2118 chron.
1475 2073 1660 2118 Hieron.
1690 2073 1866 2118 14Vm

175 2132 237 2177 ib.
262 2147 307 2189 p.
328 2135 400 2190 15)
522 2139 548 2177 4
581 2132 637 2176 cf.
663 2133 812 2176 Amm.
839 2132 987 2176 XXVI
1012 2138 1052 2188 2,
1073 2137 1127 2176 10
1159 2147 1264 2177 cum
1296 2135 1409 2177 nota
1432 2133 1611 2177 Valesii
1743 2138 1769 2177 8
1800 2133 1863 2177 Io.

177 2190 334 2247 Chrys.
362 2192 419 2235 ad
452 2205 559 2249 pop.
578 2192 684 2236 Ant.
704 2192 877 2236 hom.V
900 2192 991 2236 t.11
1013 2207 1059 2249 p.
1078 2193 1182 2236 631³]
1305 2197 1359 2236 15
1375 2207 1442 2249 sq.
1469 2192 1525 2237 cf.
1552 2208 1597 2250 p.
1616 2197 1782 2247 422‚12
1797 2207 1863 2248 sq.

297 2388 322 2427 3
356 2381 403 2428 δ’
431 2384 478 2434 ἐς
508 2384 599 2441 (vel
623 2385 702 2441 εἰς)
737 2384 942 2429 Sintenis
970 2386 976 2444 Ι
1003 2384 1214 2441 πέμπτου
1246 2385 1360 2439 Mor,
1394 2399 1486 2440 quo
1516 2386 1698 2428 retento
1731 2393 1864 2441 προϊ-

179 2441 313 2493 όντος
343 2443 448 2486 coni
479 2443 535 2487 H.
557 2443 826 2487 Valesiusl.
845 2443 874 2488 l.
999 2449 1024 2487 5
1056 2451 1153 2494 τοῖς
1184 2445 1484 2500 στρατιώταις
1515 2444 1581 2493 εἰς
1611 2451 1770 2501 χεῖρας
1791 2445 1865 2488 Ρα

179 2501 281 2545 Mor
424 2506 449 2544 6
482 2502 762 2559 γραμμάτων
793 2503 843 2546 111
873 2516 975 2546 mar
1001 2503 1164 2606 Oinser
1194 2505 1228 2548 I
1234 2504 1252 2529 ³
1312 2502 1596 2560 πραγμάτων
1631 2503 1698 2547 Va
1725 2504 1732 2558 Ι
1759 2503 1864 2548 ἀνε-

179 2559 405 2633 ωγμένων
414 2562 480 2605 Va
508 2567 514 2614 Ι
543 2561 637 2605 ἔδει
660 2562 744 2628 μὲν
770 2575 844 2605 om
860 2564 934 2606 Pa
1174 2567 1196 2605 '7
1230 2561 1349 2620 τότε]
1376 2569 1473 2612 τοῖς
1489 2562 1635 2606 Cobet
1651 2561 1763 2606 Coll.
1781 2567 1864 2606 119

238 2624 265 2664 8
299 2617 405 2663 ὥστ’
438 2620 476 2665 G
503 2620 584 2663 sed
616 2634 642 2663 σ
672 2621 797 2663 inser
818 2623 848 2674 f
881 2624 889 2677 Ι
923 2619 1184 2678 ἐπιθυμίαν
1215 2622 1318 2665 Μο1·
1454 2625 1479 2664 9
1512 2621 1733 2666 ἐντεῦθεν
1758 2622 1870 2666 Bal

186 2677 497 2736 ἑτοιμότητα
522 2680 599 2722 Βα
631 2679 712 2722 sed
735 2696 764 2735 η
790 2693 846 2722 ex
870 2697 901 2723 α
933 2694 1034 2724 corr
1058 2681 1128 2724 m⁸
1251 2685 1304 2724 10
1337 2681 1491 2724 αὐτῶν
1515 2681 1786 2724 ΒαΙΜοΡα
1797 2681 1866 2725 Va

179 2737 282 2782 Mor
343 2746 495 2781 αυτῶν
528 2738 571 2781 L
603 2738 711 2793 spir.
739 2751 880 2794 supra.
910 2757 939 2783 v
971 2752 1072 2783 eras
1135 2739 1312 2783 ἑαυτῶν
1336 2739 1404 2783 Re
1542 2744 1595 2782 17
1629 2737 1867 2796 δεομένοις

180 2797 281 2840 Mor
314 2799 321 2852 Ι
355 2797 437 2840 τὸν
467 2796 586 2914 θ]εὸν
617 2796 666 2839 in
698 2804 788 2840 τῶν
818 2800 961 2852 θεῶν,
993 2800 1093 2842 mm
1124 2799 1295 2842 iterum
1326 2798 1375 2841 in
1406 2798 1494 2842 τὸν.
1518 2798 1637 2842 θεὸν
1669 2812 1770 2841 corr
1793 2798 1866 2842 P*

184 2855 269 2943 ¹05
225 2915 282 2967 ἀξ
305 2855 553 2964 οἶᾶὲνῖξᾶ],
542 2856 727 2910 „malim
751 2833 961 2900 additunss
991 2857 1217 2902 ἐκάλουν“
1242 2857 1309 2900 Re
1434 2861 1488 2901 18
1520 2855 1581 2907 ὣς
1604 2853 1645 2900 τ’
1667 2858 1741 2901 Ρα
1764 2856 1866 2900 Μο1·
