2060 3162
681 121 906 167 LIBANH
938 120 1160 165 ORATIO
1191 120 1339 166 XVIH
1723 120 1829 174 231

268 264 350 311 49.
391 262 712 311 Vaticanus
752 278 828 324 gr.
866 262 1005 310 2236
1047 262 1331 311 chartaceus
1370 262 1556 310 formae
1596 263 1799 310 octavae
1837 270 1922 310 127

142 327 340 385 ‘saeculi
370 336 462 384 XV
499 335 853 397 miscellaneus,
893 336 1012 383 olim
1043 334 1381 383 Columnensis
1422 328 1609 402 (Goion.
1636 335 1720 383 75.
1747 339 1780 383 7
1785 338 1834 383 4.

156 413 240 458 31.
274 404 561 476 LXXXV)
602 409 820 458 continet

265 485 348 532 fol.
378 486 403 531 1
446 482 569 550 πρὸς
607 481 659 532 τὸ
698 479 820 547 ’ὑπὲρ
859 482 1067 530 λατίνων
1105 482 1316 547 βιβλίον·
1367 489 1455 531 τοῦ
1494 488 1656 546 σοφοῦ
1696 482 1835 531 διδα-

155 557 336 606 σκάλου
390 555 471 606 καὶ
524 557 668 606 θείου
722 554 901 621 ἀνδρὸς
953 555 1129 622 κυρίου
1183 557 1419 622 γεωργίου
1468 563 1556 606 τοῦ
1608 563 1836 623 γεμιστοῦ

155 630 422 695 πλήθωνος

268 708 333 754 27
374 704 428 754 ἐκ
466 711 562 753 τῶν
600 711 686 753 τοῦ
726 703 1004 770 στράβωνος
1041 711 1392 769 γεωγραφικῶν

268 780 334 826 67
375 778 517 844 λόγος
556 777 966 843 συμβουλευτικὸς
1005 776 1272 841 πλήθωνος
1309 777 1432 844 πρὸς
1469 776 1555 827 τὸν
1594 776 1838 842 δεσπότην

153 852 327 918 κύριον
365 852 619 918 θεόδωρον
658 851 743 901 τὸν
781 851 1107 918 παλαιολόγον

267 928 362 975 86*
400 925 623 990 ἐπιστολὴ
663 926 855 992 πύρρου
894 924 1016 991 πρὸς
1054 924 1138 975 τὸν
1176 925 1405 992 ῥωμαίων
1444 925 1632 974 ὕπατον

270 1002 400 1049 137V
437 1007 525 1049 τοῦ
557 999 710 1049 αὐτοῦ
742 999 996 1063 ἐπιτάφιος
1029 994 1319 1067 (πλήθωνος
1348 1000 1402 1047 in
1425 998 1587 1065 marg)
1627 999 1727 1048 Inc.
1765 1002 1835 1064 Τῆ

155 1081 252 1122 τῶν
291 1071 535 1141 ἡμετέρων
573 1072 810 1139 βασιλέων
848 1072 930 1122 καὶ
969 1071 1223 1140 ἡγεμόνων
1263 1072 1406 1140 μητρὶ
1443 1081 1501 1138 τῆ
1535 1070 1642 1140 ἄρτι
1681 1072 1743 1138 δὴ
1782 1072 1838 1123 ἐκ

152 1148 294 1197 τοῦδε
334 1155 420 1197 τοῦ
459 1149 572 1213 βίου
613 1146 839 1214 οἰχομένη

268 1225 370 1271 177
388 1225 481 1271 inc.
522 1223 812 1287 λιβανίου.
867 1221 1180 1285 ἐπιτάφιος
1219 1219 1311 1271 ἐπὶ
1342 1229 1414 1271 τῶ
1447 1222 1686 1286 βασιλεῖ
1711 1220 1838 1270 ἰου-

155 1300 360 1360 λιανῶ,
399 1303 471 1345 τῶ
510 1296 851 1362 γενεοτάτωι
890 1296 1087 1345 Desinit
1119 1297 1203 1345 fol.
1231 1298 1362 1344 215ν
1391 1296 1552 1344 verbis
1591 1293 1711 1344 ἀλλὰ
1748 1295 1839 1359 τὴν

154 1367 242 1434 μὲν
281 1370 495 1434 δύναμιν
535 1364 605 1437 (p.
634 1372 838 1431 596‚21
861 1363 952 1437 R),
998 1370 1175 1433 quibus
1215 1370 1544 1433 subscriptum
1584 1371 1658 1418 est
1697 1369 1838 1433 ζήτει.

154 1444 367 1507 Reliqua
406 1445 593 1493 desunt.
671 1446 801 1493 Nam
833 1447 1075 1507 quattuor
1113 1460 1238 1506 quae
1263 1446 1546 1512 sequuntur
1583 1444 1705 1491 folia
1731 1445 1835 1492 216

153 1520 334 1566 -219
368 1519 701 1583 fragmentum
726 1519 901 1567 Thesei
923 1518 1208 1566 Plutarchei
1239 1518 1352 1566 inde
1384 1533 1414 1565 a
1441 1517 1601 1566 verbis
1632 1513 1840 1581 ἠιθέους

154 1589 271 1640 ἑπτὰ
308 1590 391 1640 καὶ
429 1589 712 1657 παρθένους
749 1591 986 1650 τοσαύτας
1017 1585 1080 1658 (c.
1111 1592 1193 1652 15,
1215 1584 1268 1658 1)
1307 1591 1570 1639 continent.

268 1665 495 1714 Codicem
534 1682 660 1714 anno
704 1667 843 1714 1895
884 1666 1087 1728 inspexi.

265 1739 376 1787 Duo
417 1739 604 1788 codices
643 1741 845 1802 periisse
883 1740 1134 1788 videntur:

269 1814 351 1861 50.
393 1813 571 1861 codex
609 1814 851 1877 Aegidii
889 1813 1133 1861 Noallii.
1209 1812 1335 1860 Vide
1374 1828 1523 1875 supra
1560 1830 1607 1875 p.
1636 1814 1755 1861 203.

269 1887 351 1934 51.
396 1886 554 1935 Codex
595 1888 679 1949 qui
727 1888 849 1952 olim¹
890 1888 988 1934 fuit
1034 1887 1260 1935 abbatiae
1311 1885 1357 1934 S.
1398 1886 1655 1951 Remigii
1692 1887 1800 1934 Re·
1842 1895 1926 1934 128

155 1960 394 2021 mensis,
418 1961 469 2008 in
487 1961 714 2024 catalogo
738 1962 882 2009 huius
907 1961 1232 2009 bibliothecae
1256 1962 1592 2023 manuscripto
1611 1963 1838 2023 excerpto

156 2034 243 2081 illo
283 2034 482 2096 quidem
518 2036 571 2082 in
611 2035 774 2083 codice
814 2035 924 2083 Par.
960 2034 1130 2097 Suppl.
1160 2035 1280 2095 798,
1318 2037 1375 2082 ut
1413 2035 1613 2096 conicio,
1655 2052 1682 2082 a
1721 2035 1839 2084 Ber-

154 2108 308 2156 nardo
340 2108 675 2170 Montfaucon‚
714 2110 802 2171 qui
840 2111 1066 2171 excerpta
1097 2109 1286 2172 graecis
1316 2109 1674 2171 praetermissis
1706 2110 1840 2171 typis

155 2182 425 2243 mandavit,
437 2176 478 2249 ¹)
517 2184 570 2230 in
607 2183 727 2231 folio
764 2185 865 2231 112
906 2185 980 2231 ita
1019 2176 1366 2249 descriptu322)

272 2256 430 2304 Codex
464 2257 569 2304 530

267 2330 473 2379 Libamii
509 2331 832 2392 Epitaphium
869 2332 1062 2380 Iuliani
1099 2333 1360 2390 apostatae.
1437 2328 1534 2379 ἔδει
1573 2327 1662 2394 μὲν

267 2405 521 2452 Meditatio
562 2406 779 2464 parasiti
829 2398 1002 2471 (quam
1048 2404 1235 2453 conicio
1282 2419 1384 2452 esse
1431 2404 1840 2452 declamationem

157 2475 353 2524 Libanii
386 2477 665 2542 Παράσιτος
704 2475 782 2527 ἐπὶ
821 2478 1022 2527 δεῖπνον
1059 2475 1263 2541 κληθεὶς
1301 2505 1373 2510 -
1412 2475 1586 2526 ἑαυτὸν
1624 2491 1840 2544 προσαγ-

158 2547 308 2614 γέλλει
346 2553 381 2599 t.
406 2551 477 2598 IV
506 2553 610 2600 150
624 2568 710 2613 sq.,
758 2554 939 2614 quippe
981 2566 1104 2614 quae
1143 2551 1300 2599 multo
1341 2551 1555 2599 crebrius
1594 2551 1840 2613 descripta

159 2623 224 2671 sit
269 2640 417 2685 quam
464 2626 621 2673 altera
671 2624 948 2690 Παράσιτος
997 2631 1084 2674 τοῦ
1134 2622 1396 2691 τρέφοντος
1441 2623 1592 2674 αὐτὸν
1638 2628 1843 2687 φιλοσο-

160 2695 409 2759 φήσαντος
447 2698 511 2746 ib.
551 2716 597 2761 p.
634 2700 735 2746 216
753 2693 846 2765 sq.)

279 2811 320 2864 1)
365 2809 484 2852 Bibl.
510 2808 622 2853 bibl.
649 2822 875 2853 manuscr.
901 2823 1001 2853 nov.
1034 2811 1066 2852 t.
1092 2810 1134 2852 Π
1164 2825 1209 2865 p.
1231 2809 1380 2852 1189b.

160 2869 341 2980 Maygg·
369 2866 584 2912 Codicem
621 2867 884 2911 Pax-isinum
930 2881 1078 2923 nuper
1123 2868 1326 2924 gratiose
1371 2868 1575 2924 inspexit
1613 2867 1840 2924 Georgius
