2060 3162
660 125 887 170 LIBANII
919 124 1142 169 ORATIO
1173 123 1323 168 XVIII
1734 123 1838 175 341

162 262 248 317 ἐπὶ
289 272 404 326 τοῖς
439 264 630 324 πόνοις
670 263 851 329 λύπην
888 268 963 333 τῷ
997 263 1155 333 φόνῳ
1194 261 1284 313 καὶ
1324 259 1545 314 ἐδέοντο
1577 259 1844 328 βασιλέως

163 353 497 421 συγγνώμην
534 352 696 419 ἔχειν,
737 351 784 402 εἰ
824 350 995 419 δρῶσι
1033 352 1385 412 πεπονθότες.
1461 348 1584 401 241.
1631 348 1844 401 ἀπολω-

165 444 286 494 λόσι
347 441 414 508 δὴ
475 447 591 501 τοῖς
652 438 972 508 ἀνθρώποις
1025 438 1381 491 ε’παπώλλυτο
1444 439 1504 491 τὸ
1568 438 1844 506 φρούριον

160 530 390 598 μάλιστα
445 529 512 596 δὴ
567 537 679 580 τῶν
732 526 843 580 ἐκεῖ
892 530 1183 597 φρουρίων
1235 525 1498 594 ἐκτριβέν.
1575 525 1684 597 ὅσῳ
1738 526 1842 595 γὰρ

159 624 460 687 κατασκευῇ
498 626 611 669 τῶν
650 617 831 669 ἄλλων
870 615 1108 686 διέφερε,
1147 617 1391 687 τοσούτῳ
1430 616 1530 683 τὴν
1568 618 1845 676 παντελῶς
1891 633 1910 666 5

160 706 536 775 ἀφανίζουσαν
612 704 950 758 ἐπεσπάσατο
1027 712 1233 774 ψῆφον.
1326 705 1556 772 διχόθεν
1632 704 1736 772 γὰρ
1810 702 1842 770 ἡ

158 795 333 864 βλάβη
373 794 616 864 Πέρσαις
654 793 1079 847 ἀντικαθιστᾶσί
1113 813 1170 846 τε
1209 791 1300 845 καὶ
1340 793 1412 861 μὴ
1451 793 1513 844 τὸ
1553 792 1845 861 φρούριον.

158 883 280 935 242.
329 883 473 936 οὕτω
521 884 591 951 δὴ
654 887 663 948 Ι
726 883 975 952 λαμπρὸν
1019 880 1111 934 καὶ
1161 884 1345 951 μεῖζον
1395 880 1747 949 ἀνθρωπείας
1783 892 1932 935 R603

159 973 380 1041 φύσεως
424 973 484 1024 τὸ
523 971 927 1041 πεπραγμένον,
974 969 1114 1024 ὥσθ’
1147 971 1206 1023 οἶ
1239 971 1340 1037 μὲν
1377 968 1640 1040 ᾑρηκότες
1679 964 1847 1021 οὐδὲν

158 1063 238 1113 ἔτι
277 1061 480 1123 αὑτοὺς
511 1059 763 1128 ἐνόμιζον
793 1065 984 1128 οἴσειν,
1024 1069 1136 1112 τῶν
1176 1059 1237 1112 δὲ
1276 1058 1544 1112 ἐναντίων
1583 1071 1845 1125 συγκατε-
1871 1079 1914 1111 10

157 1152 389 1218 νήνεκτο
442 1150 503 1202 τὸ
558 1150 815 1218 φρόνημα
860 1155 936 1220 τῷ
984 1150 1146 1216 τείχει
1199 1148 1289 1200 καὶ
1340 1145 1510 1219 ᾤοντο
1566 1147 1635 1215 δὴ
1690 1147 1848 1215 σφίσι

159 1239 337 1291 πάντα
377 1232 518 1291 εἶναι
550 1238 747 1307 σαθρά.
824 1235 914 1290 καὶ
946 1238 1205 1304 βασιλεὺς
1237 1234 1321 1289 ἀεὶ
1355 1233 1458 1303 μὲν
1490 1235 1848 1304 ἐργαζόμενος

160 1327 391 1395 μεγάλα,
444 1327 609 1396 μικρὰ
659 1326 721 1378 δὲ
769 1326 946 1378 πάντα
986 1326 1300 1394 ’ἡγούμενος
1350 1325 1453 1377 οὐκ
1507 1326 1627 1393 ἔσχε
1681 1330 1846 1376 τοῦτο

160 1417 232 1484 μὴ
279 1417 502 1484 νομίσαι
551 1415 817 1483 πάμμεγα.
894 1413 1203 1482 ἐφθέγξατο
1254 1421 1396 1482 γοῦν
1435 1414 1567 1482 ὅπερ
1609 1413 1675 1465 οὐ
1715 1413 1848 1481 πρό-

162 1510 319 1572 σθεν,
367 1504 439 1566 ὡς
478 1508 560 1571 εἴη
607 1510 681 1574 τῷ
715 1504 887 1574 Σύρῳ
935 1503 1187 1564 δεδωκὼς
1233 1502 1492 1572 ἀφορμὴν
1539 1503 1616 1564 εἰς
1662 1502 1846 1568 λόγον,
1872 1522 1916 1555 15

162 1592 255 1662 ἐμὲ
295 1594 362 1660 δὴ
404 1590 595 1659 λέγων.
665 1590 781 1645 ἀλλ’
815 1591 847 1660 ἡ
885 1588 986 1658 μὲν
1026 1591 1248 1660 ἀφορμὴ
1277 1593 1588 1659 θαυμαστή,
1627 1590 1849 1642 πάντων

162 1681 282 1751 ἐμοὶ
322 1683 564 1750 φίλτατε,
605 1677 664 1733 σὲ
704 1680 764 1732 δὲ
804 1680 905 1732 οὐκ
946 1682 1127 1748 ἔχοντι
1165 1681 1247 1741 τίς
1285 1679 1459 1747 ἡδονὴ
1496 1686 1595 1731 τοῦ
1636 1681 1788 1746 βίους

275 1770 397 1822 243.
449 1767 585 1821 Ἀλλ’
630 1767 806 1821 ἐκεῖσε
860 1767 1249 1837 ἐπανέρχομαι,
1311 1768 1395 1820 ὅτι
1455 1768 1517 1820 τὸ
1572 1768 1849 1837 φρούριον

162 1859 350 1911 παθὸν
382 1857 414 1909 ἃ
446 1856 761 1926 διεξῆλθον,
800 1864 865 1926 τῇ
905 1859 1057 1926 φήμῃ
1088 1864 1187 1909 τοῦ
1220 1854 1607 1926 πεπραγμένου
1639 1857 1851 1924 πολλὴν

163 1945 251 1999 ἐπὶ
297 1951 556 2003 πλεῖστον
601 1953 696 2013 τῆς
743 1945 878 1998 ὁδοῦ
926 1955 1037 1998 τῶν
1090 1944 1574 2013 ἐναντιωσομένων
1621 1943 1850 2014 ἐρημίαν
1873 1967 1918 1999 20

164 2035 434 2103 ἐποίησεν.
511 2036 650 2088 ὥστε
680 2033 772 2087 καὶ
811 2036 907 2097 τὰς
937 2035 1118 2102 κώμας
1159 2031 1396 2105 ἐπῄεσαν
1427 2035 1479 2086 οἱ
1513 2034 1850 2102 σκευοφόροι

164 2124 537 2192 λαμβάνοντες
588 2122 621 2175 ἃ
667 2124 739 2191 μὴ
788 2125 1049 2190 λαβόντες
1096 2123 1146 2175 οἱ
1203 2130 1584 2184 κατοικοῦντες
1630 2120 1849 2193 ᾤχοντο.

163 2216 372 2281 μᾶλλον
398 2212 458 2265 δὲ
481 2213 548 2264 τὰ
570 2209 672 2281 μὲν
697 2211 1023 2281 ἐλάμβανον,
1056 2211 1089 2264 ἃ
1114 2208 1175 2264 δὲ
1199 2210 1392 2281 φέρειν
1416 2211 1519 2263 οὐκ
1543 2206 1630 2278 ἧν,
1661 2211 1726 2262 τὰ
1750 2206 1851 2276 μὲν

163 2299 425 2355 ἐδίδοσαν
447 2307 524 2372 τῷ
541 2306 779 2371 ποταμῷ,
802 2301 867 2352 τὰ
885 2296 945 2352 δὲ
962 2306 1037 2372 τῷ
1053 2302 1205 2369 πυρί,
1231 2300 1411 2369 ὥσπερ
1430 2298 1615 2368 ἀμέλει
1639 2296 1730 2352 καὶ
1755 2301 1850 2365 βα-

286 2464 308 2502 1
343 2444 510 2515 φόνοις
534 2459 608 2503 La
635 2462 642 2516 Ι
669 2458 888 2517 βασιλέως
917 2459 1042 2503 inser
1073 2459 1130 2503 1³
1191 2473 1266 2504 om
1292 2459 1527 2503 GBMoM
1554 2457 1644 2500 edd
1751 2461 1776 2500 2
1811 2457 1852 2504 εἰ

166 2519 308 2573 δρῶσι
341 2531 396 2562 ex
428 2517 587 2573 ἱδρῶσι
619 2532 720 2562 oon·
745 2518 807 2561 M
815 2518 832 2543 ²
963 2523 989 2561 3
1022 2518 1072 2562 δὲ
1104 2518 1173 2563 Re
1292 2522 1320 2560 4
1353 2514 1591 2573 φρουρίων
1624 2514 1849 2618 ἐκτριβέν]

166 2578 374 2631 „videtum
405 2576 592 2627 εἰκότως
621 2578 1026 2633 ιἠιενροηεηάιωη“
1058 2578 1126 2621 Re
1247 2581 1273 2619 5
1305 2582 1498 2620 τοσοῦτο
1530 2575 1574 2619 U
1689 2579 1714 2618 6
1748 2574 1850 2618 ἐ-πε

166 2635 375 2680 σπάσατο
406 2637 456 2679 in
488 2637 718 2681 ἐπεσπᾶτο
751 2649 852 2679 corr
875 2636 933 2680 1²
1076 2641 1099 2680 7
1132 2653 1180 2681 τε
1212 2650 1287 2680 om
1311 2635 1413 2678 Mor
1435 2633 1559 2677 Fabr
1708 2637 1734 2676 8
1767 2634 1850 2677 ἀν-

164 2692 406 2749 θρωπείας
436 2696 483 2738 Ρ
517 2695 598 2738 sed
638 2691 679 2738 εἰ
717 2695 764 2737 in
797 2708 873 2738 ras
904 2695 975 2739 111³
1155 2699 1209 2739 10
1257 2692 1321 2739 ἔτ’
1350 2693 1520 2743 αυτοὺς
1559 2691 1669 2736 libri
1700 2692 1791 2736 edd

166 2752 245 2797 ἔθ’
273 2754 443 2804 αὑτοὺς
474 2753 677 2797 Sintenis
713 2755 720 2808 Ι
754 2754 923 2805 αὐτοὺς
954 2750 1076 2798 εἶναι
1108 2753 1318 2810 ἐνόμιζον
1344 2755 1428 2797 Mo
1462 2754 1468 2808 Ι
1504 2748 1550 2797 δ’
1578 2751 1701 2795 Fabr
1723 2751 1791 2795 Re

169 2817 221 2854 11
257 2810 478 2868 σφίσινΡ
589 2817 645 2855 15
668 2811 814 2869 λόγων
832 2812 916 2857 Mo
1025 2818 1078 2856 16
1103 2812 1180 2869 ἐμὲ
1205 2813 1263 2879 ὃῂ
1286 2811 1467 2868 λέγων
1453 2825 1519 2855 111
1526 2823 1661 2868 marg
1687 2809 1792 2854 Mo'

169 2874 223 2913 17
255 2888 311 2926 γρ
334 2879 416 2915 τοῦ
446 2870 587 2928 λόγου
618 2871 668 2913 in
691 2883 824 2927 marg
850 2870 937 2915 Μ
1079 2875 1133 2915 19
1167 2871 1196 2914 ἃ
1228 2871 1277 2914 in
1301 2884 1435 2928 marg
1461 2868 1525 2916 0²
1667 2874 1722 2912 20
1755 2868 1852 2913 ἐπι-

165 2931 378 2974 πλεῖστον
402 2931 447 2974 Β
568 2934 623 2972 22
655 2929 967 2987 λαμβάνοντες
999 2931 1042 2974 V
