2060 3162
220 976 240 1007 9

259 103 370 164 272
751 110 980 155 LIBANH
1011 109 1234 155 ORATIO
1267 110 1416 155 XVHI

261 243 366 300 οὗν
428 245 831 313 ἀνανεούμενος
884 246 974 298 καὶ
1030 246 1216 298 δεινὸν
1269 247 1523 313 νομίζων,
1583 247 1631 298 εἰ
1683 247 1755 315 μὴ
1810 247 1948 316 πρὸς

261 335 491 404 τάρχαῖα
539 337 863 402 καταστήσει
913 335 1014 402 τὴν
1063 336 1446 402 σιτοπομπίαν,
1495 341 1633 397 ναῦς
1680 353 1738 387 τε
1787 333 1949 397 ὀξέως

262 423 434 487 ἔδειξε
479 425 704 485 πλείους
749 422 782 491 ἢ
829 425 1102 492 πρότερον
1154 421 1245 475 καὶ
1293 424 1660 492 διεσκοπεῑτο,
1715 431 1830 485 πῶς
1880 421 1950 474 ἂν

263 513 409 584 αὐτῷ
443 510 656 575 δέξαιτο
696 512 797 564 τὸν
837 520 992 564 σῖτον
1031 511 1060 564 ὁ
1100 514 1353 578 ποταμός.

376 601 460 654 84.
509 599 604 652 Ἐν
649 601 826 670 τούτῳ
876 600 936 652 δὲ
983 602 1145 662 ὄντος
1190 603 1395 668 κλοπῆς
1442 598 1668 653 ἐδίωκεν
1714 600 1951 668 ἄρχοντα

264 689 590 758 ἀρχόμενος,
635 687 982 757 Φλωρέντιος
1021 688 1099 756 δέ,
1140 689 1214 751 ὡς
1251 689 1353 756 μὲν
1390 688 1651 758 ὕπαρχος,
1691 687 1950 754 ἐδίκαζεν,

265 778 339 840 ὡς
376 776 629 829 κλέπτειν
668 773 729 829 δὲ
769 777 929 838 εἰδὼς
968 777 1059 829 καὶ
1097 779 1219 829 τότε
1258 778 1519 846 εἰληφώς,
1560 775 1648 829 ε’πὶ
1686 777 1786 829 τὸν
1823 796 1953 845 γρα-

264 867 515 933 ψάμενον
560 866 661 932 τὴν
711 865 885 934 ὀργὴν
930 859 1064 933 ἦγεν
1114 866 1443 932 αἰδούμενος
1492 866 1590 917 τὸν
1641 865 1952 934 ὁμότεχνον.

265 954 338 1016 ὡς
372 950 432 1006 δὲ
464 952 566 1005 οὐκ
597 952 908 1006 ἐλάνθανεν
940 953 1164 1022 ἀδικῶν,
1205 952 1322 1006 ἀλλ’
1353 950 1495 1022 ἦσαν
1534 954 1587 1006 οὶ
1618 954 1755 1023 πρὸς
1793 952 1954 1021 ἀλλή-

175 1055 218 1098 R
239 1059 324 1099 550
358 1047 489 1104 λους
528 1043 905 1110 φθεγγόμενοι
941 1041 946 1110 Ι
981 1040 1073 1094 καὶ
1113 1042 1142 1095 ὁ
1173 1048 1353 1112 θροῦς
1384 1043 1530 1114 αὐτῷ
1561 1043 1628 1095 τὰ
1667 1039 1777 1095 ὦτα
1808 1040 1956 1094 ε’κέν-

202 1507 243 1539 15

264 1150 369 1198 τει,
410 1131 507 1183 τὸν
557 1129 785 1198 βασιλέα
834 1132 1103 1198 δικαστὴν
1146 1130 1412 1194 ἐκάθιζεν.
1488 1130 1516 1183 ὁ
1558 1130 1620 1183 δὲ
1657 1132 1724 1183 τὰ
1767 1139 1956 1199 πρῶτα

266 1217 522 1287 ἔφευγεν,
562 1219 628 1271 οὐ
669 1220 773 1288 γὰρ
822 1219 970 1290 αὑτῷ
1017 1220 1107 1272 καὶ
1153 1227 1317 1272 τοῦτο
1366 1220 1647 1272 δεδόσθαι.
1725 1217 1810 1271 85.
1865 1217 1955 1271 καὶ

266 1314 438 1360 ταῦτα
477 1306 649 1360 ἐποίει
693 1307 1038 1377 Φλωρέντιος
1079 1308 1146 1360 οὐ
1185 1314 1258 1380 τῷ
1293 1309 1358 1360 τὰ
1397 1309 1583 1360 δίκαια
1629 1306 1956 1376 ἐψηφίσθαι,

266 1402 342 1468 τῷ
377 1392 436 1448 δὲ
483 1398 726 1462 νομίζειν
777 1394 993 1448 ἐκεῖνον
1045 1397 1192 1468 αὐτῷ
1236 1398 1540 1464 θήσεσθαι,
1595 1395 1699 1448 κᾶν
1746 1394 1959 1448 ἀδικεῖν

270 1485 420 1553 δοκῆ.
498 1484 572 1546 ὡς
626 1481 686 1537 δε
740 1492 835 1552 τῆς
889 1486 1028 1553 πρὸς
1083 1485 1251 1537 αὐτὸν
1305 1485 1526 1555 χάριτος
1579 1483 1749 1537 πλέον
1811 1478 1958 1536 εἶδεν

267 1571 566 1641 ἐσχηκυῖαν
619 1575 719 1642 τὴν
771 1573 1056 1659 ἀλήθειαν,
1111 1573 1318 1641 ἤλγησέ
1366 1593 1424 1626 τε
1477 1574 1578 1642 τὴν
1631 1574 1815 1641 ψυχὴν
1868 1571 1958 1625 καὶ

269 1661 450 1729 ἄνδρα
512 1654 554 1732 ᾧ
609 1662 843 1730 μάλιστα
895 1661 1114 1732 ἐχρῆτο,
1185 1663 1467 1729 διαβαλὼν
1520 1662 1834 1732 γράμμασιν
1888 1661 1959 1723 ὡς

269 1747 565 1817 ἐπαίροντα
618 1751 718 1803 τὸν
770 1750 917 1818 νέον,
975 1749 1193 1819 εξέβαλε
1245 1759 1358 1803 τῶν
1411 1753 1722 1818 βασιλείων,
1777 1749 1837 1811 ὃς
1889 1743 1960 1815 ’ἧν

390 1923 415 1960 2
455 1917 538 1960 Iul.
573 1931 644 1973 ep.
678 1918 738 1960 ad
772 1931 865 1960 sen.
891 1917 997 1960 Ath.
1031 1933 1076 1973 p.
1104 1921 1188 1961 280
1208 1917 1241 1961 C
1391 1921 1417 1959 6
1450 1917 1599 1959 Amm.
1631 1916 1759 1959 XVII
1784 1921 1823 1970 3,
1850 1920 1956 1970 2sq.

269 1975 353 2018 Iul.
381 1989 450 2031 ep.
478 1976 538 2018 ad
569 1975 677 2019 Ath.
710 1991 753 2031 p.
783 1981 866 2019 282
887 1975 933 2019 C.
967 1990 1037 2032 ep.
1067 1981 1091 2018 7
1123 1992 1166 2032 p.
1195 1981 1281 2020 384
1305 1976 1345 2018 D
1371 1991 1436 2032 sq.
1502 1975 1558 2019 cf.
1592 1976 1759 2019 Asmus
1790 1973 1956 2017 Philol.

270 2033 372 2076 LXI
397 2038 479 2077 581
643 2039 695 2076 17
722 2035 1010 2078 Σαλούστιον
1043 2035 1099 2077 cf.
1125 2035 1208 2078 Iul.
1236 2048 1306 2090 ep.
1335 2035 1395 2078 ad
1419 2034 1526 2077 Ath.
1553 2049 1596 2090 p.
1618 2038 1702 2077 282
1722 2032 1766 2077 C.
1815 2047 1878 2076 or.
1896 2032 1960 2075 VI

270 2107 330 2190 Ρ.
346 2093 499 2135 189Α.
549 2092 605 2135 cf.
631 2093 799 2136 Asmus
830 2093 860 2135 1.
886 2093 915 2136 1.
949 2108 992 2149 Ρ.
1020 2098 1104 2136 585

395 2253 449 2291 14
480 2247 737 2305 θήσεσθαι]
763 2246 864 2300 ἤτοι
889 2246 1227 2302 συμφωνήσειν,
1252 2247 1592 2302 ἀκολουθήσειν
1615 2248 1677 2291 Vr
1800 2251 1853 2290 17
1878 2246 1959 2291 τὸν

274 2307 561 2350 Σαλούστιον
593 2304 712 2362 λέγει
743 2305 948 2350 P2I2V
979 2306 1060 2360 qui
1091 2304 1210 2363 λέγει
1239 2306 1417 2349 omittit

397 2459 418 2496 1
452 2454 801 2509 ἀνανοούμενος
833 2452 1035 2496 Sintenis
1112 2467 1224 2495 num
1254 2452 1630 2509 ἀνακεσόμενοςῖ
1781 2456 1806 2493 2
1840 2465 1960 2494 σιτο-

274 2509 486 2567 πομπίαν
517 2513 553 2555 Ι
577 2512 658 2555 sed
690 2529 707 2555 ι
739 2512 938 2555 alterum
969 2511 1019 2554 in
1048 2523 1124 2553 ras
1157 2516 1182 2553 2
1214 2511 1294 2555 litt
1425 2516 1450 2554 5
1484 2510 1671 2564 ἐδίωξεν
1698 2511 1778 2554 OB
1810 2509 1902 2553 edd

277 2588 465 2666 ἐδίωξεν
500 2616 584 2659 Mo
742 2618 765 2656 7
801 2614 880 2671 ὡς]
914 2612 937 2657 ὁ
970 2613 1071 2656 Μο1·
1094 2613 1216 2656 Fabr
1266 2615 1271 2669 Ι
1321 2613 1518 2670 κλέπτην
1550 2614 1625 2657 La
1656 2613 1758 2656 Mor
1780 2611 1903 2655 Fabr

277 2671 469 2728 κλέπτης
495 2673 579 2716 Mo
607 2675 612 2728 Ι
640 2671 908 2746 κατήγορον
924 2672 992 2715 Re
1113 2677 1136 2715 9
1165 2670 1210 2717 δ’
1232 2673 1300 2715 Re
1413 2677 1465 2715 11
1491 2687 1612 2726 ταπρ
1616 2679 1709 2715 ῶτα
1734 2671 1965 2714 BVIMP

340 2735 392 2773 12
441 2732 566 2790 αὐτῷ
597 2731 762 2787 scripsi
853 2731 978 2790 αὐτῷ
1017 2731 1126 2774 libri
1158 2731 1249 2774 edd
1431 2735 1485 2774 13
1533 2728 1801 2785 φλορέντιος
1832 2729 1917 2772 Mo
1953 2729 1957 2787 Ι

278 2795 415 2844 „post
446 2776 714 2845 ἐψηφίσθαι
745 2790 923 2834 videtur
953 2795 1036 2833 aut
1066 2790 1296 2834 πιστεύειν
1328 2795 1411 2834 aut
1433 2787 1716 2833 πεπονθέναι
1747 2794 1830 2832 aut
1853 2801 1960 2831 συν-

279 2846 454 2892 ειδέναι
486 2849 657 2893 deesse“
690 2849 758 2892 Re
819 2848 1051 2891 πιστεύειν
1083 2849 1280 2892 inseruit
1310 2848 1476 2891 Asmus
1508 2846 1592 2889 1.1.
1732 2851 1786 2890 15
1819 2847 1961 2891 αὐτὸν

279 2907 326 2950 P
354 2906 434 2949 sed
467 2906 521 2950 ὸν
553 2907 602 2949 111
632 2920 707 2950 ras
740 2906 984 2949 111216
1018 2923 1064 2950 τε
1097 2922 1171 2950 0111
1196 2907 1239 2950 V
