2060 3162
241 172 347 225 318
759 171 985 214 LIBANII
1017 170 1240 215 ORATIO
1271 170 1420 215 XVIII

239 328 333 370 τας
386 317 562 369 κακῶς
615 305 830 360 ἐκεῖνον
882 307 972 360 καὶ
1029 306 1233 359 ἀπόντα
1286 310 1474 360 καλεῖν
1534 307 1623 359 καὶ
1679 297 1922 374 τοῦνομα

238 399 375 466 πρὸς
406 395 729 465 ἐπικουρίαν
761 395 967 466 ἀρκεῖν,
1005 403 1169 449 τοῦτο
1201 395 1291 449 καὶ
1322 397 1423 465 τὴν
1453 397 1618 449 τοῦδε
1649 410 1921 464 προσηγο-

238 486 364 554 ρίαν
410 483 788 553 ὃεδυνημένην
840 490 1012 553 ἴσμεν.
1088 483 1178 537 καὶ
1228 487 1410 548 πόλεις
1461 483 1552 538 καὶ
1601 473 1775 553 κῶμαι
1829 483 1916 537 καὶ

238 573 434 643 ἀγοραὶ
478 572 569 626 καὶ
610 575 778 626 οἰκίαι
823 573 915 626 καὶ
953 575 1172 643 ἤπειροι
1217 574 1309 626 καὶ
1345 581 1506 642 νῆσοι
1544 574 1634 626 καὶ
1672 572 1789 626 νέοι
1827 574 1920 626 καὶ

192 682 210 714 5
235 662 489 732 γέροντες
526 660 618 715 καὶ
659 663 855 730 ἄνδρες
892 663 981 714 καὶ
1022 671 1279 730 γυναῖκες
1315 669 1391 734 τῷ
1434 663 1531 715 τὸν
1571 663 1726 715 δεῖνα
1764 664 1918 729 βασι-

234 752 415 804 λεύειν
461 750 643 819 λέγειν
687 754 817 813 τοὺς
863 754 1176 814 λυποῦντας
1215 750 1590 819 ἀπεωθοῦντο,
1637 737 1733 803 καὶ.
1765 759 1920 821 χεῖρα

233 841 369 909 πρὸς
406 841 622 908 πληγὴν
659 839 879 907 ἕτοιμον
923 841 983 893 τὸ
1032 841 1176 910 ῥῆμα
1220 847 1384 893 τοῦτο
1431 839 1741 893 συνέστειλε
1787 844 1918 892 πολ-

234 930 401 992 λάκις.
482 929 600 981 187.
664 927 882 992 ἐδέξατο
939 930 1006 997 δὴ
1059 930 1120 981 τὸ
1185 930 1538 999 δικαστήριον
1593 927 1769 981 έκεῖνο
1827 930 1918 982 καὶ

232 1020 417 1079 πόλεις
478 1018 615 1087 ὑπὲρ
677 1020 961 1088 πρωτείων
1023 1017 1499 1087 ἀμφισβητούσας,
1569 1019 1627 1070 αἳ
1684 1026 1795 1070 τῶν
1855 1016 1918 1070 ἐν

167 1128 208 1158 10
234 1109 419 1177 Συρίᾳ
471 1107 604 1173 μετὰ
656 1108 758 1175 τὴν
810 1106 1076 1176 ἡμετέραν
1129 1105 1401 1174 μέγισται,
1456 1106 1655 1168 κάλλος
1708 1106 1769 1158 δὲ
1812 1111 1915 1159 θα-

232 1194 362 1267 τέρᾳ
399 1195 570 1248 πλέον
609 1196 700 1247 ἅτε
731 1196 821 1248 καὶ
853 1197 953 1263 τὴν
983 1196 1266 1248 θάλατταν
1295 1194 1664 1264 καρπουμένῃ.
1738 1196 1917 1262 λόγων

233 1283 293 1335 δὲ
330 1293 556 1354 μακρῶν
597 1283 898 1353 εἰρημένων
937 1284 1026 1336 καὶ
1065 1293 1175 1336 τῶν
1205 1281 1307 1351 μὲν
1338 1285 1475 1336 ἄλλα
1506 1303 1564 1336 τε
1604 1283 1916 1346 διεξελθόν-

230 1392 340 1424 των
379 1371 412 1424 ἃ
451 1380 546 1440 τῆς
586 1373 730 1443 ὥρας
767 1368 837 1440 ἦν
875 1371 966 1425 καὶ
1005 1374 1236 1425 πολίτου
1271 1373 1420 1435 τινὸς
1451 1375 1672 1440 σοφίαν,
1712 1381 1823 1424 τῶν
1855 1368 1917 1424 δὲ

230 1459 291 1513 ἐν
343 1464 602 1532 μεσογείᾳ
656 1459 816 1524 ξένου
867 1481 924 1513 τε
970 1462 1059 1514 καὶ
1106 1463 1352 1528 πολίτου,
1405 1469 1505 1514 τοῦ
1558 1458 1660 1528 μὲν
1711 1461 1918 1529 ταύτην

164 1571 204 1603 15
228 1551 627 1619 προκρίναντος
689 1549 1106 1618 ἐμφιλοσοφεῖν,
1167 1558 1267 1602 τοῦ
1324 1546 1384 1603 δὲ
1437 1548 1653 1603 ἐκεῖνόν
1713 1568 1771 1601 τε
1823 1547 1916 1601 καὶ

227 1640 358 1700 τοὺς
395 1639 846 1701 ἀκολουθοῦντας
878 1638 1067 1710 ἐκείνῳ
1101 1641 1454 1708 πανταχόθεν
1486 1637 1733 1707 ἀσμένως
1765 1636 1917 1700 δεξα-

226 1726 413 1795 μένου,
463 1729 564 1795 τὴν
602 1728 703 1796 μὲν
740 1736 852 1780 τῶν
894 1730 1074 1780 λίθων
1117 1727 1295 1796 αὐγὴν
1334 1730 1546 1797 χαίρειν
1586 1725 1917 1797 ἀμφοτέροις

346 1892 399 1931 13
445 1888 571 1932 Suid.
606 1903 638 1932 s.
658 1903 697 1930 v.
724 1885 1038 1943 Ἀπολινάριος
1078 1887 1338 1937 Λαοδικεύς
1548 1892 1603 1930 14
1649 1886 1732 1930 Iul.
1761 1900 1831 1942 ep.
1859 1890 1914 1929 27

225 1962 269 2002 p.
297 1950 396 2000 518,
417 1952 470 1990 13
496 1948 565 1990 ed.
594 1947 739 1990 Hertl.
795 1947 973 2003 Eunap.
1000 1947 1079 1990 vit.
1107 1946 1268 1990 Iambl.
1294 1961 1338 2002 p.
1362 1951 1429 2000 11,
1448 1951 1474 1988 4
1507 1948 1554 1990 et
1580 1951 1648 1999 12,
1669 1950 1735 1988 16.
1786 1945 1911 1988 Suid.

228 2021 259 2048 s.
279 2021 318 2048 v.
344 2007 599 2061 Σώπατρος
624 2004 846 2062 Ἀπαμεύς

343 2158 396 2196 10
430 2153 631 2207 ἅτερος
663 2153 739 2198 ἐπὶ
771 2151 974 2207 εὐθείας,
1009 2154 1063 2197 ου
1087 2151 1301 2206 θατερος,
1334 2151 1570 2224 βάρβαρον
1597 2151 1698 2207 γάρ.
1763 2151 1912 2194 ὡσαύ-

222 2230 309 2262 τως
340 2213 418 2256 καὶ
452 2213 527 2257 ἐπὶ
558 2215 624 2268 θη
629 2215 769 2256 λυκοῦ
802 2210 993 2267 ἁτέρα,
1029 2213 1082 2255 οὐ
1113 2209 1313 2286 θατέρα,
1349 2207 1449 2253 ἀλλ’
1477 2210 1552 2254 ἐπὶ
1587 2211 1774 2266 δοτικῆς
1803 2213 1910 2253 θα-

220 2270 372 2333 τέρᾳ.
420 2273 501 2316 καὶ
533 2288 729 2326 ατεραι
762 2271 837 2317 ἐπὶ
874 2273 1207 2327 πληθυντικοῦ.
1264 2270 1346 2326 οὐχ
1371 2268 1395 2312 ὁ
1421 2269 1562 2320 αυτὸς
1593 2269 1643 2312 δὲ
1676 2268 1809 2326 λόγος
1831 2269 1912 2312 καὶ

223 2331 298 2374 ἐπὶ
328 2337 411 2374 τοῦ
443 2329 710 2385 οὐδετέρου·
760 2329 987 2386 γράφεται
1027 2329 1114 2385 γὰρ
1145 2327 1392 2382 θάτερον
1426 2327 1500 2384 (cf.
1527 2328 1688 2372 Thom.
1714 2328 1774 2372 M.
1810 2343 1842 2372 s.
1869 2343 1907 2370 v.

221 2389 392 2487 ἅτερος
412 2406 457 2446 p
477 2392 718 2446 27,13sq.)
744 2388 813 2433 B²

338 2542 363 2581 5
403 2544 623 2593 γυναῖκες
654 2538 688 2581 I
712 2536 795 2580 sed
828 2550 873 2585 ες
904 2535 954 2578 in
978 2549 1053 2579 ras
1077 2534 1146 2577 111²
1317 2540 1340 2577 9
1381 2536 1491 2592 τῶν]
1523 2534 1609 2590 ’τὴν
1644 2536 1751 2577 ante
1784 2533 1908 2589 quod

217 2595 338 2639 κατὰ
361 2596 486 2640 inser
510 2609 675 2640 m.1·ec.
703 2595 780 2639 Ba
887 2598 940 2636 10
966 2593 1016 2638 αἱ
1043 2594 1250 2651 μέγισται
1275 2596 1320 2638 Β
1348 2594 1354 2652 Ι
1380 2592 1562 2648 θατέρα
1592 2594 1666 2638 La
1699 2592 1779 2635 Sed
1803 2594 1911 2647 post

217 2658 255 2698 θ·
285 2667 360 2697 ras
403 2660 423 2697 1
466 2655 564 2710 litt,
616 2656 661 2699 B
708 2654 789 2698 sed
826 2656 864 2696 θ·
919 2653 966 2696 in
1004 2666 1080 2696 ras
1127 2652 1196 2695 111²
1243 2653 1316 2709 (cf.
1360 2652 1517 2708 schol.)
1715 2656 1766 2694 11
1814 2650 1907 2694 θα-

218 2716 392 2757 λασσαν
423 2715 515 2757 ΙΜ
543 2716 608 2769 (et
639 2715 735 2769 Ba)
777 2713 783 2771 1
825 2710 942 2769 λόγω
979 2713 1023 2757 U
1138 2717 1191 2755 13
1225 2710 1269 2757 δ’
1299 2712 1366 2755 Re
1497 2716 1552 2754 14
1585 2708 1802 2767 μεσογεία
1832 2711 1909 2754 La

216 2772 296 2816 sed
324 2789 354 2815 α
386 2772 435 2816 in
468 2786 546 2816 ras
579 2786 680 2822 corr
711 2774 764 2815 ut
794 2770 977 2815 videtur
1009 2784 1063 2814 ex
1088 2787 1143 2815 ov
1175 2786 1208 2814 n
1265 2774 1271 2826 Ι
1327 2771 1500 2827 ταύτην
1525 2770 1600 2814 La
1632 2768 1713 2812 sed
1746 2786 1772 2813 v
1806 2781 1907 2812 eras

271 2847 297 2874 τ
320 2831 438 2888 αὕτη
479 2832 517 2876 C'
557 2832 638 2875 sed
680 2833 860 2888 postn
902 2834 923 2872 1
963 2829 1042 2872 litt
1088 2843 1209 2884 eras,
1257 2831 1302 2874 B
1482 2833 1535 2871 15
1580 2844 1629 2872 τε
1675 2841 1749 2871 om
1782 2828 1827 2872 V

217 2895 269 2933 16
306 2890 457 2934 ἐκεῖνο
475 2892 520 2935 Ρ
542 2891 624 2934 sed
648 2905 705 2934 ex
731 2888 889 2934 ἐκείνω
915 2903 1016 2932 corr
1031 2889 1101 2931 m³
1163 2887 1283 2934 ἐκείν
1309 2902 1413 2931 cum
1435 2901 1509 2931 ras
1529 2892 1550 2930 1
1577 2887 1657 2930 litt
1677 2887 1722 2931 U
1739 2886 1905 2979 'az-⁸5⁰⁶-

220 2950 371 3033 μένου
390 2979 445 3021 Μ
541 2982 594 3021 17
614 2977 920 3034 ἀμφοτέροις
907 2993 956 3021 ln
974 2978 1112 3033 ἀφεὶς
1127 2978 1235 3028 τους
1252 2991 1352 3021 corr
1368 2978 1464 3021 La¹¹
1525 2974 1803 3032 ἀμφοτέροις
1823 2976 1906 3018 Mo
