2060 3162
211 112 321 164 420
763 111 990 155 LIBANH
1021 111 1245 157 ORATIO
1276 113 1361 156 XX

210 252 383 301 borum
421 251 502 300 ἅτε
537 279 605 284 -
637 249 924 316 ἀνθρώποις
963 253 1085 312 421,
1110 253 1276 314 4-5,
1325 251 1490 316 φαύλη
1533 254 1759 314 422,10,
1797 250 1888 319 γὰρ

211 327 332 382 425,
355 327 436 374 15.
505 326 645 373 Nihil
682 326 841 388 igitur
879 327 985 373 erat
1028 341 1116 373 cur
1152 327 1386 376 lectiones
1431 327 1578 376 huius
1624 326 1891 390 fragmenti

208 401 260 447 in
299 402 597 462 apparatum
637 399 863 447 criticum
901 399 1178 461 reciperem.

319 533 542 580 Duarum
580 533 632 579 in
672 548 794 594 quas
835 533 1024 581 codices
1072 548 1193 595 quos
1233 533 1533 582 adhibendos
1581 549 1685 581 esse
1724 533 1891 581 censui

209 607 585 670 distinguuntur
623 606 928 654 familiarum
968 607 1127 668 pretio
1159 607 1260 654 fere
1293 608 1578 669 aequalium
1613 607 1748 669 prior
1779 622 1890 655 con-

207 682 395 729 tinetur
434 680 680 728 codicibus
713 679 856 741 GAP,
897 682 1054 728 altera
1081 679 1257 741 VIPa;
1296 683 1503 729 mixtam
1540 681 1779 742 praebent
1816 697 1889 727 re-

210 756 487 802 censionem
517 770 616 802 non
647 754 807 802 solum
840 755 1010 815 TBM,
1049 755 1135 803 sed
1166 757 1317 803 etiam
1356 756 1406 803 U
1440 754 1527 816 qui
1558 757 1615 802 ut
1651 756 1731 802 hic
1771 771 1890 816 quo·

211 845 304 891 que
335 829 387 875 in
418 830 702 877 universum
733 829 794 875 ab
818 829 857 875 I
880 845 1034 890 prope
1067 829 1206 876 abest
1219 822 1275 894 1),
1308 829 1379 876 ita
1410 829 1650 877 nonnulla
1680 829 1892 876 feliciter

209 903 471 951 emendata
507 903 724 965 praebet.
802 903 968 950 Etiam
995 903 1041 949 Τ
1068 905 1117 950 et
1146 903 1222 951 Pa
1252 903 1502 950 nonnullis
1534 903 1655 950 locis
1686 919 1891 950 manum

209 977 547 1025 correctricem
594 976 677 1024 sed
715 977 1029 1024 temerariam
1074 993 1192 1038 prae
1240 992 1289 1025 se
1329 977 1505 1024 ferunt.
1520 969 1561 1042 ²)
1638 977 1688 1023 B
1736 979 1784 1024 et
1829 978 1892 1023 M

209 1051 289 1098 hic
329 1066 524 1112 quoque
564 1067 622 1097 ex
660 1050 831 1098 eodem
869 1051 1138 1112 exemplari
1175 1051 1433 1099 fluxerunt.

323 1123 484 1171 Simili
521 1125 669 1172 huius
709 1125 872 1172 codice
911 1140 1027 1172 usus
1067 1127 1141 1173 est
1178 1124 1475 1172 Planudes
1516 1126 1602 1186 qui
1641 1125 1724 1172 fol.
1761 1125 1891 1173 103*

211 1199 482 1260 permultos
521 1199 654 1246 locos
694 1198 963 1260 exscripsit.
976 1191 1018 1264 3)

324 1270 495 1320 Oratio
533 1272 748 1334 primum
779 1273 912 1320 edita
944 1275 1018 1320 est
1056 1271 1204 1320 simul
1236 1288 1346 1320 cum
1377 1272 1689 1334 praecedenti
1719 1287 1749 1319 a
1771 1272 1889 1319 Mo-

209 1347 360 1394 rello
409 1340 503 1412 (=
535 1339 667 1411 Mor)
707 1346 910 1394 Parisiis
961 1362 1086 1393 anno
1132 1339 1341 1412 1610‚4)
1391 1347 1477 1407 qui
1525 1346 1688 1394 codice
1733 1346 1889 1409 Regio

212 1420 408 1482 quidem
449 1436 499 1468 se
537 1436 681 1468 usum
721 1435 823 1467 esse
863 1420 1006 1481 dicit,
1048 1421 1134 1482 qui
1171 1420 1427 1468 Parisinus
1460 1437 1530 1483 gr.
1558 1421 1697 1468 3016
1739 1420 1890 1468 fuisse

209 1494 417 1542 videtur.

319 1568 455 1616 Haec
505 1568 655 1616 editio
710 1568 810 1615 fere
855 1567 1069 1630 repetita
1115 1571 1189 1615 est
1234 1567 1422 1616 duobus
1473 1569 1614 1615 annis
1663 1570 1776 1629 post
1829 1568 1891 1615 ab

211 1642 467 1690 Henrico
509 1641 740 1689 Savilio
779 1642 831 1688 in
869 1644 1004 1690 tomo
1045 1644 1219 1690 octavo
1259 1657 1462 1702 operum
1499 1642 1697 1690 Ioannis
1738 1640 1890 1703 Chry-

211 1718 414 1764 sostomi
451 1733 497 1778 p.
528 1708 885 1782 131—136,⁵)
926 1716 1084 1776 cuius,
1130 1717 1227 1763 nisi
1266 1732 1294 1762 a
1332 1715 1625 1764 Morelliana
1671 1715 1892 1777 discedit,

209 1790 509 1838 mentionem
554 1790 744 1837 nullam
790 1790 905 1850 feci,
956 1789 1128 1837 deinde
1174 1789 1483 1851 paucissimis
1534 1791 1740 1837 mutatis
1788 1791 1891 1837 sine

211 1865 342 1911 notis
376 1880 405 1911 a
428 1864 634 1912 Morello
665 1866 773 1925 ipso
804 1865 859 1910 in
889 1863 1101 1911 editione
1133 1879 1335 1925 operum
1358 1862 1556 1910 Libanii
1586 1865 1620 1910 t.
1638 1863 1689 1910 Π
1718 1880 1764 1925 p.
1784 1864 1888 1910 406

213 1939 408 1986 -420,
458 1937 680 1984 Plurima
705 1937 881 1998 quibus
905 1938 1026 1985 haec
1051 1937 1271 1985 scatebat
1293 1939 1418 1985 vitia
1443 1938 1639 1985 sanavit
1661 1937 1891 1984 Reiskius

215 2004 310 2076 (=
335 2004 430 2076 Re)
462 2011 599 2073 prius
631 2011 934 2059 divinatione
968 2005 1216 2077 (Anim.V
1243 2005 1572 2077 234—242),
1601 2013 1710 2058 tum
1741 2011 1891 2058 etiam

212 2100 304 2146 ope
343 2084 567 2133 codicum
598 2084 879 2147 Augustani
910 2086 959 2132 et
989 2084 1295 2132 Monacensis
1334 2078 1432 2149 (ed.
1457 2084 1482 2130 I
1512 2101 1557 2145 p.
1578 2085 1890 2145 292—3043

145 2182 151 2188 ·
212 2158 361 2206 ed.11
390 2160 424 2205 t.
449 2158 475 2205 I
512 2175 558 2219 p.
585 2151 913 2223 653—678).
991 2159 1242 2205 Nonnulla
1282 2157 1345 2204 ad
1384 2157 1740 2204 emendandum
1779 2172 1889 2205 con-

212 2233 436 2280 tulerunt
475 2231 691 2279 Sintenis
730 2234 780 2279 et
820 2230 1043 2279 Oobetus.

333 2390 374 2443 1)
409 2387 474 2432 Cf.
509 2400 649 2443 supra
678 2402 723 2442 p.
753 2391 790 2429 7.

332 2449 375 2503 2)
403 2446 470 2492 Ut
506 2446 668 2503 paucis
711 2445 953 2501 defungar,
1008 2446 1048 2488 T
1086 2445 1280 2500 praebet
1326 2445 1472 2490 εἰπεῖν
1518 2459 1600 2501 pro
1649 2445 1889 2501 ὁμολογεῖν

214 2520 260 2563 p.
286 2509 385 2559 438,
404 2510 444 2559 2,
478 2507 550 2550 Pa
581 2507 853 2549 διακονοῦσι
883 2519 965 2560 pro
1001 2504 1275 2559 ὑπηρετοῦσι
1305 2519 1349 2560 p.
1377 2508 1477 2559 443,
1497 2510 1535 2548 2.

335 2566 377 2620 3)
411 2563 476 2608 Cf.
510 2577 649 2620 supra
679 2579 725 2620 p.
751 2567 848 2605 381.

333 2625 378 2679 4)
418 2622 482 2666 Cf.
517 2637 657 2679 supra
687 2638 731 2678 p.
760 2626 856 2665 382.
922 2621 1137 2665 Succedit
1168 2622 1363 2665 editioni
1395 2622 1617 2665 orationis
1646 2622 1752 2675 περὶ
1783 2620 1888 2664 στά-

217 2695 329 2731 σεως
359 2682 443 2724 sub
476 2682 563 2725 hoc
594 2681 753 2725 titulo:
787 2682 980 2725 Libanii
1010 2681 1243 2736 Sophistae
1275 2682 1337 2724 ad
1366 2682 1665 2726 Theodosium
1688 2682 1891 2736 Impera-

216 2746 353 2784 torem
383 2743 529 2784 oratio
563 2746 670 2796 post
698 2740 1056 2784 conciliationem
1085 2754 1186 2783 cum
1217 2741 1510 2784 Antiochenis
1548 2753 1653 2783 cum
1682 2738 1889 2783 versione

215 2799 365 2842 latina
397 2800 443 2842 et
473 2799 595 2842 notis
629 2799 1009 2854 („Goniectaneis“
1042 2814 1085 2854 p.
1113 2801 1316 2855 30—32).

334 2859 377 2914 5)
411 2857 480 2902 Cf.
513 2874 557 2914 p.
585 2863 682 2902 383.
