2060 3162
680 117 907 161 LIBANII
938 116 1161 162 ORATIO
1192 117 1319 162 XVII
1726 118 1828 171 195

265 260 370 307 229
394 259 487 306 inc.
528 253 841 322 [Πατρόκλου
881 252 1072 321 μελέτη]
1099 251 1267 320 ’Ώμην
1306 250 1344 305 ὦ
1382 254 1573 321 ἀχιλλεῦ

266 333 370 380 238
410 330 751 396 πρεσβευτικὸς
789 330 857 388 εἰς
888 329 1003 389 τοὺς
1040 337 1196 396 τρῶας
1233 327 1356 396 ὑπὲρ
1395 328 1560 394 ἓλένης
1597 331 1830 395 μενελάου

269 407 369 454 241
411 411 499 453 τοῦ
537 401 680 469 ἁγίου
719 402 984 466 ἐπιφανίου
1022 402 1131 469 περὶ
1169 411 1266 452 τῶν
1304 405 1463 453 λίθων

265 481 368 527 244
409 477 645 536 δύσκολος
683 476 906 526 ὤλισθεν.
964 479 1144 526 Exstat
1181 481 1376 526 tantum
1413 479 1604 527 titulus.

264 551 491 615 ἐξῄτησεν
538 548 564 599 ὃ
611 551 850 613 φίλιππος
895 549 979 600 τὸν
1025 549 1358 616 ὃημοσθένην.
1433 550 1706 618 κατέφυγεν
1751 551 1831 602 ε’πὶ

152 625 237 676 τὸν
266 623 400 675 ἐλέου
424 624 606 690 βωμὸν.
666 625 862 673 Desinit
891 625 1054 674 verbis
1086 632 1179 674 νῦν
1210 623 1481 674 ἀκούσεσθε
1504 627 1829 689 IV254,1R.

264 699 547 761 Sequuntur
585 714 737 761 usque
777 699 841 746 ad
876 699 1023 747 finem
1063 693 1169 766 (fol.
1197 693 1327 766 306)
1369 700 1553 764 dialogi
1582 700 1829 750 Lucianoi.

263 772 491 822 Codicem
530 789 656 821 anno
701 774 840 821 1868
880 775 1084 835 inspexi.

261 849 345 895 44.
385 847 717 895 Vaticanus
748 846 1066 896 Palatinus
1105 864 1183 910 gr.
1210 848 1315 895 278
1349 849 1532 910 partim
1561 850 1800 897 membra·
1835 859 1919 899 107

149 937 328 969 naceus
388 914 495 988 (fol.
532 914 756 986 1—96)‚
817 922 1002 983 partim
1055 922 1341 970 chartaceus
1404 915 1509 988 (fol.
1553 916 1830 990 97—301)

149 997 337 1044 formae
376 997 579 1043 octavae
617 996 831 1057 maioris,
871 996 991 1043 olim
1030 993 1275 1059 Georgii
1317 994 1719 1044 Cantacuzeni
1757 1013 1831 1045 se-

152 1069 367 1117 cundum
391 1069 799 1130 subscriptionem
827 1070 935 1117 solii
963 1071 1093 1116 174ν
1129 1067 1182 1118 τὸ
1214 1076 1385 1135 παρῶν
1416 1069 1608 1134 βιβλίον
1637 1069 1832 1137 ὑπάρχη

156 1149 243 1191 τοῦ
270 1141 590 1201 ἕνδοξοτάτου
621 1136 1061 1209 ἀρχοστρ(ατήγου)
1093 1149 1249 1209 κυροῦ
1279 1137 1563 1210 γεωργ(ίου)
1596 1151 1682 1192 τοῦ
1713 1163 1832 1193 καν-

150 1217 475 1280 τακουζηνοῦ·
530 1214 755 1280 ἐνέτυχον
794 1213 845 1265 δὲ
885 1215 1030 1275 αὐτὸς
1067 1224 1209 1266 τοῦτο
1248 1215 1301 1266 έν
1340 1221 1404 1285 τῷ
1445 1218 1746 1287 σμεντερόβῳ
1779 1217 1832 1267 έν

151 1288 270 1354 μηνὶ
313 1291 439 1359 μαΐῳ
487 1286 573 1338 λα’.
614 1290 706 1338 ἰνδ.
739 1287 805 1354 β’.
853 1297 939 1339 τοῦ
978 1284 1184 1355 ςᾏξβῖ
1224 1289 1374 1350 ἔτους.
1430 1285 1492 1340 ‘4‘
1518 1269 1829 1359 δημήτρ(ιος)

149 1363 394 1430 λάσκαρις,
434 1361 459 1412 ὁ
496 1363 720 1428 νοτάριος
732 1358 772 1430 1)
824 1366 1043 1412 continet
1077 1367 1192 1427 post
1228 1365 1469 1413 Manuelis
1508 1365 1831 1427 Chrysolorae

151 1441 423 1487 erotemata
477 1442 527 1486 et
580 1441 719 1486 varia
774 1439 1102 1486 astronomica
1154 1439 1207 1485 in
1260 1439 1442 1486 chartis
1497 1440 1689 1487 saeculo
1740 1440 1831 1486 XV

152 1513 366 1560 exaratis
1455 1567 1457 1569 ,

260 1585 344 1634 fol.
366 1587 467 1633 143
501 1583 774 1650 ἀριστείδου
807 1583 972 1648 μελέτη
997 1585 1339 1651 πρεσβευτικὸς
1361 1584 1483 1651 πρὸς
1504 1584 1590 1634 τὸν
1613 1583 1826 1651 ἄχιλλέα·

153 1656 391 1717 ὄδυσσεύς

267 1733 366 1780 151
408 1732 633 1796 λιβανίου
672 1730 919 1798 ἀντιλογία
957 1730 1182 1797 ἀχιλλέως
1219 1731 1342 1798 πρὸς
1380 1730 1589 1782 ὀδυσσέα
1651 1754 1662 1766 ·

271 1807 373 1853 167
415 1805 652 1863 δύσκολος
690 1804 899 1855 ὤλισθεν

267 1882 396 1927 171
433 1879 657 1943 λιβανίου
680 1878 904 1943 ἐπιστολὴ
928 1878 1185 1929 ἆνατολίω
1219 1874 1301 1929 οἶα
1323 1880 1602 1944 τετόλμηται
1635 1875 1730 1948 (=
1755 1897 1828 1980 ep.

156 1947 300 2019 551).
378 1954 480 2001 Fol.
510 1955 639 2001 172
641 1956 820 2001 —174
861 1970 1017 2002 vacua
1056 1957 1181 2002 sunt.

264 2027 404 2075 Folio
441 2028 542 2075 175
598 2028 774 2090 incipit
826 2043 955 2076 nova
999 2044 1173 2077 manus
1224 2029 1444 2090 aequalis
1500 2044 1596 2090 qua
1646 2029 1830 2091 scripta

154 2103 267 2148 sunt

262 2174 487 2239 λιβανίου
525 2173 780 2237 ἐπιτάφιος
817 2174 887 2233 εἰς
925 2174 1010 2224 τὸν
1048 2173 1246 2239 βασιλέα
1286 2174 1536 2224 ἰουλιανόν

265 2250 368 2297 229
424 2254 525 2296 τοῦ
579 2247 759 2298 αὐτοῦ
807 2249 1071 2312 μονωὸία
1108 2248 1191 2308 εἰς
1229 2247 1329 2297 τὸν
1367 2248 1547 2298 αὐτὸν
1585 2247 1829 2314 βασιλέα

154 2320 459 2371 ἰουλιανόν

266 2397 368 2443 235
406 2394 747 2461 πρεσβευτικὸς
771 2395 892 2462 πρὸς
914 2395 1029 2455 τοὺς
1052 2403 1207 2462 τρῶας
1230 2393 1352 2461 ὑπὲρ
1375 2394 1559 2460 ἓλένης·
1594 2393 1829 2455 ὄδυσσεύς

155 2484 263 2516 cum
302 2469 585 2531 protheoria

266 2544 397 2590 252v
443 2541 557 2606 μετὰ
602 2543 764 2608 τροίας
802 2542 982 2592 ἅλωσιν
1028 2541 1110 2591 καὶ
1155 2541 1492 2609 ἀγαμέμνονος
1539 2543 1763 2608 τελευτὴν
1802 2541 1827 2592 ὅ

156 2611 351 2680 ὄρέστης
390 2616 602 2680 κρίνεται

267 2691 371 2737 264
410 2687 699 2755 ἀφαιρεθεὶς
735 2687 953 2754 ἀχιλλεὺς
990 2697 1076 2754 τῆς
1114 2690 1365 2756 βρισηίδος
1404 2707 1512 2739 cum
1544 2692 1827 2753 protheoria

276 2919 317 2974 1)
350 2917 415 2963 Cf.
442 2918 707 2974 Stevenson,
740 2917 884 2961 Catal.
912 2917 1042 2961 codd.
1068 2918 1216 2962 Palat.
1242 2931 1392 2975 graec.
1425 2933 1470 2974 p.
1499 2923 1595 2962 154.

1475 2991 1561 3034 13*
