2060 3162
644 89 873 144 LIBANII
904 97 1129 143 ORATIO
1162 97 1290 142 XXV
1695 97 1803 150 537

120 242 317 292 exclusi.
393 241 628 303 Idemque
681 242 734 288 in
779 239 1074 288 Urbinatem
1128 256 1198 302 gr.
1245 240 1347 287 125
1405 240 1559 287 statui
1613 241 1702 301 qui
1755 255 1812 287 ex

120 317 292 366 eodem
347 331 444 378 quo
484 316 602 362 ΒΜ
644 315 783 363 fonte
834 314 991 361 fiuxit.
1072 312 1234 361 Codex
1281 329 1397 361 vero
1444 313 1521 361 his
1570 316 1809 378 cognatus

119 391 483 439 Laurentianus
521 389 712 436 XXXII
738 390 805 437 13
856 382 950 454 (=
981 380 1151 454 Laur)
1200 403 1296 448 quo
1342 387 1642 436 Amadutius
1695 402 1814 436 usus

122 468 210 526 est,
249 465 324 512 ita
363 466 521 512 scatet
558 464 713 524 vitiis,
750 466 811 510 ut
842 464 948 510 eius
978 462 1215 510 lectiones
1253 463 1469 524 recipere
1507 462 1645 510 nefas
1685 463 1763 509 sit.

233 539 596 602 Argumentum
622 538 862 586 orationis
894 551 1043 585 causa
1074 537 1188 596 fuit,
1219 550 1306 583 cur
1328 551 1563 584 numerus
1594 536 1816 584 locorum

123 629 154 661 a
191 611 457 660 Planude
509 614 558 660 et
602 611 864 660 Macario
906 603 1472 676 Chrysocepha101),
1523 612 1610 671 qui
1649 611 1816 658 codice

121 686 425 749 interpolato
463 701 584 735 usus
626 679 770 752 est2),
811 686 1153 747 excerptorum
1191 685 1435 732 maximus
1476 684 1552 732 sit.

236 759 408 808 Oratio
432 760 652 823 primum
676 760 811 808 edita
836 761 911 807 est
934 775 964 806 a
987 758 1238 806 Morello
1262 757 1370 806 Lib.
1389 774 1502 820 opp.
1519 761 1554 805 t.
1572 758 1624 805 H
1646 775 1693 820 p.
1710 759 1814 806 642

123 836 308 883 —660
348 849 372 882 e
402 835 559 883 codice
589 834 854 895 Bavarioe,
892 836 950 880 ut
986 835 1093 895 ipse
1131 834 1185 879 in
1221 827 1383 883 indice
1421 832 1693 894 praemisso
1733 833 1818 894 ait,

124 911 155 957 i.
190 926 230 957 e.
267 909 555 956 Monacensi
600 925 670 972 gr.
700 911 829 969 101,
882 908 969 956 sed
1019 907 1244 969 pessime.
1321 907 1452 955 Nam
1506 923 1605 954 non
1659 907 1819 955 solum

125 983 255 1030 finis*
283 984 523 1031 orationis
569 983 768 1031 omnino
815 982 974 1042 deest,
1029 981 1114 1029 sed
1160 982 1313 1029 etiam
1363 996 1479 1044 pars
1528 996 1654 1043 quae
1703 982 1821 1028 huic

128 1057 396 1125 antecedit,
442 1073 541 1105 non
578 1058 792 1105 formam
839 1072 938 1118 qua
982 1057 1036 1102 in
1075 1054 1241 1103 codice
1287 1055 1495 1119 legitur,
1543 1055 1628 1103 sed
1672 1056 1821 1117 plane
1898 1037 1910 1078 ζ

126 1147 307 1180 novam
346 1134 498 1193 atque
535 1131 815 1178 inauditam
856 1129 1065 1190 exhibet,
1103 1129 1157 1176 id
1189 1129 1320 1191 quod
1357 1131 1441 1178 vix
1481 1130 1630 1177 aliter
1667 1130 1822 1191 expli-

128 1206 231 1254 cari
278 1207 466 1269 poterit
509 1206 608 1253 nisi
645 1206 720 1253 ita
756 1207 815 1252 ut
851 1204 1087 1253 Morellus
1129 1205 1324 1251 iactura
1363 1203 1640 1268 apographi
1676 1206 1821 1266 typo-

129 1279 331 1344 graphis
369 1279 545 1327 traditi
576 1280 711 1327 facta
743 1295 830 1327 suo
857 1278 1035 1339 Marte,
1066 1278 1152 1326 sed
1181 1278 1344 1326 invita
1375 1278 1602 1326 Minerva
1630 1280 1823 1326 textum

131 1369 363 1418 graecum
399 1354 668 1402 secundum
704 1355 900 1415 partem
939 1353 1253 1415 superstitem
1287 1352 1527 1400 versionis
1559 1368 1676 1401 suae
1707 1353 1824 1400 lati-

128 1444 223 1476 nae
260 1427 540 1488 refinxerit,
584 1428 778 1489 reliqua
823 1427 970 1489 plane
1008 1426 1412 1488 praetermiserit.
1488 1427 1619 1474 Nam
1664 1425 1824 1489 neque

129 1503 291 1550 forma
314 1502 403 1549 illa
425 1502 479 1549 in
502 1501 604 1550 ullo
630 1501 851 1549 codicum
876 1502 1203 1563 superstitum
1225 1502 1471 1563 reperitur
1494 1516 1668 1563 neque,
1697 1516 1823 1562 quae

131 1577 229 1624 fuit
276 1575 448 1624 Cobeti
459 1570 501 1642 3)
550 1567 740 1638 opinio,
789 1577 932 1623 vetus
980 1574 1223 1637 quaedam
1270 1577 1618 1636 interpretatio
1664 1575 1826 1622 latina

130 1651 280 1698 huius
320 1651 508 1699 aliusve
549 1649 787 1698 orationis
825 1648 1132 1697 Libanianae
1170 1665 1393 1711 unquam
1431 1649 1635 1696 exstitit.
1644 1643 1690 1714 4)

242 1724 423 1796 Finem
455 1726 696 1773 orationis
736 1725 788 1771 in
819 1724 980 1772 lucem
1016 1725 1371 1785 protraxerunt
1407 1723 1512 1770 Am
1523 1715 1825 1788 adutius5)

134 1799 335 1860 eiusque
365 1798 625 1846 immemor
655 1799 958 1859 Reiskius,
999 1798 1084 1859 qui
1117 1799 1270 1845 etiam
1300 1798 1458 1859 partis
1492 1797 1827 1845 antecedentis

133 1873 320 1920 formae
370 1872 691 1920 Morellianae
745 1872 1011 1936 genuinam
1058 1888 1083 1918 e
1135 1871 1385 1920 codicibus
1430 1871 1727 1935 Augustano
1778 1873 1829 1919 et

133 1946 419 1995 Monacensi
458 1947 713 1994 succedere
752 1947 898 1994 iussit
934 1948 971 1994 t.
995 1946 1047 1993 H
1084 1963 1131 2008 p.
1159 1947 1226 1993 87
1239 1961 1310 2008 sq.
1346 1946 1675 2008 plurimisque
1714 1946 1828 1993 aliis

137 2022 376 2069 orationis
401 2022 540 2069 vitiis
573 2037 716 2083 opem
739 2020 874 2081 tulit,
904 2022 1168 2082 postquam
1201 2022 1303 2067 iam
1327 2020 1840 2069 Animadversionum

135 2095 387 2142 volumine
411 2094 458 2140 V
488 2112 536 2157 p.
559 2095 850 2142 442—448
883 2094 1044 2142 multa
1075 2094 1343 2142 divinando
1376 2095 1571 2158 egregie
1604 2095 1827 2142 correxit.

138 2167 273 2224 Quae
321 2169 432 2217 aliis
474 2169 779 2216 emendanda
816 2169 1042 2231 reliquit,
1090 2184 1260 2217 eorum
1297 2170 1487 2230 partem
1527 2166 1740 2216 Cobetus
1780 2170 1831 2215 et

140 2242 358 2290 Sintenis
399 2243 728 2292 absolverunt.

261 2387 301 2435 1)
335 2383 400 2427 Cf.
426 2386 459 2428 t.
477 2384 498 2427 1
528 2399 573 2440 p.
594 2388 648 2427 72
663 2398 729 2438 sq.
763 2386 810 2427 et
838 2387 938 2427 351.

261 2447 304 2498 2)
338 2442 403 2487 Cf.
437 2459 481 2499 p.
509 2447 609 2496 540,
630 2447 696 2486 18.

260 2505 304 2556 3)
330 2500 442 2546 Coll.
471 2502 577 2546 Crit.
602 2517 648 2558 p.
670 2506 767 2546 123.

259 2563 303 2617 4)
336 2560 504 2608 Confer
527 2575 647 2616 quae
672 2561 730 2604 de
746 2561 836 2604 hac
859 2574 908 2604 re
931 2561 981 2603 in
998 2560 1164 2604 Philol.
1191 2562 1223 2604 t.
1242 2560 1343 2603 LIX
1367 2575 1410 2616 p.
1430 2564 1516 2603 400
1532 2573 1598 2615 sq.
1624 2559 1833 2616 exposui.

140 2622 340 2665 Peccato
372 2620 440 2664 ibi
470 2636 515 2677 p.
536 2624 619 2663 401
647 2620 733 2664 col.
753 2626 777 2663 2
803 2620 870 2663 1.7
898 2619 1097 2664 ὁπλιτῶν
1120 2635 1204 2676 pro
1231 2620 1420 2663 οἰκετῶν
1443 2619 1721 2675 impressum
1746 2621 1830 2662 est.

262 2681 305 2736 5)
339 2678 405 2723 Cf.
440 2692 581 2735 supra
612 2695 656 2736 p.
684 2684 770 2723 535
802 2694 846 2722 n.
871 2684 938 2722 13.
