2060 3162
253 149 360 201 202
764 148 990 193 LIBANII
1021 148 1244 192 ORATIO
1276 149 1403 193 XVII

253 282 366 355 (sic)
415 306 497 352 μοι
543 288 775 337 δοκοῦσιν
822 282 916 354 (=
950 305 1023 350 ep.
1059 282 1187 354 245)
1230 291 1278 336 et
1315 292 1428 350 post
1465 289 1695 351 Iliadem,
1745 291 1931 339 scholia

250 363 314 410 ad
336 362 724 424 Lycophronem‚
756 362 1076 410 Eustathium
1106 362 1168 410 ad
1191 362 1422 425 Dionysii
1443 363 1740 426 Periegesin,
1771 365 1927 413 Xeno—

247 436 447 498 phontis
480 437 539 483 de
567 436 818 498 republica
842 435 1340 484 Lacedaemoniorum
1363 437 1583 484 libellum
1617 438 1731 485 inde
1756 454 1786 485 a
1807 439 1927 487 folio

360 511 492 557 329v
530 505 793 578 μονῳδία
831 509 1107 574 λιβανίου
1146 507 1239 558 ἐπὶ
1277 514 1348 577 τῷ
1381 511 1618 574 βασιλεῖ
1650 510 1933 580 ιὀυλιανῷ

245 582 586 648 κιαίστορος
625 582 873 649 ῥήτορος

358 658 490 705 332V
541 653 904 722 [πρεσβευτικὸς
942 655 1063 721 πρὸς
1101 655 1216 715 τοὺς
1253 664 1408 723 τρῶας
1453 655 1575 723 ὑπὲρ
1614 666 1701 722 τῆς
1739 656 1925 722 ἕλε’νης·

245 726 541 795 Μενέλαος]
617 731 676 778 In
714 731 808 778 fine
865 725 1104 797 (extremo
1151 732 1252 778 fere
1292 732 1411 778 folio
1453 733 1584 779 334ν
1635 733 1765 793 quod
1811 734 1927 781 ulti-

245 821 381 851 mum
412 807 487 852 est
518 798 720 872 codicis)
754 805 957 868 legitur:
995 802 1127 862 τέλος
1165 804 1366 868 εἴληφεν
1405 801 1435 868 ἡ
1477 803 1642 868 μελέτη
1676 806 1925 868 μενελάου.

356 878 501 926 Anno
537 879 638 926 187
647 880 675 926 6
715 895 827 926 mea
865 879 1029 942 gratia
1066 879 1281 940 inspexit
1320 877 1523 926 Carolus
1563 877 1740 927 Graux.

354 952 434 999 Ad
464 953 553 1000 hos
593 953 830 1000 accedunt
866 955 967 1000 tres
1008 952 1195 1000 codices
1236 953 1321 1014 qui
1359 954 1636 1016 fragmenta
1667 955 1926 1002 monodiae

243 1027 523 1074 continent:

356 1101 438 1147 57.
478 1100 921 1148 Laurentianus
960 1100 1100 1147 LVII
1125 1102 1194 1160 44
1236 1115 1359 1147 saec.
1387 1100 1509 1147 XIII
1548 1103 1633 1162 qui
1671 1101 1790 1149 folio
1819 1104 1919 1150 101

241 1172 388 1221 finem
425 1173 540 1221 inde
581 1190 610 1221 a
656 1173 822 1237 αἵματι
868 1177 1123 1238 συμμιγεῖς
1170 1171 1237 1237 (p.
1267 1175 1387 1235 220,
1409 1168 1462 1240 l)
1512 1174 1728 1236 praebet.
1798 1175 1924 1224 Vide

239 1249 275 1294 t.
310 1247 335 1293 I
374 1265 420 1310 p.
457 1249 561 1295 224
573 1262 643 1309 sq.

354 1322 435 1368 58.
476 1321 836 1369 Mutinensis
868 1339 946 1385 gr.
974 1323 1077 1369 236
1113 1337 1236 1370 saec.
1261 1322 1353 1368 XV
1383 1322 1466 1369 fol.
1490 1323 1590 1370 196
1631 1322 1718 1383 qui
1751 1323 1922 1370 statim

239 1394 360 1443 folio
414 1396 545 1443 196γ
590 1395 770 1443 desinit
822 1395 983 1443 verbis
1030 1393 1145 1453 τοὺς
1194 1392 1282 1459 μὲν
1330 1393 1498 1460 εὐώχει
1553 1389 1621 1461 (p.
1665 1397 1786 1457 208,
1814 1390 1921 1462 15).

238 1467 366 1515 Vide
403 1470 439 1516 t.
471 1469 496 1515 I
534 1486 580 1531 p.
615 1470 802 1530 421sq.

151 1551 236 1591 120
352 1545 434 1591 59.
482 1542 922 1591 Laurentianus
954 1543 1026 1591 IX
1059 1544 1128 1591 30
1168 1544 1454 1591 chartaceus
1492 1544 1677 1591 formae
1717 1545 1920 1593 octavae

238 1616 421 1664 saeculi
459 1616 552 1663 XV
598 1619 818 1665 exeuntis
864 1618 944 1665 vel
982 1617 1099 1669 XVI
1143 1618 1360 1665 ineuntis
1399 1617 1663 1665 mutilatus
1702 1618 1922 1666 continet

237 1690 321 1737 fol.
351 1692 377 1737 1
421 1690 831 1738 declamationem
861 1706 987 1753 quae
1018 1692 1258 1752 inscripta
1291 1691 1489 1753 quidem
1500 1685 1540 1757 l)
1581 1688 1805 1749 ἐκδοθεὶς
1836 1710 1919 1754 φι-

236 1762 398 1812 λίππω
438 1761 754 1827 δημοσθένης
798 1762 1005 1826 ἀφεθεὶς
1053 1762 1135 1813 καὶ
1182 1763 1248 1828 μὴ
1296 1764 1666 1828 πολιτευόμενος
1707 1765 1919 1830 κρίνεται

238 1835 466 1905 δημοσίᾳ,
504 1853 675 1886 revera
716 1841 883 1886 autem
922 1841 1017 1887 est:
1069 1834 1300 1906 ἐξῄτησεν
1339 1836 1365 1887 ὅ
1409 1838 1654 1896 Φίλιππος
1691 1836 1776 1887 τὸν
1814 1842 1918 1902 Δη-

238 1908 491 1973 μοσθένην
542 1938 605 1944 ——
654 1911 831 1976 γράφει
883 1906 998 1977 παρ’
1036 1912 1318 1974 Ἀθηναίοις
1371 1909 1558 1960 ἀνελεῖν
1610 1910 1695 1960 τὸν
1749 1912 1917 1976 βωμόν

238 1977 333 2123 {IV
359 1977 515 2050 253);
566 1985 746 2033 desinit
785 1987 898 2033 ante
935 1985 1083 2033 finem
1120 1986 1282 2035 verbis
1320 1992 1407 2033 τοῦ
1446 1986 1616 2049 βωμοῦ
1654 1983 1915 2033 κέκλεισται

265 2058 386 2118 265,
421 2059 485 2106 21
524 2076 536 2120 3

346 2131 428 2179 fol.
460 2051 792 2194 7)μονωδία
830 2129 923 2179 ἐπὶ
954 2135 1025 2198 τῷ
1057 2131 1367 2198 παραβάτη
1400 2129 1496 2179 καὶ
1527 2128 1764 2195 ἀσελγεῖ
1788 2131 1913 2180 ιὀυ-

234 2207 431 2273 λιανῷ,
485 2204 570 2253 sed
620 2206 771 2253 etiam
815 2206 936 2252 haec
981 2206 1082 2252 iam
1128 2206 1247 2253 folio
1282 2206 1312 2252 8
1361 2205 1543 2252 desinit
1591 2204 1751 2252 verbis
1806 2203 1914 2253 ἀντὶ

234 2284 330 2326 τῶν
369 2285 534 2327 κακῶν
570 2277 639 2337 εἰς
676 2277 813 2337 τάξιν
852 2272 997 2346 (210,
1027 2270 1132 2344 13).

345 2353 539 2400 Folium
582 2354 611 2400 9
666 2353 843 2414 incipit
894 2353 1056 2400 verbis
1111 2349 1284 2400 οὐσίαν
1338 2351 1479 2399 δυοῖν
1533 2348 1671 2399 ἕνεκα
1725 2358 1812 2400 τοῦ
1865 2371 1911 2401 τε

235 2425 412 2487 ζημίαν
451 2424 663 2491 μεγάλην
702 2424 881 2474 ἕκτίσαι
919 2423 1001 2474 καὶ
1031 2431 1118 2474 τοῦ
1150 2425 1277 2488 φίλω
1309 2424 1560 2473 σπουδαίω
1594 2425 1912 2490 δυστυχοῦντι

235 2498 511 2563 βοηθῆσαι,
566 2516 690 2561 quae
745 2502 859 2547 sunt
903 2499 1134 2557 Isocratis
1188 2499 1251 2546 ad
1297 2498 1620 2546 Demonicum
1673 2500 1910 2556 orationis

235 2570 266 2632 ξ
301 2573 367 2619 28
400 2590 446 2634 p.
475 2574 559 2620 8a.
638 2572 774 2629 Quae
813 2588 969 2635 usque
1009 2573 1071 2621 ad
1099 2572 1247 2620 finem
1284 2570 1367 2630 τὰς
1398 2579 1483 2635 τῆς
1523 2571 1718 2635 φύσεως
1756 2569 1909 2637 ἆμαρ-

234 2644 339 2703 τίας
377 2644 737 2710 ἐπικρατήσειεν
770 2641 877 2713 (fol.
907 2640 999 2713 12)
1030 2646 1355 2710 progreditur.
1434 2645 1567 2701 Quae
1599 2648 1766 2693 autem
1796 2646 1909 2694 inde

234 2734 264 2765 a
294 2719 414 2766 folio
444 2722 537 2766 12γ
567 2722 851 2782 sequuntur,
887 2736 1012 2781 quae
1044 2735 1199 2781 aeque
1231 2721 1378 2780 atque
1410 2722 1546 2780 prius
1579 2721 1908 2782 fragmentum

232 2791 505 2840 Bandinius
550 2787 730 2859 (Catal.
763 2794 788 2840 Ι
812 2786 943 2859 441)
995 2808 1045 2841 se
1090 2793 1318 2856 ignorare
1357 2794 1604 2853 professus
1645 2795 1738 2852 est,
1784 2793 1909 2839 nihil

353 2949 394 3003 1)
425 2947 567 2990 Manu
599 2947 801 2991 secunda
830 2945 1043 3005 λιβανίου
1075 2947 1441 3003 suprascriptum
1472 2948 1553 2990 est.
