2060 3162
9 2623 11 2626 -
0 2418 5 2553 ,--.vw—
0 2220 7 2404 -—vq-,-⁷
0 2171 7 2204 „v

635 164 862 208 LIBANII
894 163 1117 208 ORATIO
1151 163 1300 206 xxm
1715 163 1825 216 501'

133 297 211 355 ὧν
256 301 409 369 ἡμεῖς
458 303 734 370 μαθόντες
787 298 1034 368 ἐβοῶμεν
1081 298 1438 369 ἐπερχόμενοι
1488 300 1590 368 τὴν
1639 301 1823 352 πόλιν·

133 393 196 443 τί
245 391 627 459 τετάραχθε;
690 392 754 441 τί
802 390 1213 457 πεφόβησθε;
1275 390 1339 441 τί
1388 389 1700 441 πλάττετε
1753 390 1827 441 τὰ

135 481 481 533 δοκοῦντα·
514 478 806 546 δείματα;
869 476 985 530 ἀλλ’
1032 476 1336 546 ἐδοκοῦμεν
1398 482 1686 546 φλυαρεῖν.
1773 478 1826 530 οἱ

134 569 195 622 δὲ
242 565 487 637 ἀπῄεσαν
537 565 627 619 καὶ
675 574 846 619 ταῦτα
892 568 1022 629 τοὺς
1069 574 1239 619 ταῦτα
1286 565 1548 633 λέγοντας
1594 565 1828 635 ὁρῶντες

134 657 235 710 οὐκ
274 657 550 718 ἀπιόντας.
627 663 790 708 τοῦτο
831 656 934 724 γὰρ
983 656 1069 724 δή,
1116 662 1281 708 τοῦτο
1321 654 1582 723 με’γιστον
1622 656 1700 717 εἰς
1737 657 1824 708 πί-
1872 676 1891 708 5

133 761 270 813 στιν,
319 747 451 814 ἔργα
490 746 678 812 λόγοις
725 744 1148 797 ἀκολουθοῦντα
1198 742 1290 796 καὶ
1337 745 1479 812 μονὴ
1526 746 1827 812 βεβαιοῦσα

133 834 358 903 ῥήματα.
438 834 520 886 16.
570 835 616 886 εἰ
655 830 757 899 μὲν
796 834 899 901 γὰρ
940 838 1177 902 θαρρεῖν
1218 831 1424 903 ἑτέροις
1462 836 1827 902 παρακελευό-

132 942 296 990 μενος
329 922 362 975 ἃ
394 932 505 975 τῶν
529 921 898 991 φοβουμένων
921 917 991 989 ἦν
1024 921 1253 975 ἐποίουν
1283 920 1374 974 καὶ
1405 922 1827 991 μετανιστάμην,

134 1013 354 1074 εἰκότως
404 1010 474 1064 ἂν
524 1011 765 1079 ἡγοῦντο
813 1010 1144 1079 πιστοτέραν
1196 1012 1520 1079 συμβουλὴν
1568 1012 1670 1079 τὴν
1721 1010 1826 1063 ἀπὸ

132 1111 244 1153 τῶν
282 1101 638 1170 πραγμάτων·
686 1101 733 1153 εἰ
774 1099 822 1151 δ’
855 1100 1023 1153 οὐδὲν
1061 1109 1173 1152 τῶν
1210 1100 1317 1168 πρὸ
1359 1107 1454 1167 τῆς
1492 1107 1728 1168 ταραχῆς
1767 1097 1827 1152 ἐν
1854 1121 1896 1153 10

134 1188 323 1242 οὐδενὶ
370 1199 482 1243 τῶν
522 1188 668 1256 ἐμῶν
707 1187 948 1255 ἐκίνουν,
995 1189 1229 1257 ἠδίκουν
1277 1190 1334 1241 oc
1369 1189 1442 1257 μὴ
1482 1189 1827 1257 μιμούμενοι,

135 1279 280 1346 πλὴν
319 1280 367 1331 εἰ
405 1286 570 1331 τοῦτο
611 1277 842 1346 λέγοιεν,
883 1278 954 1340 ὡς
996 1278 1285 1331 ἐθανάτων
1324 1278 1414 1330 καὶ
1446 1285 1540 1345 τῆς
1579 1277 1685 1330 ἀπὸ
1718 1286 1829 1331 τῶν

136 1367 313 1435 ξιφῶν
389 1366 711 1435 ἐπεθύμουν
787 1371 1053 1435 τελευτῆς.
1153 1365 1270 1419 ἀλλ’
1319 1367 1504 1430 οὐδεὶς
1572 1367 1746 1429 οὕτως
1819 1364 1823 1437 ξ

135 1458 332 1518 ἄθλιος
371 1455 490 1509 οὐδ’
522 1457 570 1508 εἰ
610 1457 831 1525 σφόδρα
871 1456 1223 1525 δυσχεραίνοι
1261 1456 1323 1508 τὸ
1363 1463 1550 1524 γῆρας.
1706 1467 1918 1511 RII301

251 1546 332 1597 17.
376 1548 636 1614 Πονηρᾶς
667 1547 863 1597 τοίνυν
895 1545 1064 1612 οὔσης
1102 1552 1197 1612 τῆς
1235 1553 1348 1597 τῶν
1378 1547 1599 1597 πολλῶν
1633 1543 1827 1608 ἐξόδου
1854 1565 1897 1596 15

135 1637 331 1700 μείζων
387 1633 447 1686 ἐν
499 1642 615 1695 τοῖς
667 1634 806 1703 ὑπὲρ
859 1636 989 1696 τοὺς
1034 1635 1276 1695 πολλοὺς
1322 1633 1355 1702 ἡ
1403 1635 1718 1702 κατηγορία,
1775 1636 1834 1686 οἳ

134 1725 353 1776 πόλεων
392 1721 651 1791 ἄρξαντες
689 1722 780 1775 καὶ
813 1725 953 1790 ἔθνη
987 1723 1314 1793 διῳκηκότες
1352 1723 1441 1774 καὶ
1473 1731 1648 1789 τιμῶν
1678 1741 1831 1774 τετυ-

137 1813 360 1881 χηκότες
405 1810 495 1864 καὶ
544 1812 768 1874 δικαίως
813 1810 883 1864 ἂν
923 1811 1275 1879 ἀμειβόμενοι
1321 1813 1423 1879 τήν
1462 1831 1519 1864 τε
1565 1813 1729 1863 πόλιν
1768 1809 1832 1864 ἐν

119 1894 170 1971 ᾗ
219 1908 538 1953 κατοικοῦσι
590 1901 678 1952 καὶ
734 1901 835 1968 τὴν
896 1903 1199 1969 βασιλείαν,
1264 1899 1336 1953 δι’
1367 1901 1438 1969 ἣν
1494 1901 1683 1962 αὐτοῖς
1737 1901 1825 1953 καὶ

139 1989 269 2053 δόξα
308 1988 395 2041 καὶ
433 1989 595 2056 γάμοι
632 1987 723 2041 καὶ
755 1991 1017 2058 χρήματα,
1056 1997 1227 2042 ταῦτα
1258 1989 1437 2042 πάντα
1469 1988 1828 2058 ἀτιμάσαντες
1854 2010 1904 2040 20-

139 2078 473 2130 ἀπώλλυσαν
533 2078 593 2130 τὸ
649 2076 777 2130 καθ’
821 2078 1022 2141 αὑτοὺς
1083 2085 1157 2150 τῷ
1213 2081 1428 2145 βασιλεῖ
1489 2079 1589 2147 τὴν
1650 2080 1829 2131 πόλιν.

142 2167 225 2218 18.
274 2169 326 2219 εί
362 2167 465 2235 γὰρ
508 2167 575 2236 δὴ
623 2175 719 2235 τῆς
758 2166 1207 2235 ὀλιγανθρωπίας
1251 2175 1347 2235 τῆς
1387 2166 1448 2220 ἐν
1485 2167 1621 2237 αὐτῇ
1669 2187 1832 2219 κατα-

139 2258 517 2324 φρονήσαντες
568 2257 620 2308 oi
660 2256 797 2308 κατὰ
841 2256 944 2323 τὴν
983 2257 1167 2325 χώραν
1206 2254 1399 2325 λῃσταὶ
1440 2255 1834 2325 διεσπαρμένοι

140 2353 337 2412 στῖφος
391 2344 453 2396 ἓν
506 2347 830 2413 ποιήσαντες
881 2343 1111 2407 ἑαυτοὺς
1162 2346 1506 2407 εἰσπεσόντες
1554 2343 1832 2412 ἐληίζοντο

139 2433 200 2484 τὸ
241 2432 403 2499 ἄστυ,
449 2433 515 2485 τὰ
553 2435 719 2501 μικρὰ
766 2434 832 2485 τὰ
877 2432 1352 2501 καταλελειμμένα,
1405 2431 1493 2485 καὶ
1533 2436 1827 2485 τελευτῶν-
1853 2453 1895 2485 25

260 2625 286 2663 6
334 2621 588 2693 βεβαιοῦσα
619 2621 735 2678 μονὴ
770 2623 832 2666 Μ
1010 2627 1034 2665 9
1080 2621 1291 2678 ἡγούμην
1323 2621 1385 2664 M
1420 2622 1546 2676 quod
1578 2635 1680 2665 corr
1702 2622 1770 2665 Re

144 2684 198 2722 10
231 2679 272 2724 εἰ
303 2681 349 2724 Ρ
378 2677 498 2723 sed'
533 2679 604 2722 m⁸
771 2685 822 2723 11
860 2680 904 2724 οἱ
935 2680 995 2737 μὴ
1028 2683 1073 2725 Α
1106 2682 1186 2724 sed
1218 2699 1272 2738 γρ
1299 2682 1354 2724 οὐ
1386 2680 1435 2723 in
1466 2694 1601 2738 marg
1661 2681 1716 2724 οὐ
1751 2681 1833 2726 ΟΡ

201 2738 246 2782 οἱ
271 2740 306 2782 Ι
480 2743 535 2782 14
583 2735 687 2783 οὐδ’
710 2738 751 2783 εἰ
784 2765 839 2771 -
871 2746 1016 2796 γῆρας
1046 2754 1122 2783 om
1154 2740 1286 2796 Bong
1313 2743 1318 2795 Ι
1348 2739 1388 2783 εἰ
1419 2739 1480 2796 μὴ
1513 2739 1696 2796 σφόδρα
1727 2742 1790 2784 M
1820 2740 1824 2797 1

140 2794 434 2856 δυσχεραίνει
460 2797 559 2842 ΟΜ
603 2800 610 2853 Ι
652 2795 789 2854 ξίφος
813 2800 874 2843 Μ
1018 2804 1072 2842 15
1103 2807 1197 2842 τῶν
1230 2812 1304 2841 om
1329 2798 1463 2856 Bong
1519 2843 1523 2845 ,
1598 2804 1652 2842 21
1685 2796 1829 2842 ἀπόλ-

139 2858 285 2901 λυσαν
311 2859 374 2901 M
491 2861 546 2899 23
578 2858 739 2914 λησταὶ
762 2859 798 2900 Ι
911 2861 967 2900 24
999 2856 1163 2913 στίφος
1178 2858 1323 2901 IMV
1340 2857 1431 2900 edd
1463 2857 1519 2901 cf.
1546 2858 1639 2900 t.11
1663 2862 1732 2911 89,
1745 2861 1768 2899 7
1787 2857 1830 2900 R

147 2921 150 2971 g
187 2913 474 2967 εἰσπεσόντες
512 2929 587 2958 om
610 2917 646 2959 I
819 2921 875 2959 25
923 2918 1031 2959 ante
1061 2916 1119 2960 τὰ
1150 2919 1212 2973 (1)
1257 2916 1483 2959 excidisse
1526 2916 1829 2973 participium

138 2974 281 3028 quale
313 2974 647 3030 διαρπάζοντες
683 2974 755 3018 vel
788 2973 1008 3031 φέροντες
1037 2977 1118 3019 καὶ
1151 2975 1341 3032 ἄγοντες
1372 2975 1477 3019 coni
1508 2976 1576 3019 Re
