2060 3162
217 170 326 223 1²40
769 170 998 214 LIBANH
1029 169 1252 215 ORATIO
1284 170 1368 215 XV

215 314 315 359 τοῦ
348 307 414 359 τὰ
446 307 514 358 σά
545 306 646 374 τὴν
675 307 841 358 πόλιν
871 303 1129 377 ᾑρῆσθαι.
1206 306 1292 359 53.
1333 307 1463 370 ἴσως
1493 327 1576 370 τις
1611 306 1906 376 ἀπήγγειλέ

218 408 307 447 σοι
346 395 477 463 μετὰ
515 402 627 447 τῶν
674 395 857 447 ἄλλων
903 394 1041 457 νεὼς
1086 391 1168 447 ἔτι
1212 396 1452 458 πολλούς
1501 415 1559 449 τε
1605 394 1696 448 καὶ
1743 397 1906 465 μεγά-

218 487 347 545 λους
408 481 534 553 παρ’
571 481 705 551 ἡμῖν
766 480 1072 552 ἑστηκότας,
1134 482 1163 536 ὃ
1225 491 1321 552 τῆς
1372 493 1484 538 τῶν
1539 484 1908 538 ἐνοικούντων

172 594 194 624 4
217 571 495 640 εὐσεβείας
550 570 741 624 ἐποιοῦ
797 579 1043 640 σημεῖον,
1107 570 1180 634 ὡς
1231 581 1343 625 τῶν
1394 569 1496 642 μὲν
1547 572 1907 643 βουλομένων

128 672 170 715 R
188 676 274 716 469
315 665 609 730 καθαιρεῖν
663 661 860 729 ὄντων,
916 659 1279 730 σεσωσμένων
1334 659 1341 732 Ι
1399 658 1461 714 δὲ
1512 671 1624 715 τῶν
1676 663 1743 715 οὐ
1797 681 1906 715 κει-

216 747 400 816 μένων
460 756 579 811 ταῖς
631 757 742 802 τῶν
800 747 1128 818 ἀχθομένων
1188 756 1252 819 τῇ
1313 749 1634 820 καθαιρέσει
1694 751 1906 820 μάχαις.

329 836 414 889 54.
463 838 530 890 Τί
560 833 684 907 οὖν,
722 838 902 890 πάντα
934 836 1116 891 ἐκεῖνα
1154 836 1509 906 ἐξαλείψομεν
1540 840 1618 902 εἰς
1648 839 1709 892 ἓν
1740 847 1903 892 τοῦτο

216 924 535 993 βλέποντες,
589 924 680 978 καὶ
725 925 1004 996 περιέσται
1054 935 1166 979 τῶν
1212 927 1550 980 δεικνύντων
1596 926 1794 998 ἀρετὴν
1842 929 1905 981 τὸ

217 1010 469 1084 πραχθὲν
499 1013 558 1067 ἐκ
583 1014 882 1085 ρᾳθυμίας;
916 1016 1147 1068 δίκασον
1177 1015 1327 1084 ἡμῖν,
1359 1015 1432 1078 ὡς
1454 1017 1906 1084 Λακεδαιμόνιοι·

153 1122 195 1156 10
219 1100 307 1172 ἐφ’
347 1100 574 1173 ἑκάτερα
625 1103 727 1172 τὴν
774 1102 1019 1167 ἐξέτασιν
1066 1105 1217 1172 ἄγων
1265 1104 1362 1166 δὸς
1409 1110 1486 1176 τῷ
1539 1107 1754 1158 πλείονι
1806 1106 1908 1174 τὴν

217 1190 411 1260 ῥοπήν.
472 1190 856 1261 ἀναμνήσθητι
894 1199 994 1245 τοῦ
1035 1199 1242 1245 σαυτοῦ
1282 1194 1458 1262 νόμου
1497 1201 1595 1246 τοῦ
1635 1194 1759 1264 περὶ
1797 1202 1909 1247 τῶν

216 1279 598 1348 ψευδομένων·
657 1279 734 1333 ἂν
771 1281 1118 1349 ψεύσηται,
1166 1284 1356 1350 φησίν,
1403 1280 1562 1345 ἅπαξ
1601 1291 1728 1335 τῶν
1765 1281 1914 1350 ἐμοί

218 1387 315 1430 τις
361 1367 795 1436 ὁμιλούντων,
851 1374 1027 1422 οἴσω·
1082 1368 1202 1423 κᾶν
1249 1370 1562 1439 δεύτερον
1609 1375 1717 1423 ἴσα
1763 1375 1908 1424 τολ-

217 1459 408 1527 μήσῃ,
457 1457 562 1510 καὶ
601 1465 794 1510 τοῦτο
843 1455 1171 1527 ἀνέξομαι·
1223 1457 1344 1511 κᾶν
1391 1458 1519 1531 ἁλῷ
1559 1462 1786 1529 τρίτον
1832 1459 1910 1513 οὐ

152 1566 194 1599 15
217 1544 469 1614 τάληθῆ
510 1544 737 1613 λέγων,
789 1547 963 1599 οὔπω
1003 1548 1371 1616 μεμίσηται·
1410 1546 1799 1617 προστιθεὶς
1839 1545 1908 1601 δὲ

217 1633 533 1703 τέταρτον
579 1632 973 1704 ἐξελήλαται.
1043 1634 1169 1688 ,ἀλλ’
1206 1636 1340 1704 ἡμῖν
1384 1655 1447 1703 γε
1491 1637 1564 1705 μὴ
1613 1637 1731 1707 τρὶς
1779 1635 1909 1706 νέμε

219 1724 569 1791 συγγνώμην,
625 1722 762 1775 ἀλλά
806 1730 914 1776 νῦν
959 1725 1147 1793 μόνον.
1223 1721 1409 1776 ἔπειτά
1463 1737 1551 1777 σοι
1605 1723 1910 1795 παρέξομεν

217 1811 356 1879 ἡμᾶς
395 1811 597 1874 αὐτοὺς
636 1810 960 1880 ἀμέμπτους.
1022 1813 1055 1880 ἡ
1088 1813 1193 1881 γὰρ
1232 1819 1487 1882 παροῦσα
1526 1813 1667 1882 λύπη
1707 1815 1909 1882 νήφειν

218 1900 691 1968 παρακελεύσεται.
783 1898 870 1953 55.
934 1895 1049 1953 εἶτα
1109 1899 1304 1971 ἐρήσῃ·
1365 1903 1432 1954 τί
1488 1902 1605 1971 γὰρ
1670 1902 1703 1954 δ
1713 1900 1907 1966 έδιτε,

152 2008 196 2041 20
218 1988 415 2040 ποίαν
476 1989 795 2055 δήμευσιν
857 1989 1111 2054 οὐσίας;
1173 1991 1369 2042 ποιάν
1423 1993 1665 2058 φυγήν,
1726 1991 1907 2052 τίνας

341 2153 364 2191 1
397 2144 467 2198 τίς
492 2147 670 2191 VIBM
787 2151 814 2189 4
846 2147 906 2197 ὡς
930 2173 987 2179 -
1012 2151 1037 2190 6
1063 2146 1251 2206 μάχαις]
1275 2146 1444 2204 reliqui
1468 2149 1522 2190 ut
1546 2149 1654 2190 sunt
1683 2148 1732 2190 in
1756 2147 1904 2202 libris,

218 2206 310 2250 nisi
343 2207 468 2262 quod
499 2208 683 2250 secubus
716 2220 818 2249 sum
851 2206 1223 2250 emendationem
1255 2206 1525 2250 correctoris
1558 2205 1659 2263 (m2)
1694 2207 1743 2249 in
1771 2220 1905 2263 marg

222 2267 297 2310 M:
348 2261 477 2321 οἶμαι
508 2264 716 2309 κάλλιον·
766 2265 828 2315 ὡς
857 2272 949 2308 τῶν
987 2265 1071 2321 μὲν
1115 2263 1404 2323 βουλομένων
1435 2268 1700 2321 καθαιρεῖν,
1746 2263 1904 2310 ὄντων.

221 2323 516 2381 σεσωσμένων
549 2323 601 2370 δὲ
631 2331 723 2369 τῶν
756 2324 811 2368 οὐ
836 2322 1074 2380 κειμένων,
1103 2331 1206 2374 ταῖς
1235 2331 1327 2368 τῶν
1351 2323 1629 2382 ἀχθομένων
1652 2331 1707 2382 τῇ
1731 2327 1905 2368 καθαι-

221 2382 342 2439 ρέσει
373 2382 556 2441 μάχαις,
589 2396 709 2440 quae
732 2382 898 2427 melior
919 2382 1103 2427 videtur
1127 2395 1268 2438 quam
1299 2381 1594 2439 σεσωσμένων
1625 2384 1679 2426 ut
1701 2383 1906 2440 glossam

221 2442 282 2485 ad
313 2442 368 2485 οὐ
402 2442 624 2499 κειμένων
657 2441 810 2486 delere
883 2440 1030 2486 ὄντων
1056 2440 1364 2498 σεσωσμένων,
1395 2448 1486 2485 τῶν
1512 2441 1563 2486 δὲ
1588 2443 1643 2486 οὐ
1674 2442 1783 2486 libri
1814 2443 1905 2485 edd

280 2500 341 2550 ὡς
370 2508 460 2545 τῶν
491 2501 587 2557 μὲν,
627 2508 719 2545 τῶν
758 2499 1050 2559 βουλομένων
1088 2503 1340 2556 καθαιρεῖν
1373 2498 1609 2546 ἀπιόντων
1650 2501 1738 2558 (vel
1768 2502 1905 2545 ἀπελ-

219 2557 438 2613 θόντων),
471 2559 765 2615 σεσωσμένων
798 2560 903 2604 coni
933 2560 1022 2615 Re,
1055 2560 1136 2615 qui
1166 2559 1216 2603 in
1239 2559 1379 2603 Anim
1410 2559 1524 2603 satis
1556 2559 1785 2603 habuerat
1817 2573 1901 2616 pro

222 2616 515 2674 σεσωσμένων
548 2618 800 2663 coniecisse
839 2618 1137 2675 ἐρρωσμένων
1179 2618 1252 2662 vel
1295 2616 1486 2675 ἑτοίμων
1528 2618 1602 2662 vel
1642 2617 1903 2674 ἐσσυμένων

282 2675 417 2732 plura
446 2677 588 2721 verba
612 2680 720 2721 ante
745 2675 1037 2735 βουλομένων
1069 2677 1296 2722 excidisse
1327 2679 1465 2733 putat
1490 2676 1647 2721 Gasda
1674 2680 1679 2734 Ι
1707 2677 1800 2720 ἀπὸ
1832 2676 1903 2720 1112

221 2747 363 2791 supra
385 2742 476 2779 τῶν
499 2737 542 2779 V
679 2741 702 2779 7
736 2737 891 2781 ἐκεῖνα
922 2750 998 2780 om
1031 2737 1075 2780 V
1126 2736 1252 2780 inser
1280 2735 1339 2779 12
1483 2741 1507 2780 9
1538 2734 1903 2792 Λακεδαιμόνιοι

222 2793 386 2849 scripsi
418 2796 606 2838 auctore
637 2795 704 2837 Re
777 2792 1153 2852 λακεὸαιμονίοις
1188 2794 1298 2838 libri
1330 2794 1441 2849 edd,
1482 2795 1563 2838 sed
1596 2795 1737 2838 etiam
1765 2792 1903 2851 Ἄγιδι

223 2852 449 2896 excidisse
478 2855 593 2908 puto
618 2853 720 2896 coll.
746 2853 888 2897 Thuc.
914 2853 956 2897 V
981 2858 1035 2896 63
1158 2857 1214 2896 14
1246 2851 1305 2898 ἂν
1331 2854 1375 2897 V
1490 2858 1543 2897 16
1576 2853 1689 2897 ἀλλὰ
1715 2853 1908 2898 CABM

222 2911 333 2955 Ferr
362 2911 464 2955 Mor
584 2915 637 2954 19
678 2911 1040 2967 παρακελεύεται
1071 2912 1139 2956 Re
1196 2914 1202 2968 Ι
1260 2911 1367 2967 ἐρήσ
1399 2926 1503 2955 cum
1532 2925 1607 2955 ras
1642 2917 1663 2955 1
1697 2911 1775 2955 litt
1809 2913 1854 2957 U

223 2974 280 3013 20
311 2967 456 3013 ποίαν
487 2972 533 3014 Ρ
562 2970 643 3014 sed
673 2985 708 3013 π
739 2971 787 3014 in
819 2984 894 3014 ras
924 2970 995 3013 m²
