2060 3162
213 131 319 183 302
331 155 333 157 -
701 131 929 175 LIBANII
959 130 1182 176 ORATIO
1214 133 1365 177 XVIII

213 267 540 336 ἀνηρπάσθη
581 268 777 336 δώρων
814 270 1116 334 βασιλικῶν
1152 268 1368 336 αὐτούς,
1408 268 1479 331 ὡς
1517 265 1726 336 ἔλεγον,
1765 267 1896 320 ἀπε-

212 356 498 425 στερηκώς,
536 353 692 425 ἔτυχε
728 352 790 408 δὲ
821 356 909 408 καὶ
941 357 1206 423 μεταστὰς
1242 360 1599 427 παραμυθίας
1636 358 1788 418 τινὸς
1825 364 1891 426 τῇ

209 442 449 513 θυγατρὶ
488 452 587 497 τοῦ
622 444 889 511 βασιλέως
919 454 1121 515 μοῖραν
1153 445 1219 498 οὐ
1251 447 1451 516 μικρὰν
1481 454 1593 498 τῶν
1622 442 1891 516 πατρῴων

209 531 456 601 ἀφέντος.
537 531 656 584 153.
713 533 772 585 οἴ
805 552 867 600 γε
904 534 1013 602 μὴν
1052 535 1129 596 εἰς
1175 535 1346 587 αὐτὸν
1391 534 1702 604 ὑβρικότες,
1747 530 1891 602 ἦσαν

164 643 184 676 5
207 621 329 690 γάρ,
379 617 519 689 ἦσαν
559 624 617 674 οἳ
649 622 996 691 παρεκάλουν
1033 623 1186 685 τινὰς
1232 621 1320 676 ἐπὶ
1359 624 1418 676 τὸ
1459 630 1753 693 σκῆπτρον,
1797 622 1890 675 οὐ-

208 710 365 772 δενὸς
414 709 528 763 κατ’
560 708 728 763 οὐδὲν
784 712 1101 780 φειδόμενοι
1153 711 1388 780 ῥήματος
1432 713 1533 780 τὴν
1582 708 1683 780 μὲν
1732 709 1890 774 ἀξίαν

207 799 368 867 δίκην
407 798 508 851 οὐκ
546 796 766 868 ἔδοσαν,
806 800 1015 853 οὔκουν
1055 799 1355 869 ἀπέθανον,
1393 803 1583 869 νήσοις
1615 800 1676 853 δὲ
1707 799 1888 852 ἐνδια-

205 890 488 956 τρίβοντες
540 895 635 956 τῆς
688 889 930 957 γλώττης
991 887 1347 942 ἐπαιδεύοντο
1401 897 1636 959 κρατεῖν.
1714 889 1888 950 οὕτως

207 975 416 1039 ἐκεῖνος
470 975 674 1047 ἑτέροις
735 973 836 1045 μὲν
898 977 1247 1046 ἠδικημένοις
1306 977 1568 1046 ἠπίστατο
1630 985 1887 1047 τιμωρεῖν

139 1086 182 1119 10
204 1068 395 1133 καλῶς,
435 1063 496 1118 ἐν
535 1062 596 1118 δὲ
634 1074 751 1128 τοῖς
790 1067 868 1128 εἰς
907 1066 1076 1119 αὐτὸν
1112 1068 1491 1135 μεγαλόψυχος
1529 1061 1610 1134 ἦν.

319 1152 438 1205 154.
490 1155 740 1222 Εἰσῆλθε
777 1153 868 1207 καὶ
908 1155 984 1217 εἰς
1021 1155 1081 1207 τὸ
1124 1153 1421 1224 συνέδριον
1458 1154 1546 1206 καὶ
1586 1156 1687 1223 τὴν
1724 1155 1886 1223 μεγά-

205 1246 308 1309 λην
360 1243 571 1310 βουλὴν
622 1242 747 1312 περὶ
810 1242 980 1296 αὑτὸν
1040 1241 1266 1296 ἐκάθισε
1325 1245 1506 1295 πολὺν
1559 1244 1627 1311 δὴ
1682 1244 1887 1312 χρόνον

202 1330 402 1398 ταύτης
439 1337 535 1398 τῆς
573 1339 732 1400 τιμῆς
771 1330 1147 1401 ἐστερημένην.
1225 1332 1303 1393 εἰς
1347 1327 1449 1398 μὲν
1489 1332 1591 1401 γὰρ
1631 1331 1692 1383 τὸ
1732 1333 1885 1399 βασί-

203 1422 354 1471 λειον
406 1419 734 1473 εἰσεκαλεῖτο
791 1422 1060 1490 πρότερον
1112 1418 1413 1487 ἑστήξουσά
1466 1439 1524 1472 τε
1576 1418 1666 1472 καὶ
1720 1420 1887 1489 μικρὰ

137 1530 177 1562 15
203 1505 563 1576 ἀκουσομένη,
602 1511 862 1577 βασιλεὺς
895 1506 955 1561 δὲ
987 1509 1088 1561 οὐκ
1119 1507 1203 1580 ᾔει
1241 1507 1367 1579 παρ’
1400 1508 1572 1577 αὐτὴν
1612 1513 1886 1576 συγκαθε-

202 1596 490 1662 δούμενος·
542 1603 616 1669 τῷ
650 1598 754 1667 γὰρ
793 1599 865 1666 μὴ
907 1598 1186 1657 δύνασθαι
1225 1596 1406 1666 λέγειν
1444 1599 1643 1666 ἔφευγε
1681 1598 1885 1666 χωρίον

201 1685 466 1753 δεόμενον
496 1685 742 1755 ῥήτορος,
783 1685 811 1739 ὁ
846 1685 924 1755 δέ,
962 1687 1144 1756 ὥσπερ
1164 1684 1398 1756 Ὅμηρος
1428 1683 1534 1755 ἔφη
1566 1686 1664 1738 τὸν
1697 1685 1885 1738 δεινὸν

200 1772 397 1842 λέγειν,
437 1773 776 1844 ἀσφαλέως
815 1775 1151 1843 ἀγορεύων
1198 1774 1389 1828 ἐδίωκε
1426 1777 1558 1837 τοὺς
1596 1775 1884 1835 τοιούτους

201 1863 504 1929 συλλόγους
543 1863 736 1925 διδοὺς
772 1860 873 1932 μὲν
912 1871 986 1934 τῷ
1033 1862 1351 1935 βουλομένῳ
1397 1862 1882 1934 παρρησιάσασθαι

134 1950 335 2019 εολπρὸς
374 1951 558 2019 αὐτόν,
599 1950 818 2014 διεξιὼν
857 1949 917 2005 δὲ
955 1953 1046 2005 καὶ
1079 1951 1243 2015 αὐτὸς
1281 1959 1388 2005 νῦν
1426 1949 1527 2021 μὲν
1564 1951 1779 2021 παῦρά
1817 1969 1883 2002 τε

320 2187 373 2226 17
407 2182 490 2226 Od.
515 2187 553 2227 θ
578 2188 659 2226 171
783 2189 839 2228 20
872 2183 992 2227 Socr.
1019 2184 1083 2227 ΙΠ
1110 2190 1131 2227 1
1164 2200 1208 2240 p.
1238 2189 1320 2230 172
1345 2184 1398 2227 A.
1446 2183 1496 2226 Il.
1524 2201 1549 2239 γ
1576 2188 1660 2226 214
1686 2184 1733 2226 et
1765 2187 1848 2226 222

318 2410 339 2448 1
375 2405 435 2455 ὡς
467 2404 620 2461 ἔλεγον
653 2403 702 2447 in
725 2417 860 2461 marg
882 2403 940 2447 1²
1062 2409 1086 2446 2
1119 2404 1199 2447 καὶ
1232 2418 1306 2447 om
1333 2405 1493 2448 MoLa
1624 2409 1651 2448 4
1685 2404 1828 2447 αὐτὸν
1851 2405 1879 2447 1

198 2463 278 2506 sed
311 2466 418 2507 ante
451 2482 481 2508 α
512 2477 676 2507 rasura,
705 2463 842 2506 unius
873 2462 966 2517 litt,
997 2463 1112 2506 item
1142 2476 1304 2506 rasura
1336 2476 1475 2518 supra
1498 2480 1527 2507 v
1694 2467 1719 2505 5
1757 2457 1878 2517 ἦσαν

197 2536 272 2565 om
307 2523 351 2567 U
485 2527 510 2565 6
543 2519 648 2565 κατ’
677 2520 835 2579 οὐδὲν]
868 2520 1095 2566 κατουδὲν
1137 2522 1299 2566 VLaP
1355 2537 1495 2577 „fnum
1527 2521 1645 2565 κατὰ
1674 2524 1811 2565 τοῦδε
1828 2524 1877 2564 ?“

196 2580 264 2624 Re
400 2586 423 2624 7
458 2582 629 2625 οὐκοῦν
660 2580 762 2624 Mor
823 2581 907 2624 οὐκ
941 2576 1025 2624 οὖν
1056 2580 1178 2623 Fabr
1327 2585 1352 2623 8
1385 2582 1579 2638 γλώττης
1602 2581 1636 2623 Ι
1661 2580 1741 2623 sed
1771 2595 1878 2636 ττης

195 2640 245 2682 in
268 2652 344 2682 ras
366 2639 435 2683 m²
517 2641 722 2697 γλώσσης
747 2641 809 2683 Μ
955 2643 1008 2682 10
1042 2640 1184 2684 αὑτὸν
1219 2639 1423 2684 GBVLa
1453 2639 1522 2684 Re
1604 2638 1747 2682 αυτὸν
1780 2638 1824 2682 U

199 2703 251 2741 12
300 2699 442 2743 αὐτὸν
467 2699 793 2745 BVLaMUP
836 2698 915 2741 sed
957 2698 1007 2741 in
1045 2698 1132 2742 hoo
1174 2698 1224 2741 in
1267 2698 1408 2742 αὑτὸν
1453 2712 1552 2741 corr
1581 2697 1651 2741 m³
1707 2699 1712 2753 Ι
1771 2696 1875 2741 ἐκά-

194 2759 330 2800 θισεν
348 2758 423 2802 La
537 2763 590 2800 13
615 2763 746 2814 τιμῆς
770 2770 910 2813 supra
934 2758 1100 2815 βουλῆς
1115 2758 1208 2802 La⁸
1235 2759 1241 2814 Ι
1269 2757 1356 2814 γὰρ
1382 2770 1457 2800 om
1474 2758 1549 2800 La
1657 2760 1710 2799 15
1735 2756 1874 2799 ἀκον-

196 2814 362 2872 σομένη
386 2817 422 2859 Ι
447 2817 526 2859 sed
552 2833 575 2860 ο
609 2816 807 2861 alterum
838 2829 894 2860 ex
918 2833 947 2858 α
972 2830 1073 2859 con·
1099 2819 1105 2872 Ι
1134 2815 1178 2861 δ’
1208 2817 1276 2860 Re
1303 2819 1309 2872 Ι
1338 2815 1406 2872 εἴη
1431 2815 1532 2859 Mor
1627 2823 1629 2825 ’
1653 2819 1706 2858 16
1740 2814 1874 2870 ἔφευ-

195 2890 274 2931 γεν
306 2875 380 2919 La
540 2880 591 2919 19
624 2874 1036 2931 παρρησιάσασθαι
1066 2877 1101 2919 I
1125 2875 1205 2918 sed
1238 2889 1263 2918 6
1295 2875 1546 2919 secundum
1575 2873 1624 2916 in
1648 2886 1723 2916 ras
1747 2872 1817 2915 ω’

196 2932 598 2989 παρρησιάσεσθαι
632 2937 716 2978 Mo
776 2933 1177 2990 παρρησιάζεσθαι
1211 2935 1267 2978 M
