2060 3162
2 580 23 881 (mu-'⁸¹‘
4 565 6 573 “

13 1207 15 1209 .
0 948 29 1157 ωωῃμμη]
7 887 18 914 ,ψ

728 163 956 208 LIBANII
987 163 1211 209 ORATIO
1243 163 1393 209 xvm
1777 164 1884 216 247

190 303 398 370 φαντιά
435 299 525 354 καὶ
573 300 859 370 γράμματα
906 298 1210 368 ἐπιβουλὴν
1260 303 1455 370 ἔχοντα
1507 301 1608 369 τὴν
1654 298 1888 369 ἐσχάτην

189 390 406 459 εὕρητο,
468 389 684 441 δόντων
739 388 802 441 δὲ
856 389 1017 456 δίκην
1072 398 1184 441 τῶν
1238 387 1603 457 ἀδικούντων,
1658 388 1727 441 οὐ
1781 389 1886 457 γὰρ

188 479 414 546 ἔμελλεν
453 476 657 538 αὐτοὺς
697 477 1077 545 στεφανώσειν
1116 476 1145 530 ὁ
1186 477 1254 529 τὰ
1282 484 1512 530 τοιαῦτα
1542 475 1887 546 ἠδικημένος,

189 564 380 629 ἔδοξεν
423 562 489 634 ἧς
528 566 741 634 εἰλήφει
794 565 951 633 δίκης
998 565 1246 634 ὀφείλειν
1293 567 1456 634 δίκην
1502 565 1531 619 ὁ
1572 565 1759 634 λαβὼν
1796 565 1887 637 καὶ

188 652 541 723 ἀπέθνησκεν
595 655 818 723 ἄφωνος
881 653 1207 724 φθάσαντος
1259 655 1360 723 τὴν
1423 654 1730 722 ἀπολογιάν
1782 660 1882 706 τοῦ
1932 675 1991 721 5,

187 741 399 811 ξίφους.
475 740 563 795 25.
617 743 707 795 καὶ
754 742 952 795 αὐτίκα
1002 738 1165 804 οὗτος
1213 741 1523 795 ἀνέσπαστό
1575 761 1634 795 τε
1679 740 1772 795 καὶ
1818 737 1889 809 ἦν

188 830 250 884 ἐν
287 829 434 903 μέσῳ
475 831 745 900 φυλάκων
784 829 1146 900 ὡπλισμένων
1181 831 1378 901 ἄγριον
1417 831 1519 898 μὲν
1548 832 1885 898 βλεπόντων,

186 921 360 988 τραχὺ
400 917 462 972 δὲ
502 918 925 988 φθεγγομένων,
964 926 1185 988 κοῦφον
1224 919 1286 972 δὲ
1332 919 1765 988 ἀποφαινόντων
1805 912 1888 981 οἷς

187 1007 419 1061 ἐποίουν
457 1009 518 1060 τὸ
551 1009 942 1078 δεσμωτήριον.
1005 1006 1097 1061 καὶ
1127 1016 1345 1078 προσῆν
1375 1009 1436 1060 τὸ
1469 1008 1608 1077 μηδὲ
1644 1005 1731 1076 ἐφ’
1764 1005 1887 1070 ἑνὸς

188 1097 486 1167 ἱδρύεσθαι
532 1099 757 1167 χωρίου,
808 1099 1012 1160 τόπους
1061 1097 1122 1150 δὲ
1169 1096 1229 1150 ἐκ
1273 1099 1458 1150 τόπων
1504 1096 1752 1166 ἀμείβειν
1798 1095 1888 1149 ε’πὶ
1914 1118 1957 1150 10

185 1188 540 1256 ταλαιπωρίᾳ.
615 1184 708 1238 καὶ
777 1194 950 1238 ταῦτα
1013 1188 1250 1255 ἔπασχεν
1320 1184 1723 1254 ἐγκαλούμενος
1786 1182 1889 1254 μὲν

187 1270 356 1326 οὐδὲν
396 1275 522 1327 οὔτε
560 1278 747 1343 μεῖζον
786 1275 915 1327 οὔτε
954 1276 1194 1328 ἔλαττον.
1253 1284 1369 1337 πῶς
1407 1275 1513 1345 γὰρ
1556 1273 1616 1337 ὅς
1653 1293 1716 1343 γε
1756 1275 1888 1327 διει-

187 1363 373 1430 στήκει
411 1363 514 1431 μὲν
552 1362 835 1432 τάδελφοῦ
876 1368 1148 1432 σταθμοῖς
1179 1365 1432 1416 πλείοσιν
1471 1364 1505 1432 ἢ
1535 1365 1888 1433 τριακοσίοις,

185 1451 474 1519 γράμματα
507 1448 568 1504 δὲ
602 1453 859 1520 ἔπεμπεν,
901 1451 1034 1505 οὐδὲ
1063 1458 1236 1504 ταῦτα
1265 1452 1547 1520 πολλάκις,
1583 1453 1889 1521 προσρήσε-

186 1552 279 1591 σιν
312 1539 599 1608 ὁριζόμενα
638 1541 855 1608 μόναις;
897 1540 1088 1609 διόπερ
1130 1538 1251 1592 οὐδ’
1281 1535 1351 1607 ἧν
1391 1537 1511 1592 οὐδ’
1543 1539 1572 1592 ὁ
1606 1553 1888 1608 συκοφαν-
1914 1559 1956 1593 15

184 1628 386 1694 τήσων,
442 1625 560 1679 ἀλλ’
601 1628 746 1696 ὅμως
801 1621 884 1690 οἷς
948 1625 1093 1695 ἔφην
1146 1626 1384 1691 ἐπιέζετο
1439 1625 1555 1680 κατ’
1598 1628 1732 1680 ἄλλο
1788 1623 1891 1694 μὲν

187 1714 372 1782 οὐδέν,
406 1715 490 1767 ὅτι
524 1713 572 1767 δ’
606 1709 686 1778 εἷς
718 1715 1051 1786 ἀμφοτέροις
1082 1717 1256 1785 πατὴρ
1290 1714 1524 1784 γένοιτο.
1594 1715 1681 1768 26.
1720 1715 1891 1768 πάλιν

188 1804 386 1855 τοίνυν
426 1802 673 1856 ἐνταῦθα
712 1804 781 1856 ἄν
820 1823 902 1867 τις
941 1804 1114 1856 αὐτοῦ
1152 1804 1460 1871 θαυμάσειε
1500 1804 1561 1856 τὸ
1600 1806 1735 1872 μήτε
1773 1812 1890 1867 τοῖς

187 1892 323 1943 κατὰ
360 1899 461 1944 τοῦ
500 1897 806 1954 τεθνεῶτος
838 1894 1026 1960 λόγοις
1057 1895 1389 1945 κολακεῦσαι
1420 1892 1520 1945 τὸν
1552 1891 1890 1946 ἀπεκτονότα

185 1981 319 2047 μήτε
372 1988 489 2042 τοῖς
537 1977 679 2047 ὑπὲρ
727 1979 944 2034 ἐκείνου
992 1980 1301 2050 παροξῦναι
1347 1981 1447 2035 τὸν
1497 1984 1694 2048 ζῶντα,
1750 1981 1889 2034 ἀλλὰ
1913 2001 1957 2034 zo

186 2068 284 2120 τὸν
330 2065 432 2136 μὲν
483 2067 687 2137 ἀφανεῖ
733 2070 879 2139 λύπῃ
928 2077 1109 2138 τιμᾶν,
1175 2069 1196 2137 Υ
1246 2076 1320 2141 τῷ
1362 2070 1424 2122 δὲ
1468 2070 1541 2138 μὴ
1583 2071 1780 2122 δοῦναι
1826 2082 1975 2125 R531

186 2157 324 2226 πρὸς
379 2159 560 2225 φόνον
614 2157 875 2227 ἀφορμὴν
929 2158 1154 2227 σφόδρα
1207 2177 1270 2225 γε
1324 2156 1662 2229 βουλομένω.
1741 2157 1884 2213 οὕτω

306 2321 332 2359 6
366 2316 488 2360 Socr.
515 2316 546 2359 1.
565 2316 596 2360 1.

307 2468 333 2507 6
366 2459 519 2521 οὗτος]
556 2462 579 2507 ὁ
610 2460 866 2514 Ἰουλιανὸς
890 2464 949 2508 1³

311 2615 333 2654 1
366 2609 451 2667 τὴν
475 2609 727 2668 ἐπιβουλὴν
751 2611 875 2654 Fabr
995 2616 1022 2654 4
1055 2607 1262 2666 ὀφείλειν
1286 2610 1336 2654 in
1360 2623 1436 2654 rae
1461 2611 1560 2655 Lay
1683 2614 1709 2652 6
1742 2608 1884 2665 ἀνήρ-

189 2682 337 2713 παστο
364 2670 408 2712 V
529 2673 555 2712 8
588 2669 638 2714 δὲ
671 2683 746 2712 om
770 2671 846 2714 La
968 2674 1023 2713 10
1056 2669 1282 2724 ἶδρύσθαι
1310 2669 1438 2714 VRe
1570 2673 1624 2712 12
1657 2667 1796 2714 οὐδὲν
1829 2681 1885 2711 ex

192 2727 349 2771 οὐδενὶ
381 2741 482 2771 corr
505 2728 577 2773 P²
638 2726 797 2771 οὐδένι
821 2730 898 2772 La
924 2730 930 2786 Ι
958 2725 1059 2772 οὔτ’
1086 2729 1122 2771 Ι
1147 2728 1228 2772 sed
1248 2725 1260 2742 '
1290 2728 1339 2771 in
1363 2741 1439 2771 ras
1463 2727 1534 2774 m3³
1656 2732 1710 2771 14
1741 2724 1786 2771 δ’
1816 2726 1884 2769 Re

239 2785 317 2828 καὶ
348 2789 460 2831 ante
491 2787 599 2831 οὐδὲ
631 2786 932 2830 inserendum
962 2789 1101 2843 pussat
1132 2787 1199 2830 Re
1353 2792 1407 2830 15
1440 2784 1543 2830 οὐδ’
1572 2781 1632 2842 ἦν
1663 2800 1740 2830 om
1762 2785 1887 2829 Fabr

238 2841 341 2888 οὐδ’
370 2846 452 2903 (2)]
486 2843 561 2890 ὁδ’
590 2847 635 2889 Β
718 2845 917 2889 fortasse
949 2845 1199 2888 delendum
1323 2850 1374 2888 17
1410 2846 1460 2890 δὲ
1494 2845 1585 2888 edd
1708 2849 1762 2888 18
1803 2845 1887 2887 αὐ-

189 2908 274 2944 τοῦ
303 2902 429 2946 inser
451 2904 525 2948 Ρ3
615 2917 690 2947 om
723 2904 768 2948 U
943 2908 998 2947 20
1030 2903 1145 2958 ὑπὲρ
1179 2930 1234 2936 -
1268 2908 1320 2946 21
1356 2903 1440 2959 μὲν
1471 2904 1521 2947 in
1550 2917 1683 2960 marg
1718 2901 1824 2947 Mo'

194 2962 250 3002 22
282 2976 332 3017 γε
363 2975 441 3005 om
465 2961 567 3005 Mor
590 2962 715 3005 Fabr
