2054 3140
196 130 270 182 24
751 128 980 173 LIBANH
1011 128 1233 174 ORATIO
1264 129 1350 173 XII

197 268 306 320 σὺν
345 265 528 335 εὐχαῖς
566 261 667 334 μὲν
705 263 870 334 ἐπέβη
909 271 1005 333 τῆς
1037 264 1264 335 ὁμόρου,
1304 272 1411 333 γῆν
1442 261 1504 318 δὲ
1535 264 1681 336 ὁρῶν
1706 267 1882 319 Γαλα-

195 363 308 407 τῶν
357 354 458 423 μὲν
503 353 865 422 καλουμένην,
913 351 1259 423 ἐσπαρμένην
1306 350 1367 406 δὲ
1412 353 1520 406 ὑπὸ
1569 355 1881 424 βαρβάρων,

199 445 258 495 οἳ
291 443 425 511 μετὰ
463 450 557 511 τῆς
594 444 868 511 πρότερον
907 441 1214 511 ἀρουμένης
1252 443 1341 494 καὶ
1373 443 1468 505 τὰς
1497 444 1684 505 πόλεις
1717 443 1882 506 αὐτὰς

198 533 614 598 κατενεγκόντες
652 529 981 600 ἐγεώργουν,
1031 531 1129 583 τὸν
1167 539 1406 599 χειμῶνα
1442 527 1544 597 μὲν
1590 531 1884 600 ἀνήλισκεν

154 641 176 674 5
201 621 277 682 εἰς
322 620 549 688 βουλήν,
597 619 670 682 ὡς
717 616 778 672 δὲ
815 626 911 687 τῆς
949 619 1151 688 ὡραίας
1191 617 1277 672 ἐπὶ
1324 619 1390 671 τὰ
1440 621 1574 687 ἔργα
1611 621 1884 689 καλούσης

200 706 330 777 ἐβόα
368 708 470 776 μὲν
509 708 672 770 αὐτὸς
711 706 802 760 καὶ
841 715 1046 776 συνῆγε
1089 707 1180 760 καὶ
1226 709 1546 777 συνεκρότει
1591 706 1682 760 καὶ
1720 726 1883 778 παρε-

199 797 451 868 θάρρυνε
500 799 630 859 τοὺς
681 795 992 866 ἐπτηχότας,
1042 795 1398 860 ὑπεσκέλιζον
1449 796 1510 849 δὲ
1558 797 1659 865 τὴν
1707 796 1885 867 ὁρμὴν

201 886 256 938 οἱ
295 886 559 955 ἵππαρχοι
596 883 686 937 καὶ
726 885 951 954 λοχαγοὶ
990 886 1081 938 καὶ
1110 885 1391 954 ταξίαρχοι
1421 888 1759 954 πληροῦντες
1797 884 1884 939 ἐν-

155 996 175 1027 9
200 975 361 1037 τολάς
415 974 710 1042 δεσπότου,
761 980 887 1045 νικᾷ
936 975 1099 1042 νίκην
1151 975 1281 1042 ἡμῖν
1335 973 1364 1027 ὁ
1419 976 1677 1041 βασιλεὺς
1732 972 1881 1044 πρὸΙ

109 1074 258 1118 R380
296 1070 391 1130 τῆς
430 1060 492 1115 ἐν
529 1071 643 1125 τοῖς
682 1062 871 1125 ὅπλοις
909 1063 1010 1131 τὴν
1048 1062 1153 1115 ἀπὸ
1192 1070 1287 1132 τῆς
1332 1064 1618 1132 καρτερίας
1655 1063 1747 1115 καὶ
1783 1069 1884 1115 τοῦ

201 1158 371 1203 ταῦτα
401 1148 590 1221 πρᾴως
621 1150 883 1219 ἐνεγκεῖν,
915 1150 1203 1204 κάνταῦθα
1232 1152 1293 1204 τὸ
1325 1159 1420 1220 τῆς
1443 1151 1691 1213 παιδείας
1715 1150 1885 1220 ἀπήν-

201 1258 267 1292 τα
320 1238 536 1309 κέρδος,
592 1239 866 1309 τΗρακλής
918 1259 976 1293 τε
1030 1241 1280 1309 χείρονος
1335 1239 1535 1310 ἀνδρὸς
1587 1239 1886 1293 ὑπακούων

128 1318 136 1325 ⁵¹
201 1326 386 1399 Ἄρης,
420 1347 478 1380 τε
533 1327 788 1381 ἐνιαυτοῦ
843 1328 1012 1382 πλέον
1064 1327 1156 1381 ὑπ’
1197 1328 1514 1398 ἀνθρώπων
1566 1326 1887 1397 ἐμπλήκτων

204 1417 401 1480 δεθείς.
477 1416 563 1469 45.
605 1417 743 1470 ἀλλὰ
780 1418 884 1488 γὰρ
924 1415 1036 1470 ἔδει
1074 1416 1165 1470 καὶ
1203 1418 1301 1470 τὸν
1324 1415 1450 1487 Ἄρη
1483 1419 1729 1486 λυθῆναί
1755 1434 1886 1469 ποτε

136 1526 180 1559 15
203 1504 295 1559 καὶ
333 1514 549 1559 τοῦτον.
627 1506 699 1569 ὡς
745 1507 849 1576 γὰρ
891 1506 919 1559 ὁ
958 1503 1059 1573 μὲν
1099 1506 1158 1559 ἐν
1195 1514 1311 1568 τοῖς
1348 1506 1667 1574 κωλύμασιν
1705 1507 1886 1559 ἔστενε

201 1594 320 1663 μέν,
374 1595 476 1648 οὐκ
529 1595 812 1665 ἠρεθίζετο
865 1593 949 1663 δέ,
1003 1596 1069 1648 τὰ
1124 1592 1185 1647 δὲ
1238 1595 1526 1666 πράγματα
1581 1593 1887 1663 ἀπωλώλει,

201 1692 317 1746 τοῖς
358 1683 419 1736 δὲ
457 1684 758 1753 βαρβάροις
794 1682 1058 1752 ηὐξάνετο
1097 1684 1158 1736 τὸ
1199 1685 1480 1754 φρόνημα,
1523 1692 1633 1736 τῶν
1673 1681 1721 1736 δ’
1760 1682 1886 1751 ἐπη-

205 1773 507 1838 ρεαζόντων
538 1771 567 1824 ὁ
600 1772 863 1835 κίνδυνος
894 1773 995 1826 οὐκ
1026 1774 1289 1842 ἠνείχετο,
1326 1773 1513 1840 λαβὼν
1537 1766 1687 1841 οἶμαι
1719 1772 1889 1824 δύνα-

327 1922 349 1960 1
385 1917 677 1973 cfiEpitaph.
703 1917 829 1974 t.1p.
847 1917 1041 1972 534‚4R
1165 1923 1265 1972 1sq.
1298 1916 1463 1961 Iulian.
1488 1917 1519 1960 1.
1536 1916 1566 1961 l.
1591 1931 1635 1972 p.
1660 1921 1745 1959 278
1762 1916 1801 1959 D
1820 1931 1885 1972 sq.

265 1981 291 2019 4
323 1976 473 2019 Amm.
506 1977 647 2020 Marc.
680 1976 787 2021 XVI
819 1982 858 2029 2,
887 1982 909 2020 1
1063 1981 1088 2019 5
1107 1991 1173 2032 sq.
1205 1976 1370 2020 Iulian.
1403 1975 1488 2020 1.1.
1521 1991 1565 2031 p.
1593 1978 1677 2018 278
1701 1975 1825 2029 Asq.

206 2040 260 2079 12
309 2034 391 2079 Od.
425 2038 449 2078 λ
481 2039 578 2079 621.
641 2035 691 2079 Il.
724 2052 749 2078 τ
782 2040 864 2079 132
1031 2040 1084 2078 13
1131 2035 1182 2079 Il.
1217 2052 1237 2079 ε
1270 2039 1354 2079 385
1373 2050 1438 2091 sq.
1503 2034 1558 2078 cf.
1593 2048 1664 2090 ep.
1700 2038 1825 2077 1186.

206 2099 260 2138 17
308 2094 457 2138 Amm.
483 2094 589 2137 XVI
623 2099 691 2149 12,
717 2099 741 2137 2

328 2246 381 2285 18
429 2242 603 2300 λαβὼν]
645 2242 819 2316 ταύτην
857 2242 940 2299 τὴν
980 2241 1177 2300 μετοχὴν
1217 2241 1515 2286 ἀναπόδοτον
1554 2240 1678 2285 εἰασε
1717 2240 1797 2285 διὰ
1835 2241 1887 2285 τὸ

206 2299 509 2375 ἠναγκάσθαι
540 2300 686 2344 πολλὰ
717 2300 799 2346 διὰ
827 2299 966 2359 μέσου
992 2301 1152 2346 εἰπεῖν.
1215 2300 1333 2345 οὕτω
1367 2299 1419 2345 δὲ
1449 2300 1530 2344 καὶ
1551 2298 1889 2356 Ἀριστείδης

207 2358 423 2415 ἐποιησεν
455 2360 520 2411 εἰς
550 2359 631 2404 τὸν
671 2360 990 2417 πανηγυρικὸν
1022 2359 1072 2404 ἐν
1103 2357 1285 2419 Κυζίκῳ
1317 2359 1423 2415 περὶ
1453 2365 1535 2403 τοῦ
1568 2366 1684 2403 ναοῦ
1723 2359 1885 2403 εἰπών·

324 2497 351 2534 4
392 2491 647 2548 ἐγεώργουν
678 2493 802 2536 inser
831 2493 883 2536 1⁸
925 2496 929 2548 Ι
972 2492 1055 2550 μὲν
1086 2492 1261 2536 inserui
1298 2505 1322 2535 e
1355 2492 1578 2536 VUIBM
1708 2494 1734 2533 5
1766 2488 1888 2544 ὥρας

210 2551 256 2594 Β
286 2551 291 2605 Ι
318 2549 375 2593 τὰ
408 2551 518 2606 ἔργα
552 2564 576 2594 e
607 2568 669 2595 τω
703 2551 817 2608 ἔργω
851 2566 952 2595 corr
981 2551 1050 2595 A²
1170 2556 1196 2594 8
1227 2550 1431 2609 ὕπαρχοι
1456 2551 1603 2607 ῘῙΠΙΙ
1619 2548 1828 2624 ’,ἐντολὴν
1850 2550 1895 2593 V

284 2613 335 2651 11
383 2608 542 2663 πράως
572 2610 803 2654 ΑΡΙΒΜ
840 2613 845 2666 Ι
887 2612 994 2667 post
1033 2610 1236 2666 ἐνεγκεῖν
1276 2622 1455 2653 comma
1495 2608 1652 2665 posui,
1691 2609 1744 2650 ut
1774 2608 1887 2652 κάν-

206 2670 365 2710 ταῦθα
391 2693 445 2698 -
472 2667 635 2722 κέρδος
664 2669 995 2723 parentheseos
1027 2669 1128 2712 loco
1161 2669 1222 2712 sit
1344 2673 1398 2710 12
1429 2669 1538 2723 post
1567 2666 1731 2722 κέρδος
1760 2666 1887 2709 lacu-

207 2739 316 2768 nam
348 2739 441 2780 qua
473 2725 744 2782 ἀναπέφηνε
776 2727 862 2783 γὰρ
894 2727 1004 2783 ἡμῖν
1034 2727 1108 2771 vel
1140 2727 1290 2770 simile
1320 2726 1532 2782 perierit,
1565 2725 1731 2769 statuit
1760 2725 1828 2768 Re

210 2789 266 2828 14
310 2783 427 2840 ἄρην
453 2785 630 2829 VUIM
778 2791 830 2829 15
872 2786 947 2829 ἐπὶ
979 2787 1021 2829 V
1048 2787 1094 2828 et
1125 2786 1174 2828 in
1204 2799 1280 2828 ras
1311 2784 1368 2827 1²
1519 2788 1572 2827 16
1613 2802 1646 2828 ω
1679 2783 1806 2840 prius
1837 2783 1888 2827 in

207 2873 444 2916 ἀπωλώλει
467 2872 516 2914 in
540 2873 703 2916 rasP³
764 2861 1046 2917 &n‘mzaA
1100 2872 1471 2917 ἀποιώκειοΠΒ
1497 2872 1587 2915 edd
1702 2876 1755 2914 17
1781 2871 1896 2916 εὲν

272 2935 325 2975 18
358 2927 505 2988 οἶμαι]
539 2930 712 2988 οἴχεται
743 2931 816 2975 vel
849 2930 951 2991 ᾔειῗ
