2060 3162
259 91 367 144 402
794 90 1021 134 LIBANH
1051 89 1276 134 ORATIO
1307 90 1412 134 XIX

265 229 471 298 στηρίῳ
511 227 578 279 τὰ
617 227 709 279 διὰ
746 235 857 279 τῶν
895 227 1206 296 κεραμίδων
1238 227 1535 296 τραύματα,
1573 228 1703 289 τοὺς
1734 227 1794 279 δὲ
1823 227 1947 295 ἠσε-

262 318 495 384 βηκότας
540 316 738 368 πολλαὶ
787 315 923 384 πρὸς
968 315 1069 383 τὴν
1114 317 1300 383 θήραν
1344 314 1490 382 ὁδοί,
1539 317 1853 384 κατήγοροι·
1883 315 1944 368 δὲ

263 404 515 473 ἀλλήλων
554 405 606 457 οἱ
646 406 1116 472 συνασεβήσαντες
1156 403 1424 472 ἀλλήλους
1465 424 1522 456 τε
1557 402 1647 456 καὶ
1686 404 1752 456 τὰ
1781 403 1943 472 ἀλλή-

262 493 637 555 λωνέῑδότες.
714 493 804 545 καὶ
849 493 1013 561 ταχύς
1059 511 1117 545 τε
1162 492 1252 545 καὶ
1299 493 1476 561 σαφὴς
1528 491 1619 545 καὶ
1669 492 1866 563 ῥᾷστος
1912 492 1943 546 ὁ

215 602 235 634 5
261 582 494 650 ἔλεγχος.
572 581 657 633 37.
701 579 813 634 ἔδει
853 581 920 649 δὴ
959 574 1208 650 χωρίζειν
1245 583 1374 644 τοὺς
1412 580 1770 650 εἰλημμένους
1807 583 1944 635 κατὰ

170 682 212 725 R
236 686 320 726 642
371 670 431 722 τὸ
471 679 582 722 τῶν
622 669 969 738 ἀδικημάτων
1015 668 1228 740 μέτρον.
1261 670 1299 738 Ι
1363 668 1510 722 τοῦτ’
1541 666 1644 723 οὗν
1683 669 1942 738 ἐγίγνετο.

258 756 372 811 ἔδει
411 767 610 828 χωρεῖν
649 759 824 821 εὐθὺς
855 756 940 811 ἐπὶ
972 759 1073 827 τὴν
1104 767 1215 811 τῶν
1244 757 1630 828 πονηροτέρων
1660 761 1941 827 τιμωρίαν.

258 845 348 900 καὶ
387 855 551 900 τοῦτο
591 849 787 900 τοίνυν
826 846 1115 916 ἐπράττετο
1166 857 1278 900 τῶν
1315 844 1416 913 μὲν
1454 845 1600 916 ξίφει
1644 849 1941 917 πεσόντων,

257 944 370 988 τῶν
421 936 482 988 δὲ
529 934 665 1005 πυρὶ
712 937 805 998 τὰς
859 937 1035 1004 ψυχὰς
1089 935 1382 1005 ἀφιέντων,
1437 945 1548 989 τῶν
1603 933 1663 988 δὲ
1714 939 1942 1003 στόμασι

193 1048 235 1080 ιο
258 1026 476 1094 θηρίων
531 1022 983 1092 δαπανηθέντων,
1046 1026 1206 1088 ἔσωζε
1261 1020 1321 1077 δὲ
1375 1021 1507 1076 οὐδὲ
1560 1027 1690 1086 τοὺς
1741 1026 1939 1094 κομιδῆ

257 1114 454 1175 παῖδας
498 1120 661 1165 τοῦτο
709 1113 866 1180 αὐτό,
921 1111 1038 1165 ἀλλ’
1068 1108 1138 1181 ἦν
1188 1113 1374 1174 αὐτοῖς
1415 1112 1722 1181 ἀνωφελής,
1771 1114 1842 1175 ὡς
1880 1112 1942 1166 ἐν

257 1202 617 1270 τηλικούτοις,
657 1202 685 1255 ὁ
725 1210 836 1254 τῶν
876 1200 1013 1254 ἑτῶν
1046 1201 1295 1270 ἀριθμός.
1358 1201 1386 1253 ὁ
1421 1198 1481 1253 δὲ
1512 1202 1583 1269 μὴ
1617 1203 1749 1264 δοὺς
1781 1203 1943 1270 δίκην

258 1290 390 1343 οὐδὲ
442 1291 690 1359 ἠδικήκει
743 1298 1024 1359 πανταχοῦ
1079 1298 1178 1343 τοῦ
1234 1290 1549 1354 δικάζοντος
1601 1291 1780 1353 ἰόντος
1829 1299 1944 1353 τοῖς

258 1383 543 1447 λογισμοῖς
580 1380 681 1447 τὴν
721 1379 1005 1447 ἀκρίβειαν
1045 1377 1251 1450 ἑκάστῳ
1289 1379 1690 1448 προσάγοντος,
1733 1379 1804 1442 ὡς
1842 1399 1942 1448 μη-

191 1491 234 1524 15
260 1469 438 1535 δαμοῦ
479 1467 713 1536 τάληθὲς
751 1469 1056 1537 ἡττηθῆναι
1095 1468 1342 1536 μηδενός.

369 1556 453 1609 38.
493 1555 710 1620 Σκέψαι
741 1557 827 1625 δή,
866 1559 1111 1624 βασιλεῦ,
1150 1558 1205 1609 τί
1242 1565 1417 1608 ποιῶν
1449 1555 1534 1608 ἐπὶ
1566 1557 1783 1618 τούτοις
1812 1559 1942 1618 τοὺς

257 1644 619 1708 ἐπαινοῦντας
665 1644 814 1710 ἕξεις.
890 1644 1011 1714 ἐμοὶ
1050 1646 1150 1712 μὲν
1188 1646 1291 1714 γὰρ
1333 1646 1513 1707 δοκεῖς
1552 1645 1739 1714 ἀρκεῖν
1776 1645 1940 1714 ἡγού-

255 1753 418 1801 μενος
467 1735 528 1787 τὸ
584 1733 765 1802 μηκέτ’
797 1730 939 1787 εἶναι
992 1724 1200 1802 μηδένα
1248 1743 1360 1786 τῶν
1405 1732 1555 1786 ταῦτ’
1587 1734 1940 1801 ἠδικηκότων.

375 1921 401 1959 8
432 1916 494 1960 Io.
522 1915 680 1971 Chrys.
706 1916 827 1960 hom.
853 1916 917 1959 ΠΙ
947 1931 991 1972 p.
1018 1922 1074 1960 45
1094 1915 1126 1959 C

378 2090 431 2128 17
465 2086 636 2143 δοκεῖς]
671 2084 790 2137 ἕξειν
820 2086 929 2136 τοὺς
961 2085 1269 2137 ἐπαινοῦντας
1300 2083 1514 2141 δηλονότι
1556 2084 1622 2128 V²

379 2253 400 2292 1
436 2265 490 2306 γρ
516 2248 638 2293 ἔνθα
669 2247 726 2291 τὰ
758 2247 859 2290 Mor
894 2247 900 2305 Ι
936 2246 1001 2297 εἷς
1033 2247 1082 2290 δὲ
1114 2247 1223 2296 τοὺς
1253 2244 1535 2305 ἠσεβηκότας
1567 2246 1670 2289 coni
1701 2246 1814 2300 Mor,
1847 2254 1940 2290 τῶν

257 2307 308 2351 δὲ
340 2305 633 2366 ἠσεβηκότων
667 2306 754 2350 Sav
890 2311 914 2349 2
946 2306 1106 2350 πολλοὶ
1143 2307 1184 2349 Τ
1216 2306 1221 2363 Ι
1259 2305 1417 2360 θύραν
1450 2318 1474 2348 e
1507 2306 1580 2349 Pa
1613 2305 1716 2348 coni
1747 2305 1878 2349 Boiss

259 2371 284 2409 3
317 2365 362 2410 οἱ
393 2365 787 2425 συνασεβήσαντες
816 2366 851 2408 Ι
876 2365 957 2409 sed
990 2382 1006 2408 ι
1039 2379 1208 2408 συνασε
1239 2364 1287 2407 in
1311 2378 1386 2408 ras
1409 2363 1479 2407 m²
1562 2363 1607 2408 οὶ
1639 2379 1746 2409 συνε
1779 2378 1826 2408 σε
1859 2363 1937 2422 βή-

260 2439 421 2475 σαντες
468 2440 571 2469 cum
603 2430 629 2468 2
669 2424 848 2468 lacunis
889 2423 1178 2479 singularum
1215 2423 1478 2467 litterarum
1520 2424 1566 2478 Ο,
1614 2423 1694 2466 sed
1727 2440 1756 2465 α
1798 2436 1940 2478 supra,

258 2500 279 2527 ε
312 2486 371 2541 (1)
404 2498 488 2540 pos
511 2499 545 2528 ‘n
695 2489 720 2527 5
753 2482 804 2528 δὲ
830 2485 892 2527 M
1039 2486 1063 2524 6
1094 2483 1146 2526 τὸ
1178 2483 1302 2526 inser
1335 2483 1456 2527 ΟΠ]2
1491 2485 1496 2538 Ι
1530 2489 1665 2526 τοῦτο
1689 2482 1938 2526 PVBadB

256 2542 359 2585 Mor
498 2549 521 2586 7
554 2550 771 2600 πονηρῶν
805 2543 848 2587 V
983 2545 1009 2584 8
1042 2549 1128 2586 νῦν
1159 2542 1260 2585 Mor
1292 2544 1338 2585 et
1368 2559 1423 2598 γρ
1457 2542 1544 2585 Sav
1689 2545 1742 2584 10
1775 2540 1937 2592 ἔσωζεν

258 2600 368 2646 οὐδὲ
392 2603 599 2646 PBadU
715 2606 768 2645 11
799 2597 925 2644 τοῦτ’
954 2600 1056 2644 Mor
1079 2601 1146 2644 Re
1174 2602 1179 2658 Ι
1207 2602 1442 2656 ἀνωφελὲς
1471 2600 1579 2644 Flor
1605 2600 1611 2658 1
1639 2600 1700 2651 ὡς
1731 2613 1805 2643 om
1828 2599 1939 2643 Bad

262 2661 266 2718 Ι
303 2660 353 2705 ἐν
383 2668 481 2712 τοῖς
511 2660 795 2717 τηλικούτοις
826 2660 935 2703 Bad
1115 2664 1169 2702 13
1207 2664 1466 2717 πανταχοῖῗ
1649 2663 1702 2701 14
1742 2658 1822 2701 καὶ
1851 2657 1935 2713 τὴν

266 2719 416 2764 VBad
447 2719 535 2762 Sav
574 2722 621 2763 et
659 2720 764 2763 coni
796 2719 863 2762 Re
920 2718 926 2776 1
982 2718 1297 2776 προσάγοντος
1328 2719 1374 2762 Ρ
1416 2719 1497 2762 sed
1533 2734 1583 2769 ος
1624 2718 1673 2760 in
1702 2730 1777 2760 ras
1808 2715 1877 2758 m²

261 2782 315 2822 15
347 2778 563 2836 μηδενός]
587 2777 731 2835 μηδὲν
754 2778 797 2822 V
851 2780 1070 2834 μηδαμῶς
1095 2779 1203 2822 Bad
1235 2780 1282 2821 et
1305 2795 1358 2834 γρ
1375 2777 1476 2821 Mor
1597 2781 1650 2820 16
1682 2775 1874 2826 τούτους
1901 2775 1942 2818 Τ

320 2841 373 2881 17
407 2835 628 2888 ἐπαίνους
658 2837 760 2881 Mor
783 2836 873 2880 Sav
904 2837 985 2880 sed
1017 2836 1066 2879 in
1097 2836 1184 2880 hoe
1216 2854 1271 2893 γρ
1297 2837 1605 2887 ἐπαινοῦντας
1777 2837 1831 2877 18
1862 2834 1932 2890 τὸ]

261 2903 323 2939 τῶ
356 2897 465 2940 Bad
