2054 3140
703 86 932 145 LIBANH
964 99 1186 145 ORATIO
1218 100 1303 144 ΧΠ
1793 102 1860 154 19

177 240 347 308 σοφίᾳ
377 238 465 290 καὶ
493 238 696 306 λόγοις,
730 236 873 289 οὕτω
908 236 969 290 δὲ
999 238 1301 305 ψηφίζομαι
1333 237 1481 304 παρὰ
1512 244 1613 290 σοῦ
1639 238 1854 306 μαθών,

176 324 218 381 ὦ
258 329 503 395 βασιλεῦ,
541 333 641 378 τοῦ
680 324 1044 395 προτιθέντος
1083 325 1116 378 ἃ
1147 325 1345 394 μαθὼν
1384 327 1524 394 ἔχεις
1563 321 1642 378 ὧν
1673 326 1856 395 ἄρχεις

174 415 371 469 ἐθνῶν.
449 414 532 466 30.
589 414 736 484 ὁρῶν
779 412 829 466 δ’
869 414 954 467 ὅτι
1009 413 1267 484 ῥητορικὴ
1315 411 1417 483 μὲν
1462 415 1563 482 τὴν
1609 415 1746 484 πρὸς
1791 414 1858 466 τὰ

172 505 358 571 πλήθη
398 503 576 556 πειθὼ
616 503 957 573 δημιουργεῖ,
1005 504 1310 571 φιλοσοφία
1357 502 1418 555 δὲ
1455 501 1582 572 περὶ
1619 511 1731 555 τῶν
1769 517 1857 555 σε-

171 591 453 661 μνοτέρων
492 590 698 644 εἰδέναι
743 599 912 659 ποιεῖ,
958 589 1050 644 καὶ
1095 593 1327 660 νομίσας
1373 592 1587 660 δεινόν,
1639 592 1686 644 εἰ
1731 591 1857 661 περὶ
1903 612 1923 645 5

172 681 272 749 μὲν
310 690 421 734 τῶν
468 681 667 743 ἱκανῶς
707 679 1032 748 διαλέξεται,
1080 681 1146 732 τὰ
1183 683 1343 747 μείζω
1385 677 1445 733 δὲ
1497 679 1599 733 οὐκ
1637 685 1857 748 εἴσεται,

177 777 416 838 συνῆγεν
463 767 772 838 ἀμφοτέρας
827 769 917 821 καὶ
975 769 1402 838 συνεκεράννυε,
1453 766 1459 840 Ι
1509 770 1611 837 τὴν
1652 765 1752 836 μὲν
1798 781 1966 825 R376‘

174 858 429 911 διάνοιαν
458 856 806 926 ὑψηλοτέραν
838 867 1015 910 ποιῶν
1045 866 1109 927 τῇ
1141 866 1252 910 τῶν
1284 858 1566 927 οὐρανίων
1602 860 1859 926 μαθήσει,

169 947 270 1014 τὴν
317 947 378 1000 δὲ
433 950 679 1015 γλῶτταν
726 947 803 1009 εἰς
849 947 1061 1015 δρόμον
1109 946 1294 999 ἀσκῶν
1339 954 1404 1016 τῇ
1451 956 1562 999 τῶν
1609 946 1858 1016 ῥητόρων

169 1034 368 1106 ὁμιλίᾳ.
444 1035 530 1088 31.
585 1037 762 1088 καίτοι
815 1036 897 1098 τίς
951 1035 1053 1088 οὐκ
1107 1033 1177 1088 ἂν
1230 1034 1505 1105 ἀρκούσας
1557 1035 1856 1103 ὑπολαβὼν
1880 1056 1923 1089 10

173 1125 248 1187 εἰς
284 1124 645 1192 εὐδαιμονίαν
676 1123 928 1193 ἀφορμὰς
960 1124 1060 1176 τὸν
1089 1122 1313 1193 πατέρα,
1352 1125 1451 1176 τὸν
1482 1124 1723 1192 πάππον,
1761 1124 1859 1177 τὸν

170 1218 355 1282 θεῖον,
404 1214 504 1266 τὸν
550 1212 806 1282 ἀνεψιόν,
854 1213 952 1266 τὸν
998 1212 1262 1282 ἀδελφόν,
1308 1214 1403 1275 τὰς
1451 1213 1543 1265 διὰ
1587 1213 1649 1265 τὸ
1697 1211 1859 1281 γένος

171 1302 329 1371 τιμὰς
366 1303 456 1355 καὶ
494 1303 793 1372 θεραπείας
833 1300 922 1354 καὶ
961 1304 1263 1367 κολακείας,
1305 1300 1515 1355 ἐσθίων
1552 1300 1643 1355 καὶ
1680 1303 1859 1355 πίνων

170 1389 261 1443 καὶ
313 1391 612 1444 καθεύδων
666 1389 968 1444 διετέλεσεν
1024 1388 1111 1443 ἐπὶ
1165 1396 1351 1462 μισθῷ
1407 1399 1522 1453 τοῖς
1577 1390 1859 1459 δεομένοις

171 1489 470 1549 συμμαχῶν
507 1480 597 1532 καὶ
635 1480 957 1548 προστιθεὶς
996 1478 1187 1548 ἀγροῖς
1225 1479 1455 1549 ἀγρούς,
1502 1486 1687 1551 χρυσῷ
1727 1499 1856 1548 χρυ·
1881 1499 1922 1533 15

171 1569 287 1636 σόν,
325 1569 490 1636 σκεύη
524 1568 757 1636 σκεύεσι,
788 1569 959 1621 τᾶλλα
990 1576 1106 1630 τοῖς
1137 1569 1347 1631 ἄλλοιςς
1387 1566 1506 1620 ἀλλ’
1546 1568 1646 1636 οὐχ
1679 1563 1855 1630 οὗτος.

173 1655 257 1708 32.
312 1654 429 1708 ἀλλ’
468 1655 708 1710 ἐπαινῶν
751 1653 1115 1724 Ἀναξαγόρου
1170 1657 1231 1709 τὸ
1285 1657 1386 1725 τὴν
1440 1656 1542 1725 μὲν
1593 1655 1852 1727 πατρῴαν

173 1752 278 1812 γῆν
317 1746 566 1813 ἄσπορον
604 1744 844 1814 ἀφεῖναι,
893 1746 994 1812 τὴν
1032 1746 1217 1813 ψυχὴν
1256 1741 1317 1797 δὲ
1357 1746 1434 1807 εἰς
1473 1747 1716 1815 καρποὺς
1754 1763 1854 1797 πα-

172 1833 503 1903 ρασκευάσαι
557 1841 667 1886 τῶν
720 1833 821 1902 μὲν
873 1832 1083 1902 ἠμέλει,
1136 1834 1238 1901 τὴν
1292 1833 1353 1886 δὲ
1407 1833 1710 1903 ἐθεράπευε
1762 1831 1853 1886 καὶ

173 1923 438 1990 κτήματος
478 1920 599 1983 ἑνὸς
638 1920 899 1992 ἀμετρίαν
937 1921 1246 1990 θαυμάσας,
1287 1921 1353 1974 οὐ
1392 1923 1497 1992 γὰρ
1538 1922 1851 1991 ἀποκρύψο-
1878 1944 1921 1976 20

169 2030 283 2079 μαι,
315 2012 503 2077 βιβλία
534 2010 712 2062 πάντα
743 2012 1094 2080 πανταχόθεν
1126 2008 1399 2073 ἐξείλκυσε
1431 2008 1522 2063 καὶ
1552 2011 1619 2063 τὰ
1641 2018 1853 2079 ταμιεῖα

170 2099 566 2167 διηρευνήσατο
606 2099 818 2151 τούτων
856 2102 1067 2168 μᾶλλον
1105 2098 1138 2168 ἢ
1176 2100 1242 2151 τὰ
1277 2108 1389 2152 τῶν
1420 2100 1712 2170 χρημάτων
1743 2097 1852 2152 ἕτε-

171 2207 271 2253 ροι.
349 2187 434 2240 33.
491 2189 827 2256 φιλοσοφίας
866 2187 927 2240 δὲ
966 2187 1210 2257 ἡμμένον
1247 2186 1337 2240 καὶ
1377 2187 1464 2241 ἐπὶ
1503 2189 1600 2241 τὸν
1643 2186 1853 2256 ἐκείνης

290 2427 341 2465 17
374 2421 509 2479 Diog.
543 2421 591 2464 L.
616 2421 659 2465 Π
684 2426 726 2476 3,
751 2426 776 2465 2

288 2618 313 2657 3
361 2611 577 2670 ῥητορικὴ
610 2639 664 2644 -
698 2617 723 2656 5
755 2619 882 2656 ποιεῖ
918 2612 1033 2656 citat
1063 2612 1233 2657 Macar.
1267 2612 1345 2656 fol.
1379 2617 1435 2656 88
1586 2617 1611 2656 5
1658 2609 1851 2669 νομίσας

171 2668 290 2716 εἶναι
315 2670 471 2718 δεινόν
490 2673 535 2716 Β
627 2684 630 2688 ’
656 2676 681 2715 6
712 2678 804 2715 τῶν
836 2669 1164 2731 (ἐλαττόνων)
1190 2672 1294 2716 coni
1317 2672 1385 2716 Re
1413 2675 1418 2730 Ι
1448 2671 1616 2722 ἱκανῶς
1646 2667 1771 2715 inser
1791 2672 1851 2715 1³

177 2731 182 2790 Ι
210 2729 257 2776 δ’
284 2731 352 2775 Re
473 2736 528 2774 10
559 2747 628 2781 τις
650 2730 718 2774 Re
841 2735 894 2773 16
926 2727 1126 2775 τᾶλλαΑ
1154 2733 1160 2787 Ι
1189 2731 1342 2783 ἄλλοις
1364 2728 1462 2775 ἀλλ’
1491 2731 1559 2774 Re
1682 2735 1734 2773 17
1759 2746 1849 2773 πα-

169 2790 321 2846 τρώαν
345 2791 486 2835 ΑΒΡ
515 2789 596 2834 sed
626 2789 676 2833 in
699 2789 786 2833 hoc
818 2806 835 2833 ι
867 2789 1037 2833 subscr.
1063 2790 1134 2833 m³
1256 2795 1308 2833 19
1342 2788 1386 2835 δ’
1412 2790 1480 2833 Re
1508 2792 1514 2845 1
1542 2790 1621 2833 καὶ
1643 2789 1768 2833 inser
1793 2788 1853 2833 Cf

228 2862 302 2892 om
324 2849 468 2893 APV
580 2852 636 2891 20
667 2848 750 2905 τὴν
774 2846 996 2905 ἀμετρίαν
1019 2848 1087 2891 Re
1208 2854 1262 2892 22
1299 2849 1475 2892 τούτων
1507 2849 1669 2905 scripsi
1693 2862 1719 2891 e
1754 2849 1796 2893 V

169 2914 312 2951 ταῦτα
343 2907 511 2962 reliqui
541 2907 650 2951 libri
682 2907 773 2951 edd
894 2912 948 2950 23
980 2907 1061 2951 τὸν
1093 2920 1232 2963 supra
1262 2915 1353 2951 τῶν
1388 2909 1447 2951 M
1457 2907 1474 2931 ²

1527 2981 1582 3023 2*
