2060 3162
673 105 902 149 LIBANII
933 103 1157 149 ORATIO
1188 104 1295 149 XIX
1720 103 1830 156 403

142 244 190 296 εἰ
228 240 329 310 μὲν
376 243 480 311 γὰρ
527 237 598 309 ἧν
642 244 885 304 πολλοὺς
930 241 1210 302 θανάτους
1256 239 1566 293 ἀποθανεῖν
1612 239 1831 308 ἅνθρω-

141 349 267 400 πον,
316 328 477 384 τοῦθ’
507 331 645 399 ἡμᾶς
694 327 807 382 ἔδει
852 339 1056 382 ποιεῖν·
1106 329 1309 381 τούτου
1357 328 1419 381 δὲ
1466 326 1642 381 οὐκέτ’
1673 329 1833 390 ὄντος

142 421 256 491 ὥρα
293 420 616 472 παύσασθαι
656 426 751 487 τῆς
790 418 971 488 ὀργῆς.
1050 417 1135 470 39.
1176 418 1248 486 μὴ
1289 418 1393 487 γὰρ
1434 418 1502 486 δὴ
1541 425 1653 470 τῶν
1689 421 1831 486 θρυ-

143 507 427 575 λουμένων
461 507 635 577 μηδὲν
667 508 744 570 εἰς
775 509 942 577 ἔργον
973 508 1145 559 ἔλθοι.
1207 507 1332 558 τίνα
1366 507 1434 574 δὴ
1473 503 1621 558 ταῦτ’
1654 503 1830 570 ἔστιν;

142 598 198 650 οἱ
246 597 348 663 μὲν
402 597 478 659 εἰς
533 595 786 666 ἁρπαγὴν
841 605 954 648 τῶν
1007 597 1186 648 ὄντων
1241 592 1488 656 ἑκάστοις
1541 595 1833 664 χρημάτων
1878 613 1897 646 5

140 684 314 754 φασὶν
345 684 652 754 ἐπαφήσειν
684 699 746 737 σε
779 684 1129 754 στρατιώτας,
1170 684 1222 736 οὶ
1263 681 1314 735 δ’
1346 681 1436 736 ἐπὶ
1476 684 1691 752 σφαγὰς
1721 692 1833 736 τῶν

140 772 379 843 ἐχόντων
432 775 534 843 τὴν
587 776 770 844 πόλιν,
832 774 884 825 οἱ
941 770 1002 825 δὲ
1060 773 1151 825 διὰ
1213 770 1486 839 μεγέθους
1538 772 1833 840 καταδίκης

140 862 473 931 ἀμυνεῖσθαι
512 863 613 932 τὴν
651 862 835 932 ὕβριν,
876 862 934 915 oc
970 858 1030 914 δὲ
1070 862 1255 930 αἵματι
1302 869 1414 913 τῶν
1454 859 1515 912 έν
1552 868 1616 930 τῇ
1655 863 1832 930 βουλῇ

139 950 590 1020 γνωριμωτέρων.
682 950 769 1003 40.
833 949 939 1020 ἐγὼ
995 950 1057 1003 δὲ
1112 951 1250 1018 πρὸς
1302 950 1503 1011 ταύτας
1556 947 1834 1018 ἐμαχόμην

138 1041 234 1103 τὰς
273 1040 434 1103 δόξας
473 1040 573 1093 οὐκ
612 1038 818 1093 εἰδέναι
859 1036 919 1092 σὲ
958 1038 1136 1106 λέγων
1182 1040 1312 1101 τοὺς
1351 1039 1416 1091 τὰ
1454 1045 1680 1090 τοιαῦτα
1720 1038 1832 1090 οῑο-
1855 1057 1899 1090 ιο

141 1128 356 1197 μένους.
429 1128 512 1181 ὅτι
544 1125 646 1197 μὲν
677 1130 781 1197 γὰρ
818 1128 919 1197 οὐχ
951 1127 1161 1196 ἀπάσης
1191 1127 1253 1179 τὸ
1287 1129 1454 1196 ἔργον
1484 1133 1579 1194 τῆς
1609 1128 1833 1194 πόλεως,

141 1217 382 1285 ἤκουσας
429 1217 815 1285 διηγουμένου.
892 1217 1100 1279 πάντας
1146 1211 1250 1268 οὖν
1297 1215 1677 1284 ἀποθνήσκειν
1722 1221 1832 1267 ποῦ

143 1306 361 1359 δίκαιον
410 1306 540 1368 τούς
577 1325 661 1374 τε,
710 1306 799 1359 ὅτε
851 1313 1021 1358 ταῦτα
1060 1304 1418 1374 ἡμαρτάνετο,
1464 1300 1601 1372 μηδὲ
1647 1302 1835 1371 ἐπιδη-

140 1402 379 1463 μοῦντας
431 1395 561 1457 τούς
606 1414 664 1447 τε
711 1396 858 1466 νόσῳ
904 1392 1316 1462 πεπεδημένους
1361 1393 1493 1455 τούς
1538 1412 1620 1459 τε,
1672 1393 1720 1444 εἰ
1758 1393 1832 1460 μή
1856 1414 1900 1445 14

141 1503 222 1546 τις
261 1483 464 1546 αὐτοὺς
503 1483 834 1551 ἀποκτείνοι,
873 1491 988 1545 τοῖς
1022 1481 1028 1554 Ι
1063 1487 1220 1544 θεοῖς
1260 1483 1473 1544 εἰδότας
1511 1481 1696 1550 χάριν;
1771 1493 1814 1536 Β,
1835 1497 1920 1538 643

251 1572 339 1624 41.
394 1570 580 1624 Ἀλλὰ
640 1573 764 1640 μὴν
824 1571 931 1624 καὶ
984 1569 1291 1639 γυναιξὶν
1345 1572 1527 1623 ἔστιν
1581 1571 1832 1622 ἔπιπλα.

143 1669 409 1728 γυναῖκας
464 1659 514 1712 δ’
546 1658 665 1713 οὐδ’
698 1659 768 1712 ἂν
815 1653 893 1722 εἷς
943 1663 1080 1728 φαίη
1127 1657 1511 1728 μετεσχηκέναι
1557 1665 1657 1710 τοῦ
1708 1661 1831 1711 τολ-

264 1855 318 1894 12
350 1851 480 1895 Dem.
514 1851 573 1894 ad
604 1850 827 1894 Pantaen.
863 1855 887 1904 ξ
913 1854 968 1893 42
1000 1865 1044 1907 p.
1072 1854 1171 1903 978,
1192 1854 1246 1892 14

261 2034 318 2083 12
346 2029 461 2087 ποῦ]
492 2026 585 2072 τίνι
616 2026 771 2086 τρόπῳ
803 2029 913 2073 Bad

262 2213 284 2251 1
318 2209 503 2259 πολλοῖς
531 2205 763 2257 θανάτοις
794 2207 904 2251 Bad
927 2205 1029 2250 Mor
1202 2210 1226 2248 2
1260 2205 1345 2249 οὐκ
1377 2201 1443 2249 ἔτ’
1471 2206 1518 2249 Ρ
1604 2205 1689 2248 οὐκ
1721 2205 1832 2249 Bad

143 2265 231 2310 Sav
353 2271 378 2310 3
409 2266 679 2310 παύσεσθαι
710 2267 783 2310 Ρα
812 2266 842 2368 A
873 2263 1208 2340 θρυλουμένων
1240 2264 1406 2320 scripsi
1437 2277 1462 2307 e
1495 2263 1631 2309 CAV
1683 2265 1830 2319 θρυλ-

140 2324 376 2381 λουμένων
407 2325 577 2382 reliqui
607 2324 718 2368 libri
751 2325 809 2368 ed
965 2329 990 2368 6
1022 2340 1066 2368 οι
1090 2321 1137 2369 δ’
1167 2324 1280 2367 VIB
1312 2323 1421 2367 Flor
1482 2322 1526 2366 οἳ
1551 2320 1596 2366 δ’
1625 2322 1720 2367 ΑΡ
1748 2323 1830 2366 sed

141 2384 190 2427 in
223 2384 312 2428 hoc
344 2385 394 2428 in
426 2383 479 2428 οἵ
496 2381 544 2429 δ’
581 2398 682 2428 corr
704 2384 774 2427 m³
939 2387 965 2427 8
997 2384 1282 2439 ἀμυνεῖσθαι
1315 2382 1479 2438 scripsi
1511 2394 1536 2424 e
1576 2382 1650 2425 VI
1675 2381 1831 2425 sedin

140 2443 228 2487 hoc
258 2451 303 2488 εἴ
330 2444 380 2486 in
402 2457 479 2487 ras
502 2443 586 2498 ιη’,
611 2443 721 2488 ΒΜ
778 2443 1043 2500 ἀμκόνεσθαι
1067 2443 1178 2487 Βαά
1199 2442 1302 2486 Mor
1362 2441 1636 2498 ἀμκύνασθαι
1658 2440 1831 2496 reliqui

140 2502 251 2546 libri
281 2502 351 2545 Re
502 2507 527 2545 9
560 2501 924 2559 γνωριμωτάτων
954 2502 1058 2545 Mor
1079 2501 1148 2545 Re
1299 2505 1354 2544 10
1393 2498 1536 2573 λέγων
1568 2513 1644 2543 om
1675 2501 1786 2544 Bad
1819 2498 1827 2558 Ι

141 2561 199 2605 τὰ
231 2575 306 2605 om
332 2562 376 2605 V
491 2565 543 2604 11
576 2561 629 2605 τὸ
662 2561 796 2618 ἔργον
827 2562 877 2604 in
899 2574 1034 2618 marg
1058 2559 1126 2605 ΒΞ
1249 2564 1301 2603 12
1336 2559 1541 2610 ἄκουσας
1572 2558 1688 2616 ἔχεις
1719 2559 1830 2603 Bad

145 2622 151 2676 1
185 2627 285 2670 πῶς
308 2619 453 2664 Cobet
475 2619 697 2664 MnemV
715 2624 798 2663 137
825 2619 1070 2677 (0011117)
1103 2621 1154 2662 at
1185 2619 1241 2663 ef.
1266 2634 1311 2675 p.
1332 2621 1432 2672 387,
1451 2622 1506 2661 14
1531 2618 1579 2662 et
1600 2617 1729 2661 Dem.
1748 2617 1777 2661 1.
1796 2617 1826 2660 l.

204 2683 258 2723 13
289 2677 612 2735 ἡμαρτάνοντο
638 2679 683 2723 V
717 2679 723 2737 Ι
757 2677 817 2735 μὴ
843 2677 895 2723 δὲ
918 2679 1241 2724 APVITBM
1297 2675 1441 2733 μηδὲν
1471 2675 1580 2720 Flor
1700 2681 1756 2720 14
1788 2675 1838 2720 εἴ

143 2754 213 2787 τις
243 2737 345 2782 Mor
377 2738 459 2781 sed
490 2754 545 2795 γρ
570 2737 612 2782 εἰ
634 2736 696 2793 μή
717 2754 787 2788 τις
919 2742 972 2781 15
1004 2735 1272 2782 ἀποκτείνοι
1304 2734 1469 2791 scripsi
1500 2748 1525 2778 e
1557 2736 1695 2779 PaM
1723 2734 1826 2779 coll.

144 2798 176 2839 t.
202 2796 224 2840 I
253 2812 298 2852 p.
328 2802 427 2851 153,
446 2801 500 2840 12
592 2793 856 2840 ἀποκτείνει
890 2797 934 2840 V
1017 2794 1270 2854 ἀποκτείνῃ
1302 2794 1474 2850 reliqui
1504 2794 1614 2838 libri
1647 2794 1739 2839 edd

145 2855 395 2900 ἀποκτενεῖ
423 2854 570 2899 Cobet
598 2854 676 2899 1.1.
800 2859 855 2898 16
888 2855 974 2898 οὐκ
1006 2855 1128 2900 ἔστιν
1152 2855 1262 2899 Bad
1294 2853 1396 2898 Mor
1517 2858 1570 2897 17
1596 2852 1647 2898 δὲ
1673 2853 1783 2897 Bad
1817 2853 1823 2910 Ι

143 2911 260 2970 φαίη
293 2928 368 2958 om
394 2915 504 2958 Bad
531 2916 537 2970 Ι
564 2913 849 2970 τολμήματος
880 2912 1004 2958 εἴποι
1035 2915 1145 2958 Bad

1468 2986 1555 3029 26*
