2060 3162
235 117 342 172 548
745 116 974 160 LIBANH
1005 115 1230 160 ORATIO
1262 116 1390 161 xxv

237 254 340 308 οὐκ
358 252 590 306 Ἄδωνιν
622 260 730 305 τοῦ
752 253 1007 321 κάλλους,
1041 253 1142 321 οὐχ
1169 250 1442 322 Ἡρακλέα
1473 261 1567 322 τῆς
1599 253 1923 322 ἀθανασίας,

235 342 373 396 ἀλλά
420 343 670 395 Καλλίαν
723 342 814 394 καὶ
855 339 1047 409 Γύγην
1099 340 1192 394 καὶ
1235 342 1492 411 Κινύραν
1543 343 1633 395 καὶ
1674 344 1926 410 Κροῖσον

235 431 325 484 καὶ
377 433 509 493 τοὺς
561 429 624 484 ἐν
662 428 865 492 Ἰνδοῖς
917 431 1215 499 μύρμηκας.
1291 431 1382 482 καὶ
1430 432 1481 482 εἰ
1531 431 1634 499 μὲν
1684 431 1925 500 λάβοιεν,

236 521 481 588 φαιδροί,
544 521 714 588 φίλου
777 516 866 572 δὲ’
896 517 1182 582 ἀξιοῦντος
1243 515 1305 571 εὖ
1358 524 1564 572 παθεῖν
1626 519 1733 572 ἀπὸ
1797 540 1925 589 χρη-

193 629 212 662 5
235 608 422 675 μάτων
461 609 868 676 σκοτοδινιῶσι,
907 609 997 660 καὶ
1038 608 1067 660 6
1106 607 1209 674 μέν
1246 627 1327 670 τις
1360 607 1544 661 αὐτῶν
1583 607 1855 677 ἐσίγησεν,
1895 608 1925 662 6

237 694 299 750 δὲ
359 697 736 766 ὑποσχόμενος
799 696 1094 764 ἐψεύσατο,
1164 696 1426 766 τρέμουσι
1488 697 1550 750 δὲ
1610 697 1926 767 ἀμφότεροι.

238 785 324 838 24.
365 785 394 839 6
435 782 540 838 οὖν
579 785 702 848 ἑνὸς
736 785 901 839 ’ἕνεκα
941 793 1207 854 στατῆρος
1246 786 1279 854 ἢ
1318 785 1410 838 καὶ
1449 784 1528 839 ἔτι
1565 786 1926 856 σμικροτέρου

236 894 335 927 του
393 876 704 944 φροντίζων
750 894 808 927 τε
854 875 945 927 καὶ
993 874 1247 944 ἁρπάζων
1296 873 1388 927 καὶ
1436 875 1607 941 ὀμνὺς
1653 873 1743 928 καὶ
1794 875 1927 928 ἀπο-

238 973 449 1032 στερῶν
493 962 584 1016 καὶ
624 964 802 1016 πάντα
847 960 950 1032 μὲν
995 967 1230 1031 τολμῶν,
1284 963 1462 1016 πάντα
1509 960 1571 1016 δὲ
1616 963 1927 1032 ὑπομένων,

170 1069 217 1107 ἰο
234 1061 417 1119 μισῶν
470 1072 527 1105 τε
581 1051 671 1104 καὶ
718 1054 1073 1120 μισούμενος,
1136 1054 1337 1121 φίλους
1382 1072 1439 1104 τε
1489 1054 1792 1121 προδιδοὺς
1837 1054 1928 1106 καὶ

240 1142 529 1208 δυσμενεῖς
589 1141 961 1210 ὑπερχόμενος
1022 1140 1112 1194 καὶ
1174 1139 1255 1194 ἔτι
1315 1142 1528 1195 τούτων
1590 1140 1930 1211 ἐλεεινότερα

235 1229 428 1300 φέρων
480 1225 585 1300 ἀρα
642 1230 957 1299 ἐλεύθερος;
1022 1231 1215 1298 ἥκιστά
1269 1250 1347 1298 γε,
1404 1229 1520 1282 ἀλλ’
1559 1230 1930 1299 ἀνδραπόδων

238 1315 340 1387 μὲν
365 1319 528 1381 αὐτὸς
552 1319 622 1371 ἂν
647 1325 730 1387 εἴη
756 1320 1042 1387 δεσπότης,
1068 1327 1280 1388 χρυσοῦ
1307 1316 1366 1371 δὲ
1393 1320 1608 1381 δοῦλος.
1671 1317 1757 1370 25.
1798 1319 1930 1372 οὐδὲ

149 1420 191 1463 R
214 1420 342 1463 1170'
369 1409 473 1477 γὰρ
514 1409 702 1470 Μίδας
759 1408 764 1476 Ι
822 1407 1031 1471 ἐκεῖνος
1069 1407 1098 1460 6
1142 1407 1294 1477 Φρὺξ
1345 1407 1639 1477 ἐλεύθερος
1677 1404 1748 1476 ἦν
1786 1407 1928 1460 οὕτω

173 1508 216 1550 '1⁶
240 1497 490 1564 μεμηνὼς
537 1496 624 1550 ἐπὶ
671 1503 876 1568 χρυσῷ,
931 1498 1068 1550 ὥστε
1115 1495 1412 1565 ἐτεθήρατο
1463 1494 1566 1565 μὲν
1605 1496 1634 1549 6
1676 1497 1932 1565 Σάτυρος

241 1585 407 1658 αὐτῷ,
454 1586 512 1638 οῖ’
547 1582 648 1653 μὲν
688 1586 756 1653 δὴ
797 1591 931 1657 οἴνῳ
972 1588 1160 1654 φασίν,
1210 1586 1263 1638 οἱ
1310 1586 1372 1638 δὲ
1423 1586 1668 1647 δικτύοις
1728 1585 1761 1638 ἃ
1808 1584 1930 1638 ἀνε-

239 1673 481 1727 πέτασαν
519 1671 620 1740 μὲν
660 1676 717 1726 οἱ
752 1673 992 1743 θηραταὶ
1031 1682 1130 1748 τοῦ
1165 1675 1354 1727 Μίδου
1387 1675 1522 1727 κατὰ
1553 1684 1664 1726 τῶν
1694 1676 1929 1743 θηρίων,

242 1764 499 1832 Σάτυρος
549 1763 611 1815 δὲ
656 1763 871 1832 νύκτωρ
920 1764 986 1816 τὰ
1032 1765 1131 1831 ὄρη
1179 1773 1518 1831 περιφοιτῶν
1565 1764 1798 1831 εἴληπτο.
1876 1763 1930 1816 οἱ

242 1848 343 1917 μὲν
382 1852 449 1919 δὴ
491 1851 754 1920 δήσαντες
792 1847 931 1918 ἦγον
975 1852 1036 1905 τὸ
1079 1852 1325 1919 ἄγρευμα
1369 1858 1443 1923 τῷ
1484 1854 1723 1918 βασιλεῖ,
1775 1851 1803 1903 ὁ
1852 1850 1930 1919 δέ,

362 2074 387 2112 3
420 2069 526 2114 Her.
545 2070 609 2113 III
629 2063 710 2113 102
751 2042 754 2044 v
814 2075 866 2114 15
893 2070 1006 2115 Xen.
1025 2070 1172 2114 Anab.
1191 2071 1210 2113 I
1230 2077 1268 2125 1,
1290 2075 1355 2114 13.
1388 2071 1524 2114 Paus.
1543 2071 1563 2113 I
1580 2076 1620 2125 4,
1640 2076 1678 2113 5.
1713 2070 1928 2115 Philostr.

242 2129 320 2172 im.
347 2129 367 2170 I
392 2133 461 2171 22.
494 2130 575 2172 vit.
600 2129 754 2185 Apoll.
773 2129 836 2172 VI
853 2134 907 2172 27
940 2145 984 2185 p.
1011 2135 1110 2174 267.
1145 2130 1201 2173 cf.
1226 2130 1333 2173 Her.
1352 2130 1458 2173 VIII
1478 2134 1561 2173 138

242 2250 381 2258 -—

363 2342 389 2379 2
437 2335 605 2380 κοιλίαν
632 2337 674 2379 Β
703 2339 709 2392 Ι
736 2336 962 2391 κιννύραν
996 2338 1081 2380 Mo
1113 2336 1194 2379 sed
1223 2352 1250 2379 ν
1281 2335 1410 2392 prius
1442 2335 1532 2390 del,
1566 2337 1677 2379 ΒΜ
1795 2340 1821 2377 4
1854 2333 1932 2390 φί-

243 2399 325 2439 λου
368 2398 373 2451 Ι
413 2394 464 2440 δὲ
496 2396 798 2448 ἐπαξιοῦντος
828 2392 879 2438 εὖ
912 2398 1090 2439 παθεῖν
1123 2395 1217 2438 ἀπὸ
1248 2393 1493 2451 χρημάτων
1535 2395 1541 2453 Ι
1585 2398 1932 2439 σκοτοδινιῶσιν

244 2454 448 2498 Koekius
471 2454 542 2498 1.1.
572 2456 578 2509 Ι
606 2455 837 2498 εὐπαθεῖν
863 2454 992 2499 GAU
1016 2454 1084 2498 Re
1116 2454 1241 2510 quod
1266 2454 1464 2497 correxit
1489 2453 1689 2497 Cobehus
1715 2453 1827 2497 Coll.
1848 2458 1931 2497 122

305 2517 328 2555 ’7
364 2540 418 2545 —-
455 2519 509 2556 14
542 2513 786 2587 ἐλεύθερος
824 2507 884 2569 ἦν
922 2526 1079 2556 versus
1120 2513 1385 2556 comoediae
1425 2513 1612 2556 Atticae
1655 2513 1760 2563 ἑνὸς
1797 2511 1933 2557 ἕνεκα

246 2578 471 2627 στατῆρος
502 2569 530 2627 ἢ
562 2573 642 2616 καὶ
673 2570 900 2629 μείονος.
954 2607 988 2614 ..
1024 2573 1102 2615 καὶ
1134 2571 1289 2616 πάντα
1321 2572 1404 2645 μὲν
1435 2575 1627 2629 τολμῶν,
1664 2572 1850 2616 ἅπαντα
1881 2569 1927 2614 δ’

247 2629 492 2686 ὑπομένων
521 2634 526 2687 Ι
555 2639 701 2683 μισῶν
739 2647 788 2675 τε
827 2631 905 2675 καὶ
944 2631 1250 2704 μισούμενοςὶ
1281 2630 1445 2687 φίλους
1481 2647 1529 2675 τε
1568 2631 1823 2686 προδιδους
1853 2631 1934 2673 καὶ

248 2690 511 2733 κολακεύων
559 2693 799 2747 δυσμενεῖς
833 2692 838 2747 Ι
874 2688 1172 2745 κάλεινότερα
1221 2676 1377 2746 φέρων
1422 2687 1487 2735 ἔτ’
1516 2686 1593 2745 ἀρ’
1623 2689 1887 2745 ἐλεύθερος;
1923 2689 1928 2746 Ι

248 2746 414 2804 ἥκιστά
438 2747 480 2805 γ’
499 2765 506 2772 ·
534 2747 890 2804 ἀνδραπόδων
874 2748 934 2793 ἀν
951 2748 1020 2804 εἴη
1047 2747 1286 2805 δεσπότης,
1314 2752 1319 2805 Ι
1347 2756 1519 2807 χρυσοῦ
1537 2748 1588 2793 δὲ
1607 2751 1789 2798 δοῦλος·
1823 2747 1934 2792 οὐδὲ

247 2807 335 2862 γὰρ
367 2806 529 2859 Μίδας
560 2807 583 2851 6
613 2808 735 2863 Φρὺξ
769 2808 982 2863 agnoseit
1006 2806 1209 2851 Kockius
1234 2808 1310 2851 1.1.
1434 2812 1460 2851 8
1492 2809 1764 2862 ἀποστερεῖν
1790 2809 1874 2852 Mo

249 2867 496 2922 ἀποστερεῖ
523 2867 625 2910 Mor
800 2872 853 2909 16
888 2867 1030 2911 αὑτὸν
1065 2869 1147 2911 Mo
1173 2867 1274 2911 Mor
1301 2869 1308 2923 Ι
1337 2867 1395 2922 δὴ
1427 2866 1558 2926 οἴνῳ]
1591 2864 1658 2909 δι’
1680 2865 1810 2910 οἴνου
1844 2867 1889 2909 Β
1923 2869 1930 2922 Ι

251 2925 469 2978 δικτύοις,
502 2943 531 2968 α
563 2926 612 2968 in
637 2940 711 2969 ras
738 2926 808 2969 P2
932 2931 984 2968 19
1019 2926 1094 2982 δὴ]
1123 2942 1173 2982 γε
1204 2926 1306 2969 Mor
1332 2928 1337 2982 Ι
1366 2924 1542 2982 ἤγαγον
1579 2927 1647 2970 UI
