2060 3162
607 149 835 194 LIBANII
867 149 1091 194 ORATIO
1123 149 1272 194 XVIII
1685 151 1792 203 319

106 288 292 357 ἀφείς,
341 289 470 350 τοὺς
526 287 533 356 Ι
590 286 796 355 ἄνδρας
843 286 905 339 δὲ
943 285 1199 354 ἀλλήλοις
1245 287 1516 355 παραθεὶς
1553 304 1685 356 προ-
1732 299 1882 343 R585

109 377 274 447 τέραν
297 375 518 444 ἐποίησε
541 383 606 445 τῇ
622 383 748 445 τιμῇ
765 375 867 443 τὴν
882 375 1101 437 τούτοις
1116 383 1441 441 κρατοῦσαν.
1492 375 1612 428 188.
1635 374 1794 428 ταυτὶ

110 463 171 519 δὲ
222 465 604 534 ψηφισάμενος
664 459 748 533 ἆρ’
790 463 856 516 οὐ
910 464 1047 533 πρὸς
1101 463 1301 533 ἀρετὴν
1353 465 1645 531 παρεκάλει
1699 466 1795 526 τὰς

106 556 291 616 πόλεις
328 552 599 622 ἀμελήσας
636 560 738 605 τοῦ
776 561 888 605 τῶν
927 551 1155 621 ἀψύχων
1185 553 1439 621 κάλλους,
1479 554 1551 615 ὡς
1590 553 1656 606 οὐ
1697 554 1793 606 δυ-

106 642 344 709 ναμένου
385 641 578 711 φέρειν
614 642 764 710 παρὰ
801 648 957 711 κριτῇ
998 642 1281 712 σπουδαίῳ
1320 641 1664 706 πλεονεξίαν;
1838 664 1857 696 5

217 730 337 784 189.
383 730 530 800 Ἄρτι
574 727 678 798 μὲν
723 726 827 783 οὖν
872 737 967 798 τῆς
1014 728 1076 782 ἐν
1120 738 1235 793 τοῖς
1276 731 1441 800 ἱεροῖς
1481 730 1792 800 ἐμεμνήμην

102 822 441 888 κοινότητος,
488 826 596 872 νῦν
634 819 696 872 δὲ
735 821 839 888 ἔχω
886 838 939 871 τι
977 822 1163 888 μεῖζον
1210 819 1403 887 εἰπεῖν,
1449 820 1533 872 ὅτι
1579 819 1670 872 καὶ
1709 821 1791 872 δι-

101 909 279 973 κάζων
316 910 550 980 πλείστῳ
596 909 773 980 τούτῳ
812 910 950 977 πρός
986 927 1045 961 τε
1082 910 1213 970 τοὺς
1253 908 1488 978 ρ”ήτορας
1524 907 1616 961 καὶ
1654 909 1792 979 πρὸς

101 996 346 1060 ἐκείνους
400 992 479 1050 ὧν
532 998 586 1050 οἱ
640 997 866 1067 ῥήτορες
923 995 1289 1065 προέκαμνον,
1353 996 1543 1067 ἐχρῆτο
1599 998 1792 1061 διδοὺς

102 1085 359 1150 ἐξουσίαν
402 1087 493 1139 καὶ
540 1089 674 1155 βοῆς
721 1085 948 1156 ἀμετρίᾳ
1000 1084 1090 1138 καὶ
1142 1086 1323 1155 χειρὸς
1369 1085 1645 1139 ἀνασείσει
1698 1085 1790 1139 καὶ
1815 1109 1857 1141 10

99 1183 234 1228 πᾶσι
273 1178 508 1244 σχήμασι
547 1173 638 1228 καὶ
677 1183 792 1237 τοῖς
832 1175 910 1236 εἰς
942 1173 1213 1243 ἀλλήλους
1253 1175 1538 1242 σκώμμασι
1576 1174 1667 1228 καὶ
1707 1168 1789 1238 οἷς

101 1264 242 1326 ὅλως
295 1262 539 1334 ἑκάτεροι
588 1266 881 1333 κρατήσειν
932 1262 1234 1316 ἐπίστευον.
1310 1264 1402 1316 καὶ
1453 1266 1597 1317 πολὺ
1651 1265 1789 1334 πρὸς

100 1351 347 1419 ἕκαστον,
398 1349 441 1405 ὦ
482 1351 710 1421 ἑταῖρε.
790 1352 910 1404 190.
964 1350 1119 1405 τουτὶ
1165 1352 1267 1418 μὲν
1303 1350 1396 1405 καὶ
1441 1354 1578 1421 πρὸς
1617 1354 1787 1406 ἅπαν-

98 1460 218 1509 τας,
269 1441 336 1494 οὐ
383 1442 555 1508 μόνον
598 1442 736 1511 πρὸς
788 1441 1023 1510 ῥήτορας
1082 1448 1191 1493 νῦν
1246 1442 1315 1509 δὴ
1359 1451 1582 1510 πρῶτον
1628 1441 1787 1511 ἀρχο-

98 1528 285 1596 μένοις
321 1529 430 1582 ὑπὸ
471 1537 570 1582 τοῦ
609 1536 943 1598 κρατοῦντος
981 1529 1157 1581 δοθὲν
1204 1529 1348 1598 ῥῆμα
1389 1535 1579 1597 ἴυγγος
1618 1531 1786 1583 δυνα-
1810 1551 1852 1585 15

98 1619 336 1687 τώτερον
383 1620 460 1680 εἰς
514 1619 751 1671 εὔνοιαν.
830 1618 895 1670 οὐ
951 1618 1055 1686 γὰρ
1108 1619 1238 1679 τοὺς
1292 1620 1503 1687 φόβους
1556 1617 1646 1671 καὶ
1691 1621 1787 1682 τὰς

99 1707 255 1774 σιγὰς
293 1705 384 1759 καὶ
422 1708 484 1759 τὸ
525 1711 652 1759 εἴσω
691 1707 791 1774 τὴν
830 1715 984 1775 χεῖρα
1023 1708 1167 1775 ἔχειν
1213 1707 1302 1759 καὶ
1341 1709 1402 1760 τὸ
1442 1708 1671 1761 κύπτειν
1709 1710 1786 1771 εἰς

99 1802 203 1863 γῆν
241 1796 331 1847 καὶ
362 1795 424 1847 τὸ
457 1794 679 1864 βλέπειν
717 1796 793 1857 εἰς
830 1796 892 1848 τὸ
925 1795 1180 1863 ὑπόδημα
1218 1799 1430 1863 μᾶλλον
1461 1796 1494 1864 ἢ
1525 1797 1586 1848 τὸ
1616 1798 1783 1865 πρόσ-

99 1901 251 1936 ωπον
304 1884 394 1936 καὶ
448 1884 509 1936 τὸ
565 1885 803 1946 δούλους
856 1881 970 1936 ἀντ’
1011 1882 1325 1953 ἐλευθέρων
1387 1884 1627 1954 ὁρᾶσθαι
1679 1885 1784 1938 κάν

96 1980 210 2034 τοῖς
241 1970 554 2039 λεγομένοις
583 1971 689 2025 κᾶν
718 1981 833 2035 τοῖς
864 1972 1274 2042 πραττομένοις,
1307 1973 1373 2026 οὐ
1398 1980 1569 2026 ταῦτα
1599 1974 1781 2042 ἡγεῖτο
1807 1996 1851 2027 20

215 2106 270 2146 10
302 2102 443 2146 Thuc.
469 2103 532 2146 sV
557 2107 627 2157 38,
648 2108 670 2146 1

215 2212 236 2249 1
263 2207 370 2258 τοὺς
392 2207 567 2251 inserui
592 2220 617 2250 e
636 2207 770 2251 VPU
789 2222 864 2251 om
887 2207 1056 2262 reliqui
1080 2206 1190 2250 libri
1214 2207 1305 2251 edd
1333 2209 1338 2264 Ι
1367 2204 1415 2252 δ’
1442 2207 1510 2250 Re
1624 2213 1649 2250 2
1674 2208 1779 2252 τού-

94 2282 183 2310 των
201 2267 276 2310 La
303 2270 309 2321 Ι
334 2267 470 2310 ταυτὶ
492 2279 603 2310 voce
624 2281 783 2310 rursus
808 2266 976 2322 incipit
991 2266 1093 2309 Mor
1116 2269 1178 2323 (p.
1197 2269 1381 2323 304‚27)
1407 2267 1487 2310 sed
1511 2267 1779 2322 praemissis

96 2325 274 2381 βασιλεῖ
294 2326 376 2370 τὸν
400 2324 537 2382 λόγον
562 2329 697 2379 608,9
717 2353 771 2357 -—
788 2325 918 2381 παρὰ
942 2325 1131 2369 πάντων
1149 2325 1379 2398 1613,18Β,
1478 2330 1503 2369 3
1528 2325 1680 2370 ἐκάλει
1704 2327 1779 2371 La

153 2432 179 2470 4
211 2428 437 2485 ἀμελήσας
452 2430 498 2473 Ρ
519 2429 600 2472 sed
623 2445 651 2485 η
675 2428 725 2471 in
748 2442 824 2472 ras
847 2428 919 2472 m'
980 2401 1210 2486 ἀμελήέας
1233 2431 1278 2474 Β
1311 2430 1392 2473 sed
1425 2430 1479 2473 ού
1503 2428 1573 2472 m²
1599 2430 1606 2485 Ι
1634 2429 1685 2474 δὲ
1718 2430 1779 2481 ὡς

94 2486 168 2531 La
201 2488 281 2531 sed
305 2488 356 2533 δὲ
389 2500 490 2531 eras
525 2490 531 2542 Ι
566 2486 831 2544 δυναμένου
855 2490 932 2532 La
956 2489 1037 2532 sed.
1062 2504 1116 2532 ov
1148 2489 1197 2533 in
1220 2502 1296 2532 ras
1320 2504 1353 2532 n
1413 2486 1707 2544 δυναμένουσ
1730 2490 1777 2533 Β

94 2546 175 2589 sed
201 2545 212 2560 '
237 2561 320 2590 ουσ
343 2547 392 2590 in
408 2560 484 2590 ras
509 2548 556 2590 et
573 2562 629 2590 ov
645 2560 786 2603 supra
804 2561 889 2591 ουσ
905 2548 975 2590 m²
1089 2552 1112 2590 7
1140 2546 1185 2594 δ’
1214 2548 1282 2591 Re
1309 2549 1315 2602 Ι
1343 2545 1387 2590 τί
1404 2547 1588 2591 ΒΜΙΡ
1619 2549 1665 2590 et
1682 2548 1776 2604 Ba)

152 2609 177 2647 8
209 2604 430 2650 πλείστων
455 2607 540 2650 Mo
661 2610 686 2648 9
719 2605 764 2650 οἱ
788 2603 993 2664 ᾇήτορες]
1021 2606 1189 2652 ἐκεῖνοι
1218 2607 1386 2652 ΟΒΜο
1414 2605 1495 2661 qui
1519 2605 1564 2650 οἱ
1615 2605 1776 2661 ήτορες

93 2661 142 2705 in
157 2677 289 2721 marg
304 2664 374 2707 m²
396 2664 554 2719 habet,
579 2664 680 2707 Mor
695 2664 764 2708 Re.
790 2665 797 2721 Ι
823 2663 1113 2721 προέκαμνεν
1130 2667 1206 2711 La
1307 2670 1358 2708 11
1384 2672 1527 2709 πᾶσιν
1551 2664 1776 2740 σζήμασιν

93 2719 169 2766 La
194 2724 200 2780 Ι
228 2724 351 2780 σκώμ
418 2737 492 2768 σιν
508 2725 619 2768 LaI
704 2727 759 2766 13
785 2722 1002 2779 ἑκάτερον
1020 2725 1094 2768 La
1111 2727 1178 2781 (et
1194 2726 1288 2781 Ba)
1306 2724 1428 2767 Fabr
1444 2726 1491 2767 et
1507 2738 1563 2767 ex
1579 2738 1774 2767 εκαστον

0 2811 1 2823 ,
23 2807 34 2822 f
94 2791 194 2823 0011·
214 2782 249 2824 I
254 2781 272 2806 ²
298 2783 305 2840 Ι
330 2740 525 2826 τ’δααητο
548 2777 583 2825 ὦ
608 2781 733 2825 inser
755 2780 901 2826 Cobet
923 2782 1143 2827 Mnem.v
1159 2789 1242 2827 133
1259 2782 1388 2840 (Coll.
1405 2785 1505 2840 113)
1534 2787 1538 2839 Ι
1567 2783 1649 2839 μὲν
1673 2783 1772 2841 καὶ]

91 2851 203 2882 num
218 2839 387 2896 μέντοι,
410 2842 464 2884 ut
486 2853 570 2897 pro
595 2840 677 2896 μὲν
703 2840 808 2884 coni
830 2840 899 2885 Re
911 2841 1080 2887 Anim?
1181 2846 1235 2885 14
1267 2841 1319 2886 δὲ
1344 2843 1429 2886 ΜΟ
1456 2844 1462 2897 l
1489 2841 1775 2900 ἀρχομένους

29 2902 58 2943 '⁷
95 2895 176 2940 ΟΒ
208 2899 288 2942 sed
317 2899 367 2943 in
397 2899 486 2943 hoc
519 2915 588 2949 οις
618 2912 758 2955 supra
799 2915 881 2951 ους
909 2899 993 2954 111²,
1025 2902 1071 2945 P
1105 2902 1186 2945 sed
1236 2918 1265 2944 v
1296 2901 1346 2943 in
1375 2913 1452 2943 ras
1483 2900 1567 2954 m⁸‚
1605 2901 1707 2943 Mor

15 2925 148 3066 {18
179 2956 232 3000 τὸ
247 2958 309 3014 (2)
327 2971 401 3001 om
417 2958 485 3002 Re
607 2962 660 3001 19
694 2960 742 3001 et
757 2962 813 3000 20
838 2958 928 3002 κάν
945 2959 1109 3014 scripsi
1126 2962 1314 3003 auctore
1331 2959 1398 3004 Re
1460 2960 1540 3002 καὶ
1555 2958 1664 3002 libri
1681 2958 1771 3002 edd
