2060 3162
213 123 322 176 376
743 123 971 168 LIBANII
1003 122 1225 167 ORATIO
1257 123 1364 168 XIX

319 264 402 312 fol.
439 266 464 311 1
665 263 857 328 βιβλίον
895 263 1155 329 ῥητορικόν

665 337 885 402 λιβάνιος
923 336 1160 401 σοφιστής

456 407 574 476 ἕχ[ει
611 418 697 461 τοῦ
736 407 934 477 α]υ,τοῦ·
975 410 1412 478 προγυμνάσματα·

1432 483 1627 549 μελέτας

607 563 771 623 μῦθος

461 632 527 682 Οἵ
561 632 700 682 λύκοι
737 631 870 697 παρὰ
907 640 1004 682 τῶν
1042 632 1302 698 προβάτων

455 705 631 770 σεμνὸς
669 699 733 770 ἦν
772 704 798 756 ὅ
839 706 988 766 ἵππος

360 782 415 828 1*
453 780 587 840 ἔδοξε
625 785 689 848 τῷ
722 779 792 830 διὶ

627 853 860 921 Διήνημα

456 928 757 994 Δηιάνειραν

359 1003 387 1049 2
456 1000 618 1067 ἕτερον
656 1001 874 1068 διήγημα

450 1071 668 1136 Ἀκούεις
707 1074 866 1135 ἄνθος

454 1148 616 1215 ἕτερον
655 1150 874 1216 διήγημα
1010 1148 1174 1216 ’Ἑρως
1213 1150 1409 1200 ἅπτεται

456 1221 747 1290 ἀλέξανδρος
786 1222 1052 1289 ἐρωτηθεὶς

360 1299 417 1346 5*
456 1295 576 1361 ἄλλη
615 1299 766 1363 χρεία·
808 1297 1033 1364 διογένης
1072 1298 1322 1363 μειράκιον

358 1374 414 1419 7*
452 1369 586 1438 ἑτέρα
623 1372 776 1438 χρείας

456 1445 713 1512 ἰσοκράτης
752 1453 838 1510 τῆς
875 1445 1099 1504 παιδείας

321 1521 384 1567 11
452 1519 645 1585 γνώμης

455 1592 515 1642 οὐ
553 1592 644 1658 χρὴ
683 1592 955 1658 παννύχιον
993 1591 1155 1643 εὕδειν
1193 1587 1310 1660 (sio)

324 1669 417 1715 12*
455 1664 488 1731 ἡ
528 1667 651 1732 αὐτὴ
690 1667 880 1733 γνώμη,
919 1665 1089 1732 ἑτέρως

455 1741 554 1790 Inc.
581 1737 799 1808 ’Ὄμηρος
839 1736 933 1808 (IV
967 1743 1069 1791 879
1090 1736 1155 1808 R)

326 1816 419 1864 13*
457 1812 725 1879 ἀνασκευή·
767 1814 839 1864 ὅτι
878 1813 970 1864 οὐκ
1007 1813 1136 1874 εἰκὸς
1174 1814 1258 1866 τὸν
1296 1814 1484 1881 χρύσην

322 1889 416 1936 14*
453 1887 749 1953 κατασκευή·
790 1888 864 1938 ὅτι
901 1888 1063 1939 εἰκότα
1100 1887 1158 1937 τὰ
1195 1886 1318 1937 κατὰ
1356 1888 1447 1953 τὴν
1485 1888 1644 1954 κρίσιν

322 1963 415 2010 15*
453 1962 724 2027 κατασκευὴ
773 1961 845 2011 ὅτι
890 1962 1051 2012 εἰκότα
1089 1961 1147 2011 τὰ
1184 1961 1306 2011 κατὰ
1344 1961 1434 2025 τὴν
1473 1960 1698 2027 ἀχιλλέως
1737 1959 1893 2028 ὀργήν

324 2038 388 2083 17
457 2035 622 2095 κοινὸς
660 2035 807 2094 τόπος
845 2035 967 2084 κατὰ
1005 2035 1323 2102 ἀνδροφόνου

321 2111 415 2157 20*
1004 2109 1251 2174 τυράννου

321 2184 388 2230 22
847 2180 969 2249 ὑπὲρ
1008 2181 1400 2247 τυραννοκτόνου

321 2258 416 2304 23*
847 2255 970 2305 κατὰ
1007 2255 1252 2321 προδότου

321 2331 415 2378 25*
1008 2329 1175 2395 ἰατροῦ
1215 2327 1509 2394 φαρμακέως

324 2405 389 2452 28
456 2402 697 2469 ἐγκώμιον
736 2402 1007 2467 διομήδους
1046 2398 1120 2471 (in
1158 2419 1321 2468 marg:
1363 2398 1624 2471 Collatum)

322 2480 390 2526 30
732 2476 849 2542 βοὸς
887 2484 1205 2543 συγγραφικῶ
1245 2483 1508 2543 χαρακτῆρι

322 2552 416 2598 31*
729 2550 961 2618 θερσίτου

322 2625 389 2672 33
732 2622 1076 2688 δημοσθένους
1115 2617 1190 2690 (in
1228 2640 1390 2688 marg:
1432 2617 1693 2690 Collatwm)

322 2692 466 2764 33⁸¹)
727 2695 970 2756 ὀδυσσέως

210 2930 265 2969 33
325 2869 489 2969 1λ’)ὃῗθ
516 2868 634 2971 ¹³dico
677 2868 843 2912 folium
885 2882 977 2911 non
1020 2870 1314 2911 numeratum
1358 2867 1482 2923 quod
1520 2865 1726 2911 medium
1767 2865 1892 2909 inter

299 2938 322 2969 e
466 2940 513 2970 es
540 2962 547 2970 .
