2060 3162
710 106 939 150 LIBANII
970 104 1194 150 ORATIO
1226 105 1310 149 XX
1753 106 1862 158 435

181 245 393 314 στροφή
423 263 507 306 τις
534 243 854 309 οὐδαμόθεν
877 240 994 295 οὐδ’
1021 237 1092 294 αὗ
1123 242 1184 294 τὸ
1216 242 1707 310 παραιτησόμενον,
1740 240 1856 295 ἀλλ’

179 331 241 386 ἐν
278 340 342 402 τῇ
382 339 511 402 σιγῇ
548 340 660 384 τῶν
699 332 1046 402 δεδρακότων
1085 331 1117 399 ἡ
1149 332 1448 400 κατηγορία
1483 340 1594 384 τῶν
1625 348 1865 401 πεπραγ-

177 420 359 489 μένων
391 420 553 474 ἐστίν.
616 420 755 472 ὥστε
786 422 856 472 σὺ
887 420 989 489 μὲν
1020 418 1200 489 ἐκείνῃ
1232 419 1451 482 πάντως
1482 418 1551 472 ἂν
1583 418 1864 487 συνέγνως

177 517 241 580 τῇ
279 511 453 578 πόλει,
491 517 556 579 τῇ
595 509 658 561 δὲ
696 509 764 562 οὐ
803 509 1019 571 πάντως
1058 507 1128 561 ἂν
1163 507 1385 571 ἐκεῖνος.
1463 508 1607 561 οὕτω
1645 507 1735 561 καὶ
1766 509 1865 561 τὸν

176 599 382 669 ἥμερον
421 594 563 651 εἶναι
603 596 837 661 δόξαντα
874 605 939 668 τῇ
979 598 1188 667 γαλήνῃ
1227 599 1630 667 παρελήλυθας.
1900 618 1931 651 -5

290 686 375 740 30.
441 688 509 739 Οἱ
557 683 617 739 δὲ
665 688 732 755 δὴ
778 688 876 739 τὸν
928 685 1135 756 πατέρα
1184 687 1284 740 τὸν
1331 688 1494 739 Τίτου
1541 684 1715 755 μηδέν
1761 700 1863 739 σου

177 777 345 846 ταύτῃ
408 779 698 828 λείπεσθαι
752 774 1003 843 λέγοντες
1062 776 1160 828 τὸν
1214 774 1276 828 ἐν
1327 771 1430 844 μὲν
1482 783 1600 837 ταῖς
1657 776 1865 828 εἰκόσιν

178 865 341 933 ὅμοια
378 866 713 931 πεπονθότα,
751 866 1040 917 κτείναντα
1078 865 1139 917 δὲ
1170 863 1373 917 οὐδένα
1403 871 1467 934 τῇ
1506 862 1633 934 παρ’
1666 862 1864 917 ἑαυτοῦ

176 957 370 1026 ψήφῳ,
417 954 484 1006 τά
522 974 579 1007 τε
615 954 739 1020 περὶ
786 955 887 1007 τὸν
926 962 1082 1006 σῖτον
1129 954 1231 1006 οὐκ
1278 952 1578 1006 ἐθέλουσιν
1623 951 1762 1023 ὁρᾶν
1799 953 1866 1006 τά

177 1062 234 1096 τε
286 1043 413 1113 περὶ
473 1044 604 1105 τοὺς
655 1042 713 1095 ἐκ
761 1045 1135 1111 Παλαιστίνης
1190 1041 1390 1110 ἱκέτας,
1453 1037 1531 1094 ὧν
1584 1043 1645 1095 τὸ
1699 1038 1801 1110 μὲν
1853 1040 1931 1111 Ιιο

177 1132 366 1194 αὐτοῖς
403 1130 575 1184 ἐποίει
613 1133 791 1200 λιμόν,
830 1132 890 1184 τὸ
932 1131 994 1184 δὲ
1026 1130 1274 1199 ἀσεβείας
1305 1130 1564 1199 ἀνάγκην.
1643 1131 1672 1184 ὃ
1706 1128 1766 1183 δὲ
1804 1143 1846 1186 R
1867 1147 1954 1187 668

178 1222 245 1289 δὴ
286 1222 380 1274 διὰ
416 1219 578 1273 ταῦθ’
609 1221 943 1291 ἡμάρτανον,
984 1221 1086 1273 οὐκ
1118 1220 1303 1273 αὐτῶν
1339 1215 1410 1287 ἦν
1440 1223 1652 1289 μᾶλλον
1689 1219 1722 1288 ἢ
1753 1229 1866 1273 τῶν

178 1308 265 1362 ἐπὶ
319 1317 490 1362 ταῦτα
544 1309 811 1378 ἀγόντων,
874 1307 998 1362 ὥστ’
1046 1307 1247 1363 ἐκεῖνοι
1301 1309 1464 1377 δίκην
1517 1309 1589 1372 ὡς
1644 1307 1866 1377 ἀληθῶς

178 1398 422 1466 ὤφειλον
468 1393 546 1451 ὧν
590 1397 971 1468 Ἀλεξανδρέας
1017 1396 1203 1470 ᾤοντο.
1288 1398 1373 1450 31.
1426 1398 1517 1451 καὶ
1563 1399 1668 1467 γὰρ
1716 1397 1866 1460 ὅστις

178 1488 415 1556 χαλεπὸν
469 1486 864 1557 ἀποδιδράσκει
918 1489 1205 1555 δεσπότην,
1259 1488 1512 1555 ἠδίκηται
1565 1489 1777 1555 μᾶλλον
1829 1485 1929 1554 ἤιε

178 1583 342 1628 τοῦτο
381 1577 697 1644 πεποίηκεν·
737 1575 770 1629 ἃ
810 1577 912 1645 γὰρ
953 1576 1055 1628 οὐκ
1094 1574 1351 1644 ἐβούλετο
1391 1577 1661 1644 βιασθείς,
1706 1573 1858 1628 ταῦτ’

179 1666 335 1732 ἄγειν
372 1662 465 1717 ἐπ’
489 1663 703 1718 ἐκεῖνον
741 1663 954 1717 δύναιτ’
985 1665 1069 1717 ἄν.
1145 1663 1207 1718 ἐν
1257 1665 1445 1727 αὐτοῖς
1484 1659 1587 1717 οὗν
1625 1656 1709 1726 οἷς
1748 1662 1863 1717 ἐκό-

179 1756 318 1821 λαζε,
364 1762 478 1816 τοῖς
518 1752 801 1806 ἐλάττοσιν
839 1753 1134 1823 ἡμάρτανε·
1187 1762 1300 1816 πῶς
1347 1749 1450 1806 οὖν
1495 1759 1594 1805 τοῦ
1642 1754 1714 1821 μὴ
1759 1752 1865 1806 κάν

178 1844 420 1910 μείζοσιν
466 1840 729 1895 ἐπαινοῑτ’
760 1840 830 1894 ἂν
877 1843 1118 1911 εἰκότως,
1165 1841 1411 1895 ἐνταῦθα
1450 1842 1512 1894 δὲ
1547 1843 1680 1894 ποία
1719 1857 1863 1895 σιτο-

298 2035 322 2074 9
357 2031 464 2076 Tac.
490 2031 545 2075 H.
571 2031 635 2075 ΠΙ
657 2036 714 2075 48
838 2037 892 2076 10
923 2033 1009 2076 Ios.
1035 2032 1079 2076 b.
1105 2032 1202 2076 Iud.
1229 2032 1292 2075 ΙΠ
1318 2037 1388 2088 10,
1409 2035 1464 2076 10

297 2214 321 2252 3
365 2209 552 2260 πάντως
584 2207 643 2253 ἂν
675 2223 750 2253 om
773 2211 808 2253 I
980 2215 1006 2253 4
1050 2208 1169 2254 οὕτω
1210 2211 1254 2254 U
1280 2212 1327 2254 et
1358 2223 1414 2254 ex
1446 2209 1591 2259 οὕτως
1622 2222 1723 2253 corr
1745 2209 1804 2252 1⁸

178 2266 323 2320 οὕτως
352 2269 522 2324 reliqui
546 2269 655 2313 libri
679 2269 771 2312 edd
914 2274 939 2313 6
970 2270 1052 2314 τὸν
1084 2270 1166 2327 (2)]
1196 2286 1280 2313 του
1312 2270 1387 2313 Ρα
1523 2273 1546 2311 7
1580 2267 1662 2326 μὲν
1695 2268 1745 2313 ἐν
1774 2269 1810 2311 Ι

179 2333 204 2371 8
238 2326 376 2384 ὅμοια
407 2327 703 2387 πεπονθότα]
736 2330 943 2384 „videtur
974 2329 1029 2373 οὐ
1060 2329 1466 2385 interponendum“
1498 2327 1567 2371 Re
1610 2331 1616 2383 Ι
1659 2328 1802 2371 αὑτοῦ
1834 2327 1870 2370 Ι

237 2391 262 2429 9
294 2387 353 2431 τά
382 2414 440 2419 -
472 2386 714 2432 ἐθέλουσιν
744 2388 795 2430 in
825 2401 958 2445 marg
990 2387 1062 2432 Ρ8
1240 2392 1264 2430 9
1305 2387 1387 2431 τὸν
1420 2394 1546 2430 σῖτον
1580 2413 1634 2418 -
1670 2390 1724 2429 10
1755 2387 1862 2441 περὶ

178 2461 253 2490 om
286 2447 330 2491 U
445 2451 471 2489 9
505 2446 621 2501 ὁρᾶν
653 2460 678 2491 e
710 2453 876 2503 φωρᾶν
907 2449 960 2490 ut
983 2447 1179 2501 videtur,
1213 2461 1314 2491 corr
1344 2446 1394 2489 in
1416 2459 1491 2489 ras
1516 2445 1587 2489 1³⁸
1710 2450 1764 2488 10
1797 2446 1861 2488 οἰ-

177 2503 312 2556 κέτας
335 2506 380 2548 Β
555 2510 607 2548 12
654 2505 712 2561 δὴ
745 2519 821 2549 om
843 2506 947 2550 Mor
973 2508 979 2563 Ι
1008 2503 1234 2551 διαταῦθ’
1271 2507 1421 2550 VBM
1492 2505 1720 2548 διαταῦτα
1743 2506 1817 2549 Ρα
1854 2513 1857 2536 ²

177 2563 448 2620 ἁμαρτάνον
478 2564 581 2607 Mor
612 2565 693 2607 sed
725 2579 854 2619 „corr
883 2564 1183 2621 ἡμάρτανον*
1217 2566 1343 2610 Com.
1368 2564 1442 2608 1.1.
1596 2567 1650 2607 13
1686 2563 1862 2619 ὡσαλη-

176 2626 277 2675 θῶς
308 2625 354 2667 Β
535 2628 589 2666 14
635 2622 943 2679 ἀλεξανδρέας
979 2625 1014 2667 Ι
1056 2624 1136 2668 sed
1176 2640 1196 2668 ε
1243 2623 1496 2668 seeundum
1542 2622 1592 2665 in
1621 2635 1698 2666 ras
1733 2622 1803 2665 m²

182 2687 236 2725 14
267 2682 348 2725 καὶ
379 2681 466 2739 γὰρ
490 2707 547 2713 -
574 2686 626 2724 17
660 2679 843 2726 δύναιτ’
864 2682 925 2726 ἄν
958 2682 1075 2727 citat
1097 2682 1215 2726 Plan
1242 2682 1450 2726 f01.103v
1572 2686 1627 2725 15
1658 2681 1861 2739 χαλεπὸν

177 2741 227 2783 in
247 2754 324 2784 ras
355 2741 404 2783 in
431 2753 566 2797 marg
588 2740 646 2784 1²
673 2745 678 2795 Ι
705 2740 1042 2796 ἀποδιδράσκει
1071 2743 1106 2785 Ι
1131 2741 1212 2786 sed
1243 2742 1338 2785 ἀπο
1369 2741 1419 2784 in
1440 2754 1518 2784 ras
1540 2739 1610 2784 m'
1636 2741 1643 2798 Ι
1669 2738 1861 2796 ἠδίκηκε

177 2799 279 2843 Mor
394 2804 447 2843 16
472 2796 642 2855 πεποίη
668 2813 773 2843 cum
795 2813 871 2843 ras
897 2805 1010 2844 2—-3
1034 2801 1114 2844 litt
1140 2802 1183 2845 U
1204 2803 1208 2856 Ι
1237 2800 1457 2859 ἠβούλετο
1480 2799 1594 2844 ΒΜ
1710 2803 1764 2842 17
1791 2795 1861 2849 οἷς

179 2872 254 2902 om
288 2860 333 2904 U
459 2862 514 2902 18
544 2856 807 2914 ἡμάρτανεν
829 2859 875 2902 Α
903 2861 908 2914 Ι
936 2860 1026 2904 κᾶν
1057 2860 1101 2903 U
1119 2859 1186 2903 Re
1259 2859 1337 2902 καὶ
1368 2858 1537 2913 reliqui
1568 2858 1678 2902 libri
1701 2858 1803 2900 Mor

181 2921 234 2959 19
267 2931 312 2960 σι
345 2915 475 2962 οδεία
508 2931 612 2960 cum
642 2930 717 2960 ras
751 2922 772 2960 1
807 2917 887 2960 litt
920 2918 964 2962 U

1507 2990 1594 3034 28*
