2060 3162
701 120 930 165 LIBANII
961 119 1184 165 ORATIO
1216 119 1365 165 XVIII
1746 120 1851 172 311

171 259 422 311 Κάσσιον
460 256 666 325 ἀναβὰς
697 259 809 309 Διά
847 258 1183 326 μεσημβρίας
1219 261 1494 327 σταθερᾶς
1526 253 1642 309 εἶδέ
1669 276 1725 308 τε
1758 257 1855 309 τὸν

167 348 308 401 θεὸν
345 343 434 398 καὶ
474 346 611 398 ἰδὼν
657 343 855 414 ἀνέστη
901 343 991 398 καὶ
1042 346 1365 414 συμβουλὴν
1403 342 1640 414 ἐδέξατο,
1688 343 1760 397 δι’
1791 340 1856 412 ἧς

167 435 335 488 πάλιν
380 434 668 503 διαφεύγει
732 431 738 504 Ι
804 435 982 502 λόχον.
1063 433 1182 487 173.
1245 435 1294 486 εἰ
1339 430 1440 502 μὲν
1488 429 1592 487 οὖν
1630 426 1751 487 οἷόν
1795 445 1943 490 R580

170 523 213 576 τ’
245 520 314 593 ἦν
351 524 655 591 ἄνθρωπον
695 521 938 592 οὐρανοῦ
978 530 1315 590 κοινωνῆσαι
1353 528 1532 591 θεοῖς,
1576 521 1688 591 μετ’
1721 521 1856 576 ἐκεί-

168 633 283 666 νων
321 610 390 663 ἂν
427 607 498 679 ἦν
537 611 683 683 αὐτῷ
716 618 811 679 τῆς
850 611 1033 664 αὑτῶν
1071 612 1479 680 μεταδιδόντων
1516 613 1711 681 χώρας,
1750 618 1850 665 τοῦ
1900 632 1918 664 5

172 701 421 767 σώματος
454 700 515 753 δὲ
546 707 716 753 ταῦτα
740 700 843 753 οὐκ
871 699 1072 762 ἐῶντος
1103 699 1260 752 αὐτοὶ
1292 699 1419 769 παρ’
1444 698 1657 753 ἐκεῖνον
1687 699 1858 771 ᾔεσαν

169 789 492 843 διδάσκαλοι
531 796 631 842 τοῦ
670 791 727 841 τί
762 790 852 842 δεῖ
885 798 1068 842 ποιεῖν
1114 789 1205 842 καὶ
1247 790 1302 841 τί
1338 790 1410 857 μὴ
1449 797 1631 842 ποιεῖν
1671 791 1857 857 γιγνό-

166 897 339 946 μενοι.
414 884 489 950 τῷ
536 874 638 945 μὲν
691 879 795 948 γὰρ
844 876 1206 947 Ἀγαμέμνονι
1258 877 1490 947 Νέστωρ
1545 878 1857 946 σύμβουλος

167 962 239 1035 ἦν
269 966 298 1020 ὁ
331 967 562 1035 Πύλιος,
596 967 744 1020 πάνυ
776 963 878 1034 μὲν
910 965 1105 1036 γέρων,
1146 967 1442 1037 ἄνθρωπος
1474 966 1539 1019 δέ
1559 983 1642 1034 γε·
1680 967 1855 1038 τούτω

168 1056 231 1108 δὲ
270 1055 586 1124 ἀνθρώπων
626 1056 855 1118 οὐδενὸς
899 1056 1038 1126 πρὸς
1083 1063 1255 1109 ταῦτα
1301 1056 1439 1123 ἔδει,
1488 1056 1712 1108 πάντων
1753 1056 1856 1124 γὰρ
1883 1077 1925 1108 ιο

168 1141 240 1212 ἧν
302 1144 620 1215 ἀνθρώπων
682 1143 743 1198 ἐν
804 1147 1032 1213 βουλαῖς
1086 1142 1370 1212 ὀξύτατος,
1431 1145 1579 1215 παρὰ
1605 1141 1693 1206 ,δὲ
1746 1153 1857 1196 τῶν

167 1235 383 1286 ἅπαντα
423 1234 652 1286 εἰδότων
689 1230 831 1302 ἦσαν
870 1235 926 1286 αἱ
964 1232 1327 1303 παραινέσεις.

286 1322 404 1374 174.
470 1323 752 1385 Τοιούτοις
797 1319 899 1389 μὲν
950 1330 1226 1392 σωτῆρσιν
1273 1322 1606 1391 ἐφυλάττετο
1656 1320 1745 1375 καὶ
1791 1323 1855 1374 τὰ

167 1411 347 1463 πολλὰ
386 1418 580 1479 συνῆν,
620 1413 816 1480 νήφων
856 1408 916 1464 δὲ
956 1421 1198 1480 συνεχῶς
1244 1408 1336 1464 καὶ
1375 1412 1476 1479 τὴν
1514 1409 1751 1481 γαστέρα
1790 1411 1855 1463 οὐ

167 1500 430 1569 βαρύνων
469 1507 583 1562 τοῖς
621 1508 895 1569 περιττοῖς
934 1500 1148 1562 τούτοις
1187 1501 1456 1570 φορτίοις,
1508 1499 1687 1568 ὥσπερ
1727 1516 1924 1567 nvn-15

168 1590 280 1656 νός,
322 1589 414 1640 διὰ
452 1597 563 1641 τῶν
601 1589 935 1658 πραγμάτων
981 1590 1174 1657 ἤρχετο
1213 1589 1528 1657 πρεσβείαις
1567 1587 1857 1658 ἀποκρινό-

170 1695 334 1745 μενος
386 1685 614 1746 συχναῖς
660 1674 749 1729 ἐπὶ
794 1685 920 1743 μιᾶς
965 1676 1189 1746 ἡμέρας,
1235 1679 1463 1729 πόλεσιν
1509 1675 1858 1743 ἐπιστέλλων,

171 1764 557 1834 στρατοπέδων
604 1766 857 1834 ἄρχουσι,
913 1767 1130 1818 πόλεων
1183 1767 1439 1834 ἄρχουσι,
1495 1767 1680 1834 φίλοις
1726 1764 1859 1818 ἀπο-

172 1854 434 1921 δημοῦσι,
486 1856 671 1922 φίλοις
715 1853 1094 1923 ἐπιδημοῦσιν,
1142 1854 1360 1908 ἀκούων
1400 1853 1718 1922 ἐπιστολῶν,
1766 1855 1858 1907 δο-

292 2050 314 2088 1
362 2044 480 2088 Plab.
513 2044 710 2088 Phaedr.
744 2060 788 2100 p.
816 2044 959 2087 242A
1006 2043 1061 2088 cf.
1090 2057 1160 2101 ep.
1183 2049 1296 2088 1084
1480 2048 1505 2088 8
1551 2044 1603 2087 Il.
1630 2045 1658 2101 β
1690 2048 1774 2087 369
1789 2057 1856 2099 sq.

172 2102 228 2147 cf.
255 2103 319 2146 IV
343 2107 442 2157 522,
461 2108 516 2146 23
532 2118 595 2159 sq.
623 2104 664 2147 R

293 2287 315 2325 1
348 2281 528 2326 Κάσιον
560 2282 683 2325 Fabr
705 2282 773 2325 Re
802 2284 806 2337 Ι
835 2281 1018 2340 ἀναβὰς
1040 2283 1073 2325 I
1099 2282 1180 2324 sed
1212 2282 1272 2326 ἀν
1304 2281 1353 2323 in
1378 2294 1453 2324 ras
1477 2280 1548 2323 m²
1607 2279 1775 2352 διαβὰς
1802 2282 1862 2324 M

171 2343 220 2384 et
242 2340 291 2382 in
314 2354 447 2397 marg
473 2342 556 2385 Mo
585 2346 590 2391 Ι
619 2340 699 2385 διὰ
727 2341 959 2385 GBMoM
983 2343 988 2398 Ι
1016 2337 1140 2385 εἶδεν
1167 2341 1278 2385 CLa
1399 2345 1423 2383 2
1449 2335 1505 2394 ἧς
1527 2339 1607 2382 καὶ
1631 2341 1773 2383 παλιν
1800 2340 1862 2383 Μ

232 2404 259 2442 4
293 2400 496 2454 οὐρανοῦ
530 2400 654 2444 inser
680 2401 741 2444 M
751 2400 767 2424 ³
896 2404 920 2443 5
959 2401 1083 2458 αὐτῷ
1116 2400 1280 2456 scripsi
1342 2400 1466 2443 αὐτῶ
1497 2399 1664 2443 PULa
1696 2398 1777 2441 sed
1808 2398 1858 2441 in

170 2458 259 2502 hoc
290 2475 316 2502 ν
348 2472 450 2503 eras
519 2460 671 2503 αὐτῶν
702 2458 872 2514 reliqui
902 2458 1013 2502 libri
1045 2459 1135 2502 edd
1163 2459 1169 2517 1
1198 2459 1349 2502 αὐτῶν
1383 2471 1437 2501 ex
1469 2458 1622 2502 αὐτῶν
1655 2471 1755 2500 corr
1786 2455 1859 2502 P³

231 2518 384 2561 αὐτῶν
427 2519 627 2563 ULaMo
660 2519 723 2574 (et
747 2519 841 2575 Ba)
871 2517 1006 2561 Wolf
1031 2518 1154 2561 Fabr
1181 2520 1186 2574 Ι
1214 2518 1365 2575 χώρας
1395 2531 1419 2560 e
1451 2523 1598 2575 χαρᾶς
1629 2530 1729 2559 corr
1759 2517 1857 2560 Lay

233 2581 258 2619 6
290 2584 435 2620 ταῦτα
468 2591 543 2620 om
567 2577 636 2634 Vl
664 2577 843 2622 ἐκεῖνον
876 2590 931 2620 ex
963 2575 1151 2622 ἐκείνων
1185 2591 1285 2620 corr
1309 2576 1380 2620 P²³
1501 2579 1555 2619 10
1588 2575 1857 2630 ἀνθρώπων

173 2633 256 2689 μὲν
281 2636 475 2687 οὐδενὸς
510 2637 551 2679 V
594 2636 600 2693 Ι
644 2635 737 2679 ἔδει
768 2637 803 2678 Ι
828 2636 909 2678 sed
941 2639 1012 2681 δει
1043 2636 1092 2679 in
1116 2649 1190 2679 ras
1215 2634 1284 2678 m²
1375 2632 1475 2694 ᾔδει
1506 2633 1640 2678 Wolf
1724 2632 1856 2691 χρεία

173 2693 294 2736 Fabr
317 2694 385 2738 Re
413 2697 419 2751 Ι
446 2694 636 2739 πάντων
668 2693 750 2749 μὲν
782 2694 871 2750 γὰρ
906 2695 990 2740 Mo
1014 2694 1082 2738 Re
1212 2699 1265 2737 13
1298 2693 1526 2743 τοιούτοις
1555 2694 1590 2736 Ι
1615 2692 1697 2736 sed
1726 2693 1856 2750 prius

175 2768 219 2795 οι
257 2753 307 2795 in
337 2767 411 2797 ras
450 2753 533 2807 m²‚
577 2767 601 2796 e
642 2753 824 2804 τούτοις
862 2766 963 2796 corr
995 2754 1056 2796 M
1065 2753 1082 2778 ²
1138 2755 1143 2810 1
1200 2752 1403 2796 ταπολλά
1438 2753 1531 2797 VP
1561 2752 1643 2796 sed
1682 2752 1731 2795 in
1768 2751 1857 2795 hoc

174 2822 298 2865 grav.
326 2826 464 2868 supra
489 2830 518 2855 α
550 2813 680 2868 prius
711 2826 796 2867 pos
827 2811 897 2854 m³
963 2812 1021 2855 τὰ
1053 2827 1128 2856 om
1152 2811 1275 2856 Fabr
1298 2811 1365 2854 Re
1488 2815 1541 2854 16
1574 2810 1856 2868 πραγμάτων

172 2869 348 2914 τούτων
387 2872 461 2915 La
643 2874 696 2913 18
742 2868 920 2914 πόλεων
968 2871 1159 2927 ἄρχουσι
1206 2885 1280 2914 om
1324 2870 1446 2914 BLa
1485 2871 1550 2926 (et
1590 2871 1683 2926 Ba)
1730 2870 1797 2913 Re

179 2932 231 2969 19
265 2928 504 2981 ἐπιστολὰς
534 2928 668 2972 Wolf
687 2928 809 2972 Fabr
