2054 3140
693 122 920 167 LIBANII
951 121 1174 167 ORATIO
1206 121 1291 166 XII
1813 122 1843 174 7

273 265 405 313 273ν
441 260 784 328 πρεσβευτικὸς
814 260 937 327 πρὸς
967 260 1083 321 τοὺς
1113 269 1268 326 τρῶας
1299 259 1423 327 ὑπὲρ
1454 258 1639 326 ἕλε’νης·
1697 258 1844 311 ὀδυσ-

160 338 272 398 σεύς
384 330 483 403 (σις’
535 329 690 402 rubr.)
778 336 975 385 Desinit
1019 337 1102 384 fol.
1145 337 1249 384 283
1306 337 1574 398 statimque
1629 336 1849 386 succedit.

162 428 358 462 carmen
394 407 506 475 περὶ
543 417 641 459 τῶν
681 406 720 469 ξ
759 417 946 474 σοφῶν,
987 411 1119 472 quod
1155 412 1190 458 t.
1223 410 1249 458 I
1286 427 1332 473 p.
1368 411 1471 458 366
1513 409 1743 459 indicavi.

268 485 466 534 Folium
507 485 639 532 283γ
676 499 888 533 vacuum
927 486 1014 532 est.

268 558 386 607 Inde
427 574 457 606 a
487 558 607 606 folio
642 559 748 606 284
788 560 1059 620 sequuntur
1098 560 1340 620 excerpta,
1380 574 1591 620 quorum
1628 560 1842 620 primum

157 633 284 681 Plat.
323 633 525 696 Protag.
563 649 610 694 p.
646 633 752 681 320
771 630 807 680 G
856 627 960 680 ἀλλ’
1004 625 1042 681 ὦ
1081 631 1320 697 σώκρατες
1359 630 1457 695 ἔφη
1497 630 1557 680 οὐ
1598 631 1842 696 φθονήσω

158 723 269 756 cum
301 706 512 755 scholiis.
575 707 687 754 Des.
705 707 789 755 fol.
809 707 911 755 195
946 702 1094 755 οὐδὲν
1124 704 1342 772 ἐργῶδες.
1404 703 1563 771 ἤγουν
1595 703 1843 771 δυσχερέςε

268 779 431 829 Codex
485 796 543 828 ex
596 781 768 828 eodem
821 781 1090 842 exemplari
1145 795 1241 842 quo
1294 779 1650 828 Ambrosianus
1705 780 1731 828 Ι
1771 781 1839 828 49

157 848 227 922 (n.
248 855 314 904 58
342 855 400 903 cf.
425 857 461 902 t.
478 855 504 902 I
527 871 574 916 p.
595 855 698 903 363
714 847 810 920 sq.)
844 855 931 916 qui
953 854 1103 916 paulo
1127 854 1276 916 plura
1300 853 1535 915 continet,
1566 853 1842 916 descriptus

156 931 243 978 est.
319 928 587 976 Adhibitus
624 930 655 975 i.
683 945 722 976 e.
768 929 955 990 partim
1001 928 1231 989 collatus,
1280 928 1464 990 partim
1514 928 1600 976 sed
1644 944 1743 976 non
1790 929 1844 976 in

156 1003 378 1051 oratione
408 1001 478 1060 εἰς
495 997 768 1051 Ἰουλιανὸν
790 1001 981 1051 ὕπατον
1010 1003 1260 1064 inspectus
1294 1005 1368 1050 est
1396 1018 1426 1049 a
1448 995 1839 1067 Boissonadio.¹)

156 1076 321 1126 Gasda
345 1076 556 1125 contulit
578 1074 992 1142 προσφωνητικὸν
1011 1069 1274 1143 Ἰουλιανῷ,
1297 1072 1420 1140 ὑπὲρ
1445 1075 1842 1141 Ἀριστοφάνους,

154 1149 452 1215 Σωκράτους
503 1147 797 1215 ἀπολογίαν,
858 1149 1111 1217 Τύραννος
1162 1145 1341 1217 ᾔτησεν
1388 1147 1436 1209 ἐξ
1490 1148 1841 1215 ἀστυγείτονος.

154 1225 266 1287 Ipse
305 1225 521 1274 codicem
567 1240 696 1273 anno
740 1225 883 1274 1880
931 1224 1208 1273 examinavi
1246 1226 1297 1271 et
1336 1225 1582 1286 quatenus
1621 1240 1840 1273 necessa-

154 1301 284 1346 rium
321 1301 484 1347 visum
515 1300 590 1346 est
620 1299 821 1347 contuli.
900 1297 997 1346 Sed
1026 1314 1184 1360 neque
1218 1299 1469 1360 exemplar
1500 1313 1525 1345 c
1558 1314 1656 1360 quo
1690 1298 1842 1346 codex

154 1373 310 1435 fluxit,
339 1372 434 1420 fide
466 1373 717 1436 praestitit
747 1388 836 1421 nec
865 1372 1098 1420 librarius
1136 1373 1189 1419 in
1221 1387 1366 1434 opere
1405 1387 1493 1420 suo
1533 1372 1839 1434 exsequendo

155 1448 275 1496 satis
314 1446 579 1511 diligenter
608 1449 833 1495 versatus
872 1449 959 1495 est.
1037 1447 1213 1508 Itaque
1252 1446 1332 1494 hic
1364 1461 1557 1508 quoque
1597 1446 1747 1494 codex
1779 1446 1839 1493 ab

157 1523 405 1582 apparatu
443 1521 612 1568 critico
653 1520 825 1569 aberit.

264 1593 401 1642 Idem
445 1593 505 1641 de
544 1594 731 1642 maiore
776 1596 919 1656 parte
963 1594 1270 1655 reliquorum
1320 1593 1541 1641 codicum
1589 1594 1682 1641 hoc
1730 1593 1839 1642 loco

154 1667 332 1716 dixisse
371 1667 493 1715 satis
530 1667 687 1716 habeo
725 1668 951 1731 relegans
990 1667 1054 1714 ad
1093 1682 1151 1714 ea
1191 1682 1315 1729 quae
1355 1666 1414 1714 de
1452 1667 1561 1715 loco
1600 1667 1653 1714 in
1692 1669 1840 1716 stem-

155 1743 286 1788 mate
340 1741 561 1789 codicum
622 1740 830 1804 singulis
885 1741 1180 1805 assignando
1239 1741 1293 1788 in
1347 1740 1676 1788 anterioribus
1730 1757 1839 1789 ora-

157 1814 377 1863 tionibus
415 1815 632 1863 indicavi
671 1818 721 1863 et
757 1816 810 1862 in
849 1815 1215 1879 Epilegomenis
1256 1816 1535 1862 accuratius
1582 1830 1836 1877 exponam.

266 1887 401 1945 Quos
439 1904 554 1936 vero
594 1889 658 1936 ad
696 1889 1019 1936 fundamenta
1055 1888 1239 1951 probae
1278 1889 1575 1936 recensionis
1614 1889 1838 1937 iacienda

154 1961 453 2010 adhibendos
492 1977 595 2011 esse
635 1965 803 2011 censui
835 1962 1022 2010 codices
1062 1965 1171 2010 octo
1207 1961 1597 2011 OAPUVIBM
1629 1964 1682 2010 in
1714 1962 1837 2012 duas

153 2035 526 2099 distinguuntur
555 2037 787 2098 familias,
819 2051 1028 2099 quarum
1058 2038 1194 2098 prior
1225 2036 1473 2084 codicibus
1502 2035 1646 2097 OAP,
1678 2037 1836 2085 altera

162 2109 355 2158 VIBM
388 2112 682 2172 continetur,
722 2111 773 2160 U
804 2112 1137 2159 recensionem
1176 2125 1234 2157 ex
1264 2112 1474 2173 utraque
1512 2112 1719 2159 mixtam
1758 2127 1836 2159 ex-

150 2182 300 2231 hibet.
383 2183 530 2232 Modo
584 2186 715 2232 enim
767 2186 811 2232 is
864 2200 976 2232 cum
1025 2182 1170 2245 CAP,
1223 2183 1368 2232 modo
1423 2200 1534 2232 cum
1588 2184 1835 2232 codicibus

152 2257 355 2306 alterius
404 2258 624 2306 familiae
673 2259 889 2307 concinit
935 2259 1084 2320 atque
1129 2259 1203 2305 ita
1250 2257 1449 2320 quidem
1493 2260 1550 2305 ut
1597 2258 1659 2306 ad
1704 2258 1836 2306 idem

152 2331 399 2393 exemplar
435 2332 606 2380 redeat
643 2347 669 2379 e
709 2347 805 2394 quo
835 2332 875 2379 I
906 2333 1258 2393 transscriptus
1297 2334 1383 2380 est.
1463 2332 1513 2380 U
1547 2333 1597 2378 et
1633 2332 1672 2379 I
1704 2334 1835 2380 enim

153 2404 247 2452 soli
284 2407 443 2454 certas
481 2406 717 2454 lectiones
755 2406 908 2454 falsas
950 2405 1209 2468 praebent,
1256 2407 1313 2453 ut
1351 2404 1527 2454 τούτου
1564 2422 1654 2467 pro
1693 2405 1834 2454 τοῦδε

150 2494 198 2539 p.
219 2479 404 2541 2o,10,
437 2477 597 2541 φόνον
626 2495 718 2541 pro
750 2478 912 2542 φόνου
943 2496 990 2541 p.
1020 2481 1104 2540 20,
1123 2481 1171 2539 5,
1210 2485 1297 2527 τοῦ
1336 2481 1570 2527 omissum
1607 2496 1654 2541 p.
1676 2481 1758 2541 29,
1790 2483 1834 2540 1,

150 2550 412 2600 lectionem
450 2552 696 2601 diversam
742 2569 772 2600 a
810 2550 1146 2617 μεταπέπτωκε
1183 2569 1229 2614 p.
1265 2554 1349 2614 37,
1375 2554 1422 2614 8,
1472 2568 1589 2600 nam
1628 2570 1744 2615 μετα
1781 2555 1834 2601 in

151 2627 360 2687 utroque
384 2629 580 2674 tantum
602 2628 774 2676 manui
797 2627 1074 2675 correcti-ici
1098 2625 1315 2674 debetur.
1372 2625 1444 2674 Of.
1468 2629 1503 2673 t.
1521 2626 1546 2674 I
1575 2643 1622 2688 p.
1641 2627 1745 2675 433
1762 2642 1833 2688 sq.

271 2754 313 2807 1)
338 2750 404 2796 Cf.
422 2753 455 2795 t.
468 2751 490 2794 Ι
505 2767 550 2808 p.
563 2756 630 2796 78.
663 2752 735 2796 Ab
751 2753 841 2796 hoc
855 2752 1130 2796 varietatem
1144 2751 1359 2796 lectionis
1376 2751 1438 2795 ad
1454 2751 1711 2796 orationem
1727 2751 1834 2795 XIX

151 2808 267 2864 πρὸς
293 2809 548 2855 Θεοδόσιον
571 2812 678 2867 περὶ
700 2816 782 2867 τῆς
805 2810 1004 2863 στάσεως
1028 2811 1112 2868 (t.I
1130 2826 1175 2868 p.
1192 2815 1424 2855 626—643
1438 2810 1495 2867 R)
1521 2812 1759 2854 enotatam
1784 2824 1832 2854 se

153 2868 386 2924 accepisse
406 2870 608 2913 testatur
621 2870 669 2913 L.
689 2869 747 2914 de
765 2870 943 2924 Sinner,
958 2869 1073 2914 Nov.
1088 2869 1163 2914 SS.
1178 2869 1302 2913 Patr.
1317 2869 1476 2913 Graec.
1493 2869 1658 2913 delect.
1674 2885 1705 2925 p
1733 2874 1830 2922 194,

153 2938 246 2980 qua
276 2926 334 2970 de
362 2940 411 2971 re
444 2927 654 2972 conferas
686 2942 805 2985 quae
836 2928 960 2972 infra
990 2929 1051 2973 ad
1080 2929 1203 2972 hanc
1234 2929 1492 2972 orationem
1523 2928 1744 2972 dicemus.
