2072 3162
207 173 278 227 70
739 173 967 218 LIBANII
997 172 1220 218 ORATIO
1252 173 1358 218 XIII

205 310 307 378 τὴν
346 307 500 378 λῆξιν
538 315 633 378 τῆς
660 306 908 377 Ἀθηνᾶς.
985 305 1177 378 ὦφθαι
1215 306 1277 362 δὲ
1306 308 1414 363 ὑπὸ
1455 317 1558 363 σοῦ
1590 311 1691 379 τὴν
1720 311 1887 363 πόλιν

208 400 367 467 ἔφην,
407 397 490 450 ὅτι
530 398 597 465 δὴ
630 395 812 465 γέμων
852 395 911 450 ἐκ
948 404 1042 466 τῆς
1073 395 1283 460 Ἰωνίας
1321 400 1502 466 λόγων
1538 396 1707 452 οὐδὲν
1738 397 1890 467 ἐδεή-

115 499 263 543 R411
303 492 411 554 θης
449 493 543 553 τῆς
581 487 963 555 μητροπόλεως
1010 487 1086 548 εἰς
1134 489 1362 555 σοφίαν,
1409 485 1527 540 ἀλλ’
1583 486 1589 555 Ι
1639 482 1706 539 οὗ
1753 506 1888 554 μαν-

206 575 404 628 θάνειν
464 575 655 642 νόμος,
717 572 962 627 ἐνταῦθα
1022 575 1298 627 δεικνύειν
1359 569 1498 644 εἶχες
1559 574 1593 627 ἃ
1653 577 1888 644 κομίζων

162 685 183 718 5
210 662 388 732 ἄφῖξο.

315 751 402 804 20.
449 752 527 804 Τὰ
558 751 619 804 δὲ
657 750 746 804 ἐπὶ
784 752 1001 814 τούτοις
1038 749 1118 804 ἔτι
1147 754 1305 818 μείζω
1337 752 1438 820 τὴν
1469 750 1747 816 ἀπόδειξιν
1778 749 1887 821 ἔχει

203 847 303 893 τοῦ
348 842 580 908 βουλαῖς
620 841 899 907 δαιμόνων
946 840 1287 893 διοικεῖσθαί
1330 853 1419 892 σοι
1464 841 1563 893 τὸν
1609 842 1750 909 βίον,
1796 839 1887 893 καὶ

204 929 278 991 ὡς
322 929 675 998 περιστάντες
721 927 1040 999 ἐφρούρουν
1084 947 1142 981 τε
1189 930 1507 997 φιλοπόνως
1558 926 1650 981 καὶ
1696 931 1889 998 φόβων

206 1018 375 1069 ἔλυόν
405 1036 463 1069 τε
493 1015 585 1070 καὶ
614 1017 752 1088 πρὸς
784 1018 1024 1084 δύναμιν
1055 1012 1210 1085 ἦγον,
1246 1016 1313 1070 οὐ
1344 1018 1480 1070 κατὰ
1509 1017 1707 1087 μικρὸν
1730 1016 1888 1087 ἐργα-

134 1128 181 1161 10
207 1107 422 1174 ζόμενοι
467 1106 568 1174 τὴν
612 1106 944 1175 μετάστασιν
989 1104 1051 1159 ἐν
1095 1108 1253 1175 μήκει
1298 1108 1533 1175 χρόνων,
1583 1104 1698 1159 ἀλλ’
1738 1105 1889 1176 ἀγχι-

207 1196 431 1266 στρόφῳ
470 1197 742 1265 μεταβολῇ
782 1195 882 1263 τὴν
920 1196 1206 1262 βασιλείαν
1242 1195 1447 1263 δόντες,
1488 1194 1651 1248 ὁποῖα
1681 1195 1747 1248 τὰ
1777 1204 1889 1248 τῶν

205 1288 374 1352 θεῶν,
437 1279 605 1336 οὐδὲν
665 1280 931 1354 χρῄζοντα
985 1284 1286 1354 διατριβῆς,
1349 1282 1486 1336 ἀλλὰ
1540 1284 1889 1337 συνάπτοντα

203 1379 319 1434 τοῖς
357 1370 723 1439 ἐγνωσμένοις
759 1373 821 1424 τὸ
853 1370 1034 1449 πέρας.
1111 1372 1196 1424 21.
1237 1371 1378 1425 οὕτω
1419 1372 1487 1440 δὴ
1526 1371 1618 1425 καὶ
1658 1369 1719 1424 σε
1755 1374 1889 1440 μετὰ

205 1460 307 1528 μὲν
343 1467 443 1513 τοῦ
475 1463 744 1530 τρίβωνος
766 1458 1086 1529 Ἀθήνηθεν
1117 1459 1440 1529 ἀνέστησαν,
1480 1459 1540 1513 ε’ν
1571 1461 1633 1514 δὲ
1662 1468 1727 1532 τῇ
1759 1481 1888 1531 κρα-

138 1570 181 1604 15
205 1549 376 1619 τούσῃ
415 1549 551 1601 κατὰ
589 1551 763 1617 νόμον
802 1548 997 1617 ἐσθῆτι
1035 1548 1236 1618 ταχέως
1281 1547 1496 1613 ἔδειξαν
1542 1549 1793 1603 ἀπιστεῖν
1830 1569 1888 1603 τε

205 1644 306 1690 τοῦ
347 1638 600 1700 διδόντος
639 1637 1082 1706 ἀναγκαζομένου
1118 1636 1208 1690 καὶ
1239 1637 1575 1705 πειθομένου
1608 1639 1890 1692 πιστεύειν

205 1723 296 1778 καὶ
344 1732 451 1779 νῦν
496 1726 598 1793 μὲν
645 1725 1063 1795 ἀνειργομένου,
1118 1734 1225 1779 νῦν
1271 1723 1332 1779 δὲ
1377 1726 1889 1797 παρακαλουμένου,

204 1814 265 1866 τὸ
304 1810 406 1882 μὲν
446 1812 499 1877 ἐξ
534 1810 611 1867 ὧν
650 1815 796 1887 αὐτῷ
832 1812 1063 1886 συνῄδει
1101 1816 1465 1882 πεπονθότος,
1503 1816 1565 1868 τὸ
1606 1811 1665 1868 δὲ
1698 1814 1756 1868 ἐκ
1794 1823 1890 1884 τῆς

207 1909 306 1970 σῆς
355 1903 573 1971 φύσεως
624 1902 942 1972 δεχομένου,
996 1904 1258 1966 πολλάκις
1307 1902 1392 1972 ἐφ’
1425 1901 1680 1973 ἑκάτερον
1731 1923 1889 1971 μετα-

137 2013 183 2045 20
206 1992 520 2060 πίπτοντος,
560 1990 659 2054 ἕως
698 1991 726 2044 ὁ
760 1993 935 2060 φόβος
965 1992 1284 2062 ὑπεχώρησε
1322 2000 1386 2062 τῇ
1425 1993 1619 2045 πίστει.
1696 1993 1780 2044 22.
1821 1992 1889 2045 οὐ

206 2080 316 2149 μὴν
354 2078 413 2132 ἐκ
452 2089 563 2133 τῶν
609 2082 772 2133 λείων
817 2080 908 2132 καὶ
953 2076 1119 2149 ἦττον
1165 2078 1459 2148 ἐπιπόνων,
1514 2080 1694 2148 ὥσπερ
1745 2079 1889 2142 εἰκὸς

205 2171 396 2222 πῶλον
433 2171 495 2222 τό
534 2188 595 2236 γε
633 2178 855 2238 πρῶτον
892 2168 1242 2236 ὑπαγόμενον
1281 2171 1436 2239 ζυγῷ,
1479 2175 1574 2235 τῆς
1611 2169 1889 2235 βασιλείας

328 2318 350 2356 1
385 2313 442 2357 cf.
475 2328 537 2357 or.
564 2313 648 2357 XII
678 2329 723 2370 p.
750 2319 820 2369 21,
840 2319 862 2357 1
988 2319 1038 2357 11
1075 2313 1215 2356 Thuo.
1241 2312 1284 2355 II
1302 2316 1430 2367 53,1.
1476 2312 1532 2356 of.
1557 2312 1578 2354 Ι
1603 2312 1830 2367 618‚15R

325 2451 350 2489 2
399 2447 453 2490 οὐ
517 2444 585 2490 ὅτι
617 2445 772 2490 Gasda
830 2447 836 2505 Ι
891 2454 983 2490 τῶν
1015 2446 1065 2491 ἐκ
1097 2445 1253 2491 Gasda
1309 2446 1315 2504 Ι
1374 2445 1531 2503 οὐδὲν]
1563 2461 1606 2488 τι
1645 2443 1800 2488 Gasda,

206 2509 236 2547 3
268 2504 382 2548 ἀλλὰ
414 2518 438 2548 e
474 2506 504 2547 d
626 2510 650 2548 5
684 2505 836 2561 ἀφέξω
864 2507 949 2550 Mo
973 2507 1020 2549 ei:
1044 2506 1102 2550 M
1134 2505 1216 2548 sed
1246 2505 1296 2548 in
1326 2504 1414 2548 hoc
1445 2504 1495 2547 in
1525 2504 1666 2559 ἀφῖξο
1697 2517 1797 2546 con·
1819 2504 1890 2546 m⁵

270 2567 293 2606 7
327 2565 515 2622 βουλαῖς
546 2578 686 2621 supra
717 2566 884 2623 βουλῆς
915 2564 1023 2610 Mo’
1060 2566 1066 2620 Ι
1102 2563 1426 2619 ὃιοικήσεσθαι
1456 2563 1557 2607 Mor
1677 2566 1702 2605 8
1734 2577 1781 2605 τε
1813 2575 1887 2605 om

210 2681 295 2725 Mo
322 2680 328 2738 1
357 2678 506 2739 φόβον
545 2682 809 2726 UIBMMo
929 2686 953 2725 9
987 2623 1103 2737 “egge
1135 2683 1169 2726 Ι
1224 2681 1289 2732 εἰς
1319 2681 1429 2726 ΒΜ
1459 2682 1465 2737 Ι
1500 2681 1555 2725 οὐ
1586 2679 1636 2723 in
1658 2691 1733 2722 ras
1758 2679 1829 2722 P2

207 2743 265 2782 10
296 2755 351 2796 γρ
375 2738 666 2798 περιστρόφῳ
698 2741 747 2784 in
778 2754 911 2798 marg
941 2741 1042 2784 Mor
1186 2745 1238 2783 11
1273 2737 1483 2791 διδόντες
1513 2739 1550 2783 S
1578 2738 1668 2782 edd
1704 2740 1709 2795 Ι
1745 2735 1822 2782 οἷα
1854 2738 1890 2782 S

208 2797 310 2841 Mor
431 2803 484 2841 13
517 2799 596 2842 καὶ
627 2798 693 2856 σὲ]
728 2813 777 2843 σε
808 2801 887 2843 καὶ
915 2799 952 2844 S
971 2800 1073 2843 Mor
1194 2803 1246 2843 16
1279 2799 1359 2842 καὶ
1390 2797 1451 2855 μὴ
1482 2795 1765 2853 πειθομένου
1792 2798 1836 2840 V

210 2860 266 2899 18
300 2853 311 2871 ‘
343 2856 393 2899 in
425 2857 549 2916 αὑτᾷ)
574 2871 629 2901 ex
656 2854 668 2870 ’
706 2871 807 2902 corr
829 2858 898 2902 B²
959 2865 1083 2902 αυτῶ
1118 2859 1162 2903 U
1215 2857 1338 2901 αὐτῶ
1370 2857 1514 2902 ΜΜο
1635 2860 1688 2899 19
1719 2854 1887 2899 πολλά-

205 2931 282 2966 κις
312 2916 391 2958 καὶ
423 2913 501 2971 ἐφ’
530 2917 614 2960 Mo
735 2921 789 2959 22
822 2915 873 2960 τό
904 2933 954 2973 γε
987 2917 1150 2973 scripsi
1209 2914 1261 2961 τό
1292 2932 1339 2960 τε
1370 2916 1480 2959 libri
1504 2915 1594 2959 edd
1653 2930 1702 2958 τε
1734 2914 1889 2957 delen-

207 2973 322 3019 dum
353 2976 509 3019 censet
540 2974 744 3019 Sintenie
786 2977 792 3031 Ι
834 2993 888 3033 γρ
923 2974 1207 3033 ἐπαγόμενον
1237 2976 1286 3018 in
1310 2988 1443 3031 marg
1465 2974 1567 3018 Mor
