2060 3162
256 187 365 242 550
765 189 995 233 LIBANII
1025 188 1250 234 ORATIO
1283 188 1411 234 XXV

254 325 539 394 ἡδόμενος,
579 325 850 388 δαπάναις
888 324 978 378 καὶ
1010 327 1203 388 πόνοις
1241 326 1331 378 καὶ
1362 317 1744 396 προσεδρείαις
1775 330 1945 380 πλέον

255 412 287 481 ἢ
327 412 545 482 κέρδεσι
595 412 686 466 καὶ
727 414 1024 483 εὐθυμίαις
1074 417 1296 484 χαίρων,
1346 415 1528 484 τυχὼν
1572 415 1674 482 μὲν
1711 414 1825 482 μετ’
1857 415 1944 468 εὐ-

254 504 462 570 θυμίας
500 503 847 572 θεραπεύων,
879 499 1169 572 ’ἀτυχήσας
1207 500 1269 555 δὲ
1306 503 1450 574 πάσῃ
1490 503 1648 574 τέχνῃ
1689 503 1779 557 καὶ
1820 505 1945 557 δου-

164 604 343 649 RII71
386 593 504 662 λείᾳ
550 591 615 643 τὰ
653 592 880 644 παιδικὰ
918 592 1194 662 θηρεύων.
1272 593 1358 645 27,
1409 591 1501 645 καὶ
1549 589 1718 646 οὐδὲν
1769 593 1944 656 οὕτως

211 702 230 734 5
255 681 535 733 ἀδύνατον
567 679 595 733 ὁ
630 679 904 749 ἐρώμενος
934 679 1271 748 ἐπαγγέλλει,
1305 679 1334 734 ὃ
1359 682 1431 750 μὴ
1463 689 1610 734 πᾶσα
1641 681 1850 750 ἀνάγκη
1875 688 1950 754 τῷ

254 768 573 841 τετρωμένῳ
631 770 1042 836 καταπράττειν.
1135 771 1186 822 εἰ
1239 766 1299 822 δὲ
1356 769 1654 839 ἀμήχανον,
1715 772 1943 839 τεθναίη

255 865 467 912 θᾶττον
506 857 576 910 ἂν
615 858 647 927 ἢ
686 860 1031 927 προαπείποι.
1107 860 1285 911 καίτοι
1319 859 1542 922 δούλοις
1576 879 1637 927 γε
1667 859 1947 929 ἡμετέροις

255 949 322 1001 τὰ
359 947 607 1001 ἀδύνατα
652 956 765 999 τῶν
804 948 983 1015 ε”ργων
1020 948 1123 1016 ἤδη
1163 948 1288 1000 τινὰ
1333 951 1662 1017 παραίτησιν
1698 949 1945 1016 ἤνεγκεν,

258 1039 373 1090 ἔστι
407 1033 467 1088 δὲ
500 1029 582 1098 οἷς
613 1034 739 1104 <καὶ
773 1036 874 1102 τὰ)
906 1030 1152 1089 ἀδύνατα
1191 1033 1294 1105 μὲν
1326 1037 1411 1103 οὔ,
1449 1037 1594 1104 μάλα
1627 1038 1687 1090 δὲ
1720 1035 1945 1107 ἐργώδη.

190 1148 232 1179 10
257 1125 520 1188 ἀκούσαις
568 1123 616 1176 δ’
648 1123 718 1176 ὀὲν
765 1123 855 1177 καὶ
902 1123 1030 1194 παρ’
1060 1125 1244 1178 αὐτῶν
1290 1145 1352 1193 γε
1398 1135 1509 1177 τῶν
1555 1124 1827 1194 ἐρώντων,
1875 1126 1948 1188 ὡς

255 1215 642 1282 δουλεύουσιν,
694 1212 764 1280 ἢν
812 1213 884 1276 ὡς
930 1213 1222 1267 ἀδικοῦσιν
1269 1214 1456 1276 αὐτοῖς
1501 1217 1698 1284 καθίζῃ
1745 1234 1827 1276 τις
1867 1215 1947 1267 δι-

253 1305 568 1372 καστήριον.
647 1301 837 1372 ἐροῦσι
883 1303 1013 1372 γάρ,
1066 1303 1139 1365 ὡς
1186 1303 1420 1371 ἅγονταί
1461 1323 1518 1355 τε
1565 1301 1654 1355 καὶ
1694 1302 1947 1356 ἕλκονται

253 1393 343 1446 καὶ
386 1392 414 1445 ὁ
454 1393 776 1459 βιαζόμενος
814 1399 910 1459 τῆς
950 1401 1111 1460 σφῶν
1148 1392 1368 1460 γνώμης
1402 1392 1790 1461 δυνατώτερος.
1857 1390 1947 1444 καὶ

253 1487 418 1534 τοῦτο
468 1482 534 1549 δὴ
575 1481 918 1548 παθημάτων
965 1480 1223 1533 ἁπάντων
1269 1480 1504 1549 μάλιστα
1550 1481 1949 1548 συγγνώμονας

191 1591 230 1623 15
256 1569 325 1622 ἂν
372 1569 455 1622 ὅτι
495 1572 785 1631 πλείστους
831 1566 971 1637 ἔχοι,
1022 1577 1187 1622 τοῦτο
1234 1569 1335 1638 μὲν
1382 1570 1455 1631 ὡς
1495 1571 1852 1639 ἰσχυρότατόν
1889 1588 1948 1623 τε

255 1657 345 1711 καὶ
387 1663 588 1730 οἴστρῳ
635 1659 735 1726 τὴν
774 1659 958 1726 ψυχὴν
997 1656 1251 1725 ἐλαῦνον,
1305 1666 1468 1711 τοῦτο
1517 1658 1579 1711 δὲ
1618 1657 1691 1720 ὡς
1738 1657 1948 1726 ἁπάσης

254 1755 430 1817 ψυχῆς
483 1747 516 1816 ἢ
570 1756 682 1799 τῶν
739 1766 800 1814 γε
854 1748 1127 1800 πλείστων
1180 1746 1502 1814 ἁπτόμενον.
1581 1746 1946 1816 εὐαρίθμητοι

257 1836 362 1904 γὰρ
403 1836 470 1904 δὴ
510 1845 622 1888 τῶν
660 1838 840 1902 βελῶν
879 1836 1092 1888 τούτων
1132 1837 1406 1904 ἄγευστοι.

366 1924 451 1976 28.
500 1926 622 1977 Τίνι
662 1925 729 1992 δὴ
768 1924 1013 1996 τοσούτῳ
1054 1927 1356 1977 κατατείνει
1398 1925 1664 1993 δεσπότης
1703 1923 1943 1992 οῑκέτην;

188 2034 231 2067 20
255 2007 298 2085 ᾧ
330 2015 493 2066 τοῦτό
541 2011 692 2065 ε’στιν
738 2013 770 2081 ἡ
820 2014 1044 2066 δουλεία
1090 2018 1434 2082 θεραπεῦσαι
1479 2013 1576 2065 τὸν
1615 2012 1946 2081 κεκτημένον

255 2110 374 2164 ταῖς
424 2100 485 2154 ἐν
532 2102 737 2173 δείπνῳ
792 2100 883 2154 καὶ
932 2108 1187 2171 λουτροῖς
1242 2103 1547 2163 διακονίαις
1600 2100 1689 2154 καὶ
1741 2105 1946 2154 πλῦναι

254 2188 464 2258 ἐσθῆτα
509 2190 597 2242 καὶ
650 2188 827 2254 ζεῦξαι
875 2193 1065 2257 ζεῦγος
1109 2189 1199 2242 καὶ
1250 2191 1531 2252 λειψάνοις
1578 2191 1732 2252 ὄψων
1772 2188 1947 2242 ἑστια-

375 2370 429 2409 16
460 2365 580 2410 Plat.
605 2365 719 2421 Rep.
745 2364 808 2407 IX
838 2379 883 2420 p.
903 2369 987 2408 577
1006 2365 1056 2410 E.
1091 2364 1289 2408 Phaedr.
1313 2379 1356 2420 p.
1378 2364 1516 2407 2401)
1641 2368 1693 2406 19
1726 2378 1771 2419 p.
1799 2367 1899 2417 363,
1919 2368 1946 2407 4

378 2533 399 2571 1
435 2525 736 2583 προσεδρίαις
767 2528 813 2571 Β
844 2527 936 2570 edd
1058 2532 1081 2569 2
1115 2526 1198 2582 μὲν
1230 2541 1306 2570 om
1338 2528 1381 2571 U
1436 2526 1561 2569 inser
1583 2526 1642 2570 1⁸
1769 2530 1794 2568 3
1828 2524 1947 2583 δόλῳ

257 2586 363 2631 coni
395 2586 597 2630 Sintenis
639 2586 741 2630 coll.
776 2586 913 2630 Isocr.
938 2585 1085 2643 Euag.
1110 2601 1154 2642 p.
1176 2590 1296 2629 195e
1337 2585 1449 2641 μετὰ
1489 2583 1628 2630 δόλου
1668 2586 1749 2629 καὶ
1786 2583 1948 2643 τέχνης

316 2650 344 2688 4
375 2646 608 2690 θωπεύων
635 2646 679 2689 V
793 2650 818 2688 5
852 2644 876 2688 ὁ
888 2644 1146 2719 ἐρώμενος]
1174 2644 1405 2701 ὁρώμενος
1431 2647 1514 2689 Mo
1531 2644 1634 2688 Mor
1754 2649 1779 2686 6
1806 2659 1946 2686 κατα-

259 2702 438 2772 πράττη
472 2705 557 2749 Mo
582 2704 684 2747 Mor
828 2709 851 2746 7
885 2702 945 2747 ἂν
977 2717 1053 2747 om
1076 2704 1144 2747 Re
1172 2706 1178 2759 Ι
1205 2701 1519 2760 προσαπείποι
1561 2705 1604 2747 V
1629 2703 1712 2747 sed
1743 2717 1768 2746 σ
1800 2715 1902 2745 eras
1937 2704 1944 2758 Ι

256 2779 308 2820 γε
337 2750 502 2818 ecnpsi
535 2765 724 2807 aucssore
755 2763 824 2807 Re
867 2765 910 2819 („
913 2766 1003 2807 sive
1044 2761 1282 2819 ἡμετέροις
1322 2765 1387 2807 sic
1423 2763 1600 2807 ‘nudum
1637 2766 1821 2805 maneat
1857 2762 1948 2805 sive

255 2823 480 2867 articulus
509 2830 608 2873 τοῖς
638 2824 682 2866 ei
705 2823 1005 2880 praefiyatur
1009 2824 1037 2878 ⁶)
1097 2838 1146 2866 τε
1177 2821 1288 2865 libri
1313 2821 1405 2865 edd
1524 2825 1549 2864 9
1582 2822 1663 2865 καὶ
1692 2819 1750 2864 τὰ
1773 2819 1947 2862 inserui

318 2885 370 2924 11
403 2877 473 2931 τίς
498 2881 804 2925 MoBVMor
954 2885 1009 2924 14
1049 2882 1375 2938 συγγνώμονας
1409 2880 1447 2925 C'
1474 2880 1555 2923 sed
1588 2896 1674 2923 ονα
1705 2879 1754 2921 in
1777 2891 1852 2921 ras
1878 2878 1947 2921 m2

318 2941 588 2997 συγγνώμας
610 2941 645 2982 Ι
762 2944 815 2983 15
842 2937 1136 2997 ἰσχυρότερον
1162 2941 1208 2984 Β
1331 2942 1385 2982 18
1411 2938 1468 2995 δὴ
1486 2938 1632 2997 <οὶ>ἱ>
1755 2943 1807 2980 21
1834 2936 1947 2981 πλύ-

258 3014 339 3043 ναι
371 2999 587 3043 AMoUI
