<?xml version="1.0" encoding="UTF-8"?>
<!DOCTYPE html PUBLIC "-//W3C//DTD XHTML 1.0 Transitional//EN"
    "http://www.w3.org/TR/xhtml1/DTD/xhtml1-transitional.dtd">
<html xmlns="http://www.w3.org/1999/xhtml" xml:lang="en" lang="en">
 <head>
  <title>
</title>
<meta http-equiv="Content-Type" content="text/html;charset=utf-8" />
  <meta name='ocr-system' content='tesseract 3.04.00' />
  <meta name='ocr-capabilities' content='ocr_page ocr_carea ocr_par ocr_line ocrx_word'/>
</head>
<body>
  <div class='ocr_page' id='page_1' title='image "./operarecensuitri02libauoft_0557.png"; bbox 0 0 2060 3162; ppageno 0'>
   <div class='ocr_carea' id='block_1_1' title="bbox 680 110 1839 166">
    <p class='ocr_par' dir='ltr' id='par_1_1' title="bbox 680 110 1839 166">
     <span class='ocr_line' id='line_1_1' title="bbox 680 110 1839 166; baseline 0.001 -11"><span class='ocrx_word' id='word_1_1' title='bbox 680 111 911 156; x_wconf 84' lang='lat' dir='ltr'><strong>LIBANH</strong></span> <span class='ocrx_word' id='word_1_2' title='bbox 942 110 1168 156; x_wconf 80' lang='lat' dir='ltr'><strong>ORATIO</strong></span> <span class='ocrx_word' id='word_1_3' title='bbox 1199 111 1327 157; x_wconf 84' lang='lat' dir='ltr'><em>xxv</em></span> <span class='ocrx_word' id='word_1_4' title='bbox 1731 113 1839 166; x_wconf 83' lang='lat'><em>547</em></span> 
     </span>
    </p>
   </div>
   <div class='ocr_carea' id='block_1_2' title="bbox 138 245 1930 1918">
    <p class='ocr_par' dir='ltr' id='par_1_2' title="bbox 138 245 1930 1918">
     <span class='ocr_line' id='line_1_2' title="bbox 146 245 1930 319; baseline 0.002 -17"><span class='ocrx_word' id='word_1_5' title='bbox 146 249 419 302; x_wconf 79' lang='grc' dir='ltr'><strong><em>δεσπότου</em></strong></span> <span class='ocrx_word' id='word_1_6' title='bbox 453 245 460 319; x_wconf 87' lang='grc' dir='ltr'>Ι</span> <span class='ocrx_word' id='word_1_7' title='bbox 493 257 613 310; x_wconf 89' lang='grc' dir='ltr'><em>ταῖς</em></span> <span class='ocrx_word' id='word_1_8' title='bbox 650 248 790 318; x_wconf 78' lang='grc' dir='ltr'><em>ὑπὲρ</em></span> <span class='ocrx_word' id='word_1_9' title='bbox 822 255 923 301; x_wconf 87' lang='grc' dir='ltr'><em>τοῦ</em></span> <span class='ocrx_word' id='word_1_10' title='bbox 962 248 1215 317; x_wconf 83' lang='grc' dir='ltr'><em>μετώπου</em></span> <span class='ocrx_word' id='word_1_11' title='bbox 1246 246 1438 318; x_wconf 79' lang='grc' dir='ltr'><em>θριξὶν</em></span> <span class='ocrx_word' id='word_1_12' title='bbox 1469 247 1718 301; x_wconf 84' lang='grc' dir='ltr'><em>ἐπικατα-</em></span> <span class='ocrx_word' id='word_1_13' title='bbox 1749 260 1792 305; x_wconf 86' lang='lat' dir='ltr'>R</span> <span class='ocrx_word' id='word_1_14' title='bbox 1815 261 1930 306; x_wconf 82' lang='lat'><em>1169</em></span> 
     </span>
     <span class='ocr_line' id='line_1_3' title="bbox 144 335 1842 409; baseline 0.001 -18"><span class='ocrx_word' id='word_1_15' title='bbox 144 341 309 407; x_wconf 76' lang='grc' dir='ltr'><em>βῆναι</em></span> <span class='ocrx_word' id='word_1_16' title='bbox 362 338 720 404; x_wconf 81' lang='grc' dir='ltr'><strong><em>συγκαλύψας</em></strong></span> <span class='ocrx_word' id='word_1_17' title='bbox 772 337 1058 399; x_wconf 78' lang='grc' dir='ltr'><em>τοῦνειδος</em></span> <span class='ocrx_word' id='word_1_18' title='bbox 1110 335 1287 409; x_wconf 73' lang='grc' dir='ltr'><em>γελῴη</em></span> <span class='ocrx_word' id='word_1_19' title='bbox 1345 339 1430 406; x_wconf 76' lang='grc' dir='ltr'><em>ἄν,</em></span> <span class='ocrx_word' id='word_1_20' title='bbox 1493 339 1565 400; x_wconf 83' lang='grc' dir='ltr'><em>ὡς</em></span> <span class='ocrx_word' id='word_1_21' title='bbox 1618 339 1687 407; x_wconf 86' lang='grc' dir='ltr'><em>δὴ</em></span> <span class='ocrx_word' id='word_1_22' title='bbox 1739 339 1842 392; x_wconf 81' lang='grc' dir='ltr'><em>οὐκ</em></span> 
     </span>
     <span class='ocr_line' id='line_1_4' title="bbox 145 424 1841 496; baseline 0 -16"><span class='ocrx_word' id='word_1_23' title='bbox 145 424 481 496; x_wconf 75' lang='grc' dir='ltr'><strong><em>ἐστιγμένος,</em></strong></span> <span class='ocrx_word' id='word_1_24' title='bbox 512 426 614 479; x_wconf 91' lang='grc' dir='ltr'><em>τὸν</em></span> <span class='ocrx_word' id='word_1_25' title='bbox 646 426 708 479; x_wconf 82' lang='grc' dir='ltr'><em>δὲ</em></span> <span class='ocrx_word' id='word_1_26' title='bbox 740 426 908 480; x_wconf 78' lang='grc' dir='ltr'><em>οὐδὲν</em></span> <span class='ocrx_word' id='word_1_27' title='bbox 931 425 1002 479; x_wconf 79' lang='grc' dir='ltr'><em>ἂν</em></span> <span class='ocrx_word' id='word_1_28' title='bbox 1031 427 1278 494; x_wconf 85' lang='grc' dir='ltr'><em>ποιήσειε</em></span> <span class='ocrx_word' id='word_1_29' title='bbox 1310 428 1383 495; x_wconf 87' lang='grc' dir='ltr'><em>μὴ</em></span> <span class='ocrx_word' id='word_1_30' title='bbox 1409 427 1532 496; x_wconf 86' lang='grc' dir='ltr'><em>οὐχὶ</em></span> <span class='ocrx_word' id='word_1_31' title='bbox 1560 430 1841 496; x_wconf 81' lang='grc' dir='ltr'><em>τήκεσθαι.</em></span> 
     </span>
     <span class='ocr_line' id='line_1_5' title="bbox 144 509 1841 585; baseline -0.001 -17"><span class='ocrx_word' id='word_1_32' title='bbox 144 517 227 578; x_wconf 85' lang='grc' dir='ltr'><em>τίς</em></span> <span class='ocrx_word' id='word_1_33' title='bbox 280 514 350 568; x_wconf 77' lang='grc' dir='ltr'><em>ἂν</em></span> <span class='ocrx_word' id='word_1_34' title='bbox 403 509 508 568; x_wconf 80' lang='grc' dir='ltr'><em>οὖν</em></span> <span class='ocrx_word' id='word_1_35' title='bbox 562 511 624 568; x_wconf 82' lang='grc' dir='ltr'><em>εὖ</em></span> <span class='ocrx_word' id='word_1_36' title='bbox 680 523 911 585; x_wconf 80' lang='grc' dir='ltr'><em>φρονῶν</em></span> <span class='ocrx_word' id='word_1_37' title='bbox 966 515 1067 584; x_wconf 87' lang='grc' dir='ltr'><em>οὐχ</em></span> <span class='ocrx_word' id='word_1_38' title='bbox 1121 511 1288 584; x_wconf 83' lang='grc' dir='ltr'><em>ἧττον</em></span> <span class='ocrx_word' id='word_1_39' title='bbox 1341 515 1608 584; x_wconf 78' lang='grc' dir='ltr'><em>ἡγήσαιτο</em></span> <span class='ocrx_word' id='word_1_40' title='bbox 1670 516 1841 569; x_wconf 88' lang='grc' dir='ltr'><em>κακὸν</em></span> 
     </span>
     <span class='ocr_line' id='line_1_6' title="bbox 145 602 1906 676; baseline 0.001 -19"><span class='ocrx_word' id='word_1_41' title='bbox 145 603 352 661; x_wconf 83' lang='grc' dir='ltr'><em>ἁλῶναι</em></span> <span class='ocrx_word' id='word_1_42' title='bbox 390 612 508 666; x_wconf 92' lang='grc' dir='ltr'><em>τοῖς</em></span> <span class='ocrx_word' id='word_1_43' title='bbox 546 606 832 673; x_wconf 86' lang='grc' dir='ltr'><em>πολεμίοις</em></span> <span class='ocrx_word' id='word_1_44' title='bbox 871 603 904 672; x_wconf 77' lang='grc' dir='ltr'>ἢ</span> <span class='ocrx_word' id='word_1_45' title='bbox 936 605 1160 672; x_wconf 83' lang='grc' dir='ltr'><em>φθόνον</em></span> <span class='ocrx_word' id='word_1_46' title='bbox 1199 602 1566 674; x_wconf 83' lang='grc' dir='ltr'><em>ἐρριζωμένον</em></span> <span class='ocrx_word' id='word_1_47' title='bbox 1605 604 1667 658; x_wconf 83' lang='grc' dir='ltr'><em>ἐν</em></span> <span class='ocrx_word' id='word_1_48' title='bbox 1697 605 1844 676; x_wconf 81' lang='grc' dir='ltr'><em>αὑτῷ</em></span> <span class='ocrx_word' id='word_1_49' title='bbox 1886 625 1906 658; x_wconf 87' lang='lat'><strong>5</strong></span> 
     </span>
     <span class='ocr_line' id='line_1_7' title="bbox 143 692 1838 763; baseline -0.001 -17"><span class='ocrx_word' id='word_1_50' title='bbox 143 692 483 763; x_wconf 81' lang='grc' dir='ltr'><em>περιφέρειν,</em></span> <span class='ocrx_word' id='word_1_51' title='bbox 514 693 667 762; x_wconf 85' lang='grc' dir='ltr'><em>ὠμόν</em></span> <span class='ocrx_word' id='word_1_52' title='bbox 689 712 747 746; x_wconf 92' lang='grc' dir='ltr'><em>τε</em></span> <span class='ocrx_word' id='word_1_53' title='bbox 769 693 861 746; x_wconf 84' lang='grc' dir='ltr'><em>καὶ</em></span> <span class='ocrx_word' id='word_1_54' title='bbox 886 693 1085 763; x_wconf 88' lang='grc' dir='ltr'><em>πικρὸν</em></span> <span class='ocrx_word' id='word_1_55' title='bbox 1107 693 1197 746; x_wconf 86' lang='grc' dir='ltr'><em>καὶ</em></span> <span class='ocrx_word' id='word_1_56' title='bbox 1228 694 1518 746; x_wconf 91' lang='grc' dir='ltr'><em>σκοτεινὸν</em></span> <span class='ocrx_word' id='word_1_57' title='bbox 1542 693 1838 762; x_wconf 88' lang='grc' dir='ltr'><em>δεσπότην;</em></span> 
     </span>
     <span class='ocr_line' id='line_1_8' title="bbox 255 780 1841 851; baseline 0 -17"><span class='ocrx_word' id='word_1_58' title='bbox 255 782 340 834; x_wconf 83' lang='grc'><em>22.</em></span> <span class='ocrx_word' id='word_1_59' title='bbox 389 780 589 848; x_wconf 85' lang='grc' dir='ltr'><em>Ἴωμεν</em></span> <span class='ocrx_word' id='word_1_60' title='bbox 642 782 710 850; x_wconf 83' lang='grc' dir='ltr'><em>δὴ</em></span> <span class='ocrx_word' id='word_1_61' title='bbox 766 782 857 835; x_wconf 79' lang='grc' dir='ltr'><em>καὶ</em></span> <span class='ocrx_word' id='word_1_62' title='bbox 912 780 1000 835; x_wconf 80' lang='grc' dir='ltr'><em>ἐπὶ</em></span> <span class='ocrx_word' id='word_1_63' title='bbox 1058 783 1189 844; x_wconf 88' lang='grc' dir='ltr'><em>τοὺς</em></span> <span class='ocrx_word' id='word_1_64' title='bbox 1242 783 1689 851; x_wconf 77' lang='grc' dir='ltr'><em>φιλοχρημάτους</em></span> <span class='ocrx_word' id='word_1_65' title='bbox 1744 781 1841 843; x_wconf 85' lang='grc' dir='ltr'><em>οὓς</em></span> 
     </span>
     <span class='ocr_line' id='line_1_9' title="bbox 144 869 1840 941; baseline -0.001 -17"><span class='ocrx_word' id='word_1_66' title='bbox 144 870 459 940; x_wconf 81' lang='grc' dir='ltr'><em>ἐπιστρέφει</em></span> <span class='ocrx_word' id='word_1_67' title='bbox 499 871 694 932; x_wconf 77' lang='grc' dir='ltr'><em>δεινῶς</em></span> <span class='ocrx_word' id='word_1_68' title='bbox 734 870 1143 940; x_wconf 74' lang='grc' dir='ltr'><em>ἀργυροκοπεῑοέ</em></span> <span class='ocrx_word' id='word_1_69' title='bbox 1182 890 1239 923; x_wconf 88' lang='grc' dir='ltr'><em>τε</em></span> <span class='ocrx_word' id='word_1_70' title='bbox 1278 871 1369 924; x_wconf 79' lang='grc' dir='ltr'><em>καὶ</em></span> <span class='ocrx_word' id='word_1_71' title='bbox 1400 872 1722 941; x_wconf 81' lang='grc' dir='ltr'><em>χρυσοχόων</em></span> <span class='ocrx_word' id='word_1_72' title='bbox 1754 869 1840 936; x_wconf 82' lang='grc' dir='ltr'><em>ἐρ-</em></span> 
     </span>
     <span class='ocr_line' id='line_1_10' title="bbox 142 956 1839 1031; baseline -0.001 -18"><span class='ocrx_word' id='word_1_73' title='bbox 142 962 423 1030; x_wconf 78' lang='grc' dir='ltr'><em>γαστήρια.</em></span> <span class='ocrx_word' id='word_1_74' title='bbox 501 961 558 1012; x_wconf 77' lang='grc' dir='ltr'><em>οἱ</em></span> <span class='ocrx_word' id='word_1_75' title='bbox 601 956 663 1012; x_wconf 75' lang='grc' dir='ltr'><em>δὲ</em></span> <span class='ocrx_word' id='word_1_76' title='bbox 702 959 808 1012; x_wconf 78' lang='grc' dir='ltr'><em>κᾶν</em></span> <span class='ocrx_word' id='word_1_77' title='bbox 846 959 1151 1029; x_wconf 82' lang='grc' dir='ltr'><em>ἐντύχωσιν</em></span> <span class='ocrx_word' id='word_1_78' title='bbox 1201 960 1349 1031; x_wconf 76' lang='grc' dir='ltr'><em>ἵππῳ</em></span> <span class='ocrx_word' id='word_1_79' title='bbox 1396 960 1612 1031; x_wconf 77' lang='grc' dir='ltr'><em>μεγάλῳ</em></span> <span class='ocrx_word' id='word_1_80' title='bbox 1653 979 1710 1012; x_wconf 92' lang='grc' dir='ltr'><em>τε</em></span> <span class='ocrx_word' id='word_1_81' title='bbox 1749 960 1839 1012; x_wconf 79' lang='grc' dir='ltr'><em>καὶ</em></span> 
     </span>
     <span class='ocr_line' id='line_1_11' title="bbox 142 1047 1906 1121; baseline 0.001 -20"><span class='ocrx_word' id='word_1_82' title='bbox 142 1052 290 1121; x_wconf 81' lang='grc' dir='ltr'><em>καλῷ</em></span> <span class='ocrx_word' id='word_1_83' title='bbox 323 1047 415 1101; x_wconf 87' lang='grc' dir='ltr'><em>καὶ</em></span> <span class='ocrx_word' id='word_1_84' title='bbox 454 1055 640 1121; x_wconf 79' lang='grc' dir='ltr'><em>χρυσῷ</em></span> <span class='ocrx_word' id='word_1_85' title='bbox 673 1047 1076 1120; x_wconf 77' lang='grc' dir='ltr'><em>κεκοσμημένῳ,</em></span> <span class='ocrx_word' id='word_1_86' title='bbox 1116 1052 1329 1116; x_wconf 83' lang='grc' dir='ltr'><em>μᾶλλον</em></span> <span class='ocrx_word' id='word_1_87' title='bbox 1360 1051 1600 1117; x_wconf 81' lang='grc' dir='ltr'><em>ἔβλεψαν</em></span> <span class='ocrx_word' id='word_1_88' title='bbox 1632 1049 1710 1110; x_wconf 87' lang='grc' dir='ltr'><em>εἰς</em></span> <span class='ocrx_word' id='word_1_89' title='bbox 1739 1049 1840 1102; x_wconf 92' lang='grc' dir='ltr'><em>τὸν</em></span> <span class='ocrx_word' id='word_1_90' title='bbox 1862 1070 1906 1102; x_wconf 81' lang='lat'><em>10</em></span> 
     </span>
     <span class='ocr_line' id='line_1_12' title="bbox 142 1134 1840 1208; baseline 0 -18"><span class='ocrx_word' id='word_1_91' title='bbox 142 1139 353 1208; x_wconf 89' lang='grc' dir='ltr'><em>χρυσὸν</em></span> <span class='ocrx_word' id='word_1_92' title='bbox 397 1136 430 1205; x_wconf 77' lang='grc' dir='ltr'>ἢ</span> <span class='ocrx_word' id='word_1_93' title='bbox 469 1139 570 1206; x_wconf 85' lang='grc' dir='ltr'><em>τὴν</em></span> <span class='ocrx_word' id='word_1_94' title='bbox 615 1145 715 1190; x_wconf 84' lang='grc' dir='ltr'><em>τοῦ</em></span> <span class='ocrx_word' id='word_1_95' title='bbox 767 1137 1083 1207; x_wconf 81' lang='grc' dir='ltr'><em>θρέμματος</em></span> <span class='ocrx_word' id='word_1_96' title='bbox 1137 1137 1351 1207; x_wconf 82' lang='grc' dir='ltr'><em>ἀρετήν.</em></span> <span class='ocrx_word' id='word_1_97' title='bbox 1429 1137 1584 1207; x_wconf 83' lang='grc' dir='ltr'><em>ἀρκεῖ</em></span> <span class='ocrx_word' id='word_1_98' title='bbox 1631 1134 1691 1190; x_wconf 76' lang='grc' dir='ltr'><em>δὲ</em></span> <span class='ocrx_word' id='word_1_99' title='bbox 1742 1137 1840 1190; x_wconf 86' lang='grc' dir='ltr'><em>αὐ-</em></span> 
     </span>
     <span class='ocr_line' id='line_1_13' title="bbox 143 1226 1839 1296; baseline 0 -17"><span class='ocrx_word' id='word_1_100' title='bbox 143 1235 259 1289; x_wconf 91' lang='grc' dir='ltr'><em>τοῖς</em></span> <span class='ocrx_word' id='word_1_101' title='bbox 289 1236 401 1279; x_wconf 90' lang='grc' dir='ltr'><em>τῶν</em></span> <span class='ocrx_word' id='word_1_102' title='bbox 424 1228 717 1296; x_wconf 84' lang='grc' dir='ltr'><em>παρόντων</em></span> <span class='ocrx_word' id='word_1_103' title='bbox 743 1226 930 1295; x_wconf 83' lang='grc' dir='ltr'><em>οὐδέν,</em></span> <span class='ocrx_word' id='word_1_104' title='bbox 961 1227 1023 1279; x_wconf 87' lang='grc' dir='ltr'><em>τὸ</em></span> <span class='ocrx_word' id='word_1_105' title='bbox 1057 1227 1119 1279; x_wconf 83' lang='grc' dir='ltr'><em>δὲ</em></span> <span class='ocrx_word' id='word_1_106' title='bbox 1151 1226 1310 1295; x_wconf 79' lang='grc' dir='ltr'><em>ἀπόν,</em></span> <span class='ocrx_word' id='word_1_107' title='bbox 1352 1226 1435 1280; x_wconf 81' lang='grc' dir='ltr'><em>ὅτι</em></span> <span class='ocrx_word' id='word_1_108' title='bbox 1460 1227 1533 1295; x_wconf 86' lang='grc' dir='ltr'><em>μὴ</em></span> <span class='ocrx_word' id='word_1_109' title='bbox 1556 1227 1839 1295; x_wconf 76' lang='grc' dir='ltr'><em>πάρεστιν,</em></span> 
     </span>
     <span class='ocr_line' id='line_1_14' title="bbox 142 1311 1840 1385; baseline -0.001 -17"><span class='ocrx_word' id='word_1_110' title='bbox 142 1315 333 1385; x_wconf 83' lang='grc' dir='ltr'><em>ὀδυνᾷ.</em></span> <span class='ocrx_word' id='word_1_111' title='bbox 410 1318 556 1368; x_wconf 89' lang='grc' dir='ltr'><em>πολὺ</em></span> <span class='ocrx_word' id='word_1_112' title='bbox 597 1316 658 1368; x_wconf 79' lang='grc' dir='ltr'><em>δὲ</em></span> <span class='ocrx_word' id='word_1_113' title='bbox 704 1317 1024 1382; x_wconf 82' lang='grc' dir='ltr'><em>νομίζουσιν</em></span> <span class='ocrx_word' id='word_1_114' title='bbox 1070 1311 1149 1368; x_wconf 80' lang='grc' dir='ltr'><em>ὧν</em></span> <span class='ocrx_word' id='word_1_115' title='bbox 1196 1319 1421 1385; x_wconf 80' lang='grc' dir='ltr'><em>ἔχουσιν</em></span> <span class='ocrx_word' id='word_1_116' title='bbox 1467 1314 1652 1383; x_wconf 77' lang='grc' dir='ltr'><em>οὐδέν,</em></span> <span class='ocrx_word' id='word_1_117' title='bbox 1701 1314 1840 1368; x_wconf 79' lang='grc' dir='ltr'><em>ἀλλὰ</em></span> 
     </span>
     <span class='ocr_line' id='line_1_15' title="bbox 140 1401 1839 1474; baseline 0.001 -18"><span class='ocrx_word' id='word_1_118' title='bbox 140 1406 203 1458; x_wconf 91' lang='grc' dir='ltr'><em>τὸ</em></span> <span class='ocrx_word' id='word_1_119' title='bbox 243 1402 373 1473; x_wconf 85' lang='grc' dir='ltr'><em>παρ’</em></span> <span class='ocrx_word' id='word_1_120' title='bbox 402 1402 607 1472; x_wconf 81' lang='grc' dir='ltr'><em>ἑτέροις</em></span> <span class='ocrx_word' id='word_1_121' title='bbox 646 1405 714 1458; x_wconf 84' lang='grc' dir='ltr'><em>ὃν</em></span> <span class='ocrx_word' id='word_1_122' title='bbox 760 1407 986 1474; x_wconf 79' lang='grc' dir='ltr'><em>ἔλεγχον</em></span> <span class='ocrx_word' id='word_1_123' title='bbox 1026 1401 1168 1458; x_wconf 84' lang='grc' dir='ltr'><em>εἶναι</em></span> <span class='ocrx_word' id='word_1_124' title='bbox 1214 1412 1310 1472; x_wconf 80' lang='grc' dir='ltr'><em>τῆς</em></span> <span class='ocrx_word' id='word_1_125' title='bbox 1349 1404 1533 1458; x_wconf 87' lang='grc' dir='ltr'><em>αὑτῶν</em></span> <span class='ocrx_word' id='word_1_126' title='bbox 1571 1404 1839 1473; x_wconf 77' lang='grc' dir='ltr'><em>ἡγοῦνται</em></span> 
     </span>
     <span class='ocr_line' id='line_1_16' title="bbox 138 1491 1904 1562; baseline 0.001 -16"><span class='ocrx_word' id='word_1_127' title='bbox 138 1496 344 1556; x_wconf 84' lang='grc' dir='ltr'><em>πενίας.</em></span> <span class='ocrx_word' id='word_1_128' title='bbox 421 1494 715 1562; x_wconf 85' lang='grc' dir='ltr'><em>βούλοιντο</em></span> <span class='ocrx_word' id='word_1_129' title='bbox 767 1492 815 1546; x_wconf 84' lang='grc' dir='ltr'><em>δ’</em></span> <span class='ocrx_word' id='word_1_130' title='bbox 850 1493 920 1546; x_wconf 77' lang='grc' dir='ltr'><em>ἂν</em></span> <span class='ocrx_word' id='word_1_131' title='bbox 972 1494 1152 1546; x_wconf 81' lang='grc' dir='ltr'><em>πάντα</em></span> <span class='ocrx_word' id='word_1_132' title='bbox 1200 1491 1303 1562; x_wconf 78' lang='grc' dir='ltr'><em>μὲν</em></span> <span class='ocrx_word' id='word_1_133' title='bbox 1347 1494 1446 1546; x_wconf 91' lang='grc' dir='ltr'><em>τὸν</em></span> <span class='ocrx_word' id='word_1_134' title='bbox 1493 1495 1838 1562; x_wconf 86' lang='grc' dir='ltr'><em>φαινόμενον</em></span> <span class='ocrx_word' id='word_1_135' title='bbox 1859 1512 1904 1548; x_wconf 77' lang='grc'>15</span> 
     </span>
     <span class='ocr_line' id='line_1_17' title="bbox 141 1581 1838 1652; baseline -0.001 -17"><span class='ocrx_word' id='word_1_136' title='bbox 141 1581 330 1645; x_wconf 88' lang='grc' dir='ltr'><em>αὑτοῖς</em></span> <span class='ocrx_word' id='word_1_137' title='bbox 368 1581 632 1650; x_wconf 78' lang='grc' dir='ltr'><em>γενέσθαι</em></span> <span class='ocrx_word' id='word_1_138' title='bbox 673 1585 898 1652; x_wconf 77' lang='grc' dir='ltr'><em>χρυσόν,</em></span> <span class='ocrx_word' id='word_1_139' title='bbox 937 1583 1116 1635; x_wconf 77' lang='grc' dir='ltr'><em>πάντα</em></span> <span class='ocrx_word' id='word_1_140' title='bbox 1150 1583 1211 1636; x_wconf 80' lang='grc' dir='ltr'><em>δὲ</em></span> <span class='ocrx_word' id='word_1_141' title='bbox 1242 1585 1342 1636; x_wconf 91' lang='grc' dir='ltr'><em>τὸν</em></span> <span class='ocrx_word' id='word_1_142' title='bbox 1374 1581 1437 1636; x_wconf 81' lang='grc' dir='ltr'><em>ἐν</em></span> <span class='ocrx_word' id='word_1_143' title='bbox 1466 1590 1582 1644; x_wconf 86' lang='grc' dir='ltr'><em>τοῖς</em></span> <span class='ocrx_word' id='word_1_144' title='bbox 1611 1584 1838 1644; x_wconf 81' lang='grc' dir='ltr'><em>κόλποις</em></span> 
     </span>
     <span class='ocr_line' id='line_1_18' title="bbox 140 1669 1835 1742; baseline 0 -18"><span class='ocrx_word' id='word_1_145' title='bbox 140 1679 235 1740; x_wconf 81' lang='grc' dir='ltr'><em>τῆς</em></span> <span class='ocrx_word' id='word_1_146' title='bbox 266 1679 379 1740; x_wconf 78' lang='grc' dir='ltr'><em>γῆς.</em></span> <span class='ocrx_word' id='word_1_147' title='bbox 441 1671 526 1723; x_wconf 80' lang='grc'><em>23.</em></span> <span class='ocrx_word' id='word_1_148' title='bbox 561 1670 912 1740; x_wconf 77' lang='grc' dir='ltr'><em>διαλέγονται</em></span> <span class='ocrx_word' id='word_1_149' title='bbox 945 1669 1006 1724; x_wconf 75' lang='grc' dir='ltr'><em>δὲ</em></span> <span class='ocrx_word' id='word_1_150' title='bbox 1039 1670 1122 1724; x_wconf 82' lang='grc' dir='ltr'><em>ἀεὶ</em></span> <span class='ocrx_word' id='word_1_151' title='bbox 1154 1670 1278 1739; x_wconf 86' lang='grc' dir='ltr'><em>περὶ</em></span> <span class='ocrx_word' id='word_1_152' title='bbox 1313 1672 1621 1742; x_wconf 81' lang='grc' dir='ltr'><em>χρημάτων,</em></span> <span class='ocrx_word' id='word_1_153' title='bbox 1654 1670 1835 1740; x_wconf 78' lang='grc' dir='ltr'><em>ὥσπερ</em></span> 
     </span>
     <span class='ocr_line' id='line_1_19' title="bbox 140 1758 1836 1830; baseline -0.001 -17"><span class='ocrx_word' id='word_1_154' title='bbox 140 1761 194 1813; x_wconf 82' lang='grc' dir='ltr'><em>οἱ</em></span> <span class='ocrx_word' id='word_1_155' title='bbox 241 1761 511 1823; x_wconf 82' lang='grc' dir='ltr'><em>διψῶντες</em></span> <span class='ocrx_word' id='word_1_156' title='bbox 557 1761 682 1830; x_wconf 86' lang='grc' dir='ltr'><em>περὶ</em></span> <span class='ocrx_word' id='word_1_157' title='bbox 729 1769 935 1830; x_wconf 79' lang='grc' dir='ltr'><em>πηγῶν.</em></span> <span class='ocrx_word' id='word_1_158' title='bbox 1012 1762 1408 1830; x_wconf 83' lang='grc' dir='ltr'><em>μακαρίζουσιν</em></span> <span class='ocrx_word' id='word_1_159' title='bbox 1456 1760 1522 1814; x_wconf 81' lang='grc' dir='ltr'><em>οὐ</em></span> <span class='ocrx_word' id='word_1_160' title='bbox 1563 1758 1836 1829; x_wconf 85' lang='grc' dir='ltr'><em>Νέστορα,</em></span> 
     </span>
     <span class='ocr_line' id='line_1_20' title="bbox 141 1847 1835 1918; baseline -0.001 -16"><span class='ocrx_word' id='word_1_161' title='bbox 141 1848 244 1902; x_wconf 85' lang='grc' dir='ltr'><em>οὐκ</em></span> <span class='ocrx_word' id='word_1_162' title='bbox 281 1847 698 1917; x_wconf 76' lang='grc' dir='ltr'><em>Άργανθώνιον</em></span> <span class='ocrx_word' id='word_1_163' title='bbox 735 1849 884 1917; x_wconf 90' lang='grc' dir='ltr'><em>&lt;τῶν</em></span> <span class='ocrx_word' id='word_1_164' title='bbox 916 1848 1105 1918; x_wconf 80' lang='grc' dir='ltr'><em>ἐτῶν&gt;,</em></span> <span class='ocrx_word' id='word_1_165' title='bbox 1146 1849 1213 1902; x_wconf 88' lang='grc' dir='ltr'><em>οὐ</em></span> <span class='ocrx_word' id='word_1_166' title='bbox 1249 1848 1438 1918; x_wconf 81' lang='grc' dir='ltr'><em>Πηλέα</em></span> <span class='ocrx_word' id='word_1_167' title='bbox 1476 1858 1588 1902; x_wconf 87' lang='grc' dir='ltr'><em>τῶν</em></span> <span class='ocrx_word' id='word_1_168' title='bbox 1626 1849 1835 1917; x_wconf 76' lang='grc' dir='ltr'><em>γάμων,</em></span> 
     </span>
    </p>
   </div>
   <div class='ocr_carea' id='block_1_3' title="bbox 142 1967 498 1975">
    <p class='ocr_par' dir='ltr' id='par_1_3' title="bbox 142 1967 498 1975">
     <span class='ocr_line' id='line_1_21' title="bbox 142 1967 498 1975; baseline 0 0"><span class='ocrx_word' id='word_1_169' title='bbox 142 1967 498 1975; x_wconf 95' lang='lat' dir='ltr'><em> </em></span> 
     </span>
    </p>
   </div>
   <div class='ocr_carea' id='block_1_4' title="bbox 140 2037 1837 2157">
    <p class='ocr_par' dir='ltr' id='par_1_4' title="bbox 140 2037 1837 2157">
     <span class='ocr_line' id='line_1_22' title="bbox 140 2037 1837 2157; baseline 0.001 -76"><span class='ocrx_word' id='word_1_170' title='bbox 140 2102 226 2142; x_wconf 66' lang='grc'><em>247</em></span> <span class='ocrx_word' id='word_1_171' title='bbox 263 2043 285 2082; x_wconf 99' lang='grc'><em>1</em></span> <span class='ocrx_word' id='word_1_172' title='bbox 319 2038 495 2157; x_wconf 54' lang='grc' dir='ltr'><strong><em>Ιῖςὶἕξὲ.</em></strong></span> <span class='ocrx_word' id='word_1_173' title='bbox 514 2038 569 2082; x_wconf 76' lang='lat' dir='ltr'><em>fir.</em></span> <span class='ocrx_word' id='word_1_174' title='bbox 597 2053 710 2083; x_wconf 87' lang='lat' dir='ltr'><strong>com.</strong></span> <span class='ocrx_word' id='word_1_175' title='bbox 728 2038 792 2082; x_wconf 93' lang='lat' dir='ltr'><em>IV</em></span> <span class='ocrx_word' id='word_1_176' title='bbox 810 2043 910 2093; x_wconf 83' lang='lat'>407,</span> <span class='ocrx_word' id='word_1_177' title='bbox 930 2044 955 2083; x_wconf 87' lang='lat'>5</span> <span class='ocrx_word' id='word_1_178' title='bbox 970 2053 1036 2095; x_wconf 81' lang='lat' dir='ltr'><em>sq.</em></span> <span class='ocrx_word' id='word_1_179' title='bbox 1055 2039 1116 2083; x_wconf 87' lang='lat' dir='ltr'><em>M.</em></span> <span class='ocrx_word' id='word_1_180' title='bbox 1151 2039 1194 2083; x_wconf 91' lang='lat' dir='ltr'>H</span> <span class='ocrx_word' id='word_1_181' title='bbox 1216 2055 1261 2096; x_wconf 90' lang='lat' dir='ltr'><em>p.</em></span> <span class='ocrx_word' id='word_1_182' title='bbox 1282 2044 1383 2095; x_wconf 81' lang='grc'><strong>562,</strong></span> <span class='ocrx_word' id='word_1_183' title='bbox 1402 2043 1456 2084; x_wconf 85' lang='grc'><em>66</em></span> <span class='ocrx_word' id='word_1_184' title='bbox 1477 2038 1520 2082; x_wconf 89' lang='grc' dir='ltr'><strong><em>Κ</em></strong></span> <span class='ocrx_word' id='word_1_185' title='bbox 1657 2044 1712 2084; x_wconf 89' lang='grc'><em>18</em></span> <span class='ocrx_word' id='word_1_186' title='bbox 1734 2037 1787 2083; x_wconf 91' lang='lat' dir='ltr'><em>Il.</em></span> <span class='ocrx_word' id='word_1_187' title='bbox 1806 2055 1837 2082; x_wconf 85' lang='grc' dir='ltr'><em>α</em></span> 
     </span>
     <span class='ocr_line' id='line_1_23' title="bbox 239 2112 305 2153; baseline -0.015 -11"><span class='ocrx_word' id='word_1_188' title='bbox 239 2112 305 2153; x_wconf 81' lang='lat' dir='ltr'><em>sq.</em></span> 
     </span>
    </p>
   </div>
   <div class='ocr_carea' id='block_1_5' title="bbox 138 2205 463 2212">
    <p class='ocr_par' dir='ltr' id='par_1_5' title="bbox 138 2205 463 2212">
     <span class='ocr_line' id='line_1_24' title="bbox 138 2205 463 2212; baseline 0 0"><span class='ocrx_word' id='word_1_189' title='bbox 138 2205 463 2212; x_wconf 95' lang='lat' dir='ltr'><em> </em></span> 
     </span>
    </p>
   </div>
   <div class='ocr_carea' id='block_1_6' title="bbox 139 2273 1842 2984">
    <p class='ocr_par' dir='ltr' id='par_1_6' title="bbox 139 2273 1842 2984">
     <span class='ocr_line' id='line_1_25' title="bbox 261 2273 1834 2353; baseline 0 -35"><span class='ocrx_word' id='word_1_190' title='bbox 261 2280 283 2318; x_wconf 92' lang='lat'>1</span> <span class='ocrx_word' id='word_1_191' title='bbox 318 2276 529 2332; x_wconf 81' lang='grc' dir='ltr'><em>μετώπου</em></span> <span class='ocrx_word' id='word_1_192' title='bbox 553 2275 623 2319; x_wconf 77' lang='grc'><em>1112</em></span> <span class='ocrx_word' id='word_1_193' title='bbox 648 2290 810 2353; x_wconf 82' lang='lat' dir='ltr'>supra</span> <span class='ocrx_word' id='word_1_194' title='bbox 813 2274 1041 2321; x_wconf 85' lang='grc' dir='ltr'><em>δεσπότου</em></span> <span class='ocrx_word' id='word_1_195' title='bbox 1064 2278 1107 2322; x_wconf 89' lang='lat' dir='ltr'><strong><em>V</em></strong></span> <span class='ocrx_word' id='word_1_196' title='bbox 1223 2282 1248 2319; x_wconf 84' lang='lat'><strong>2</strong></span> <span class='ocrx_word' id='word_1_197' title='bbox 1278 2275 1338 2322; x_wconf 72' lang='grc' dir='ltr'><em>ἂν</em></span> <span class='ocrx_word' id='word_1_198' title='bbox 1362 2277 1506 2334; x_wconf 72' lang='grc' dir='ltr'><em>γελώη</em></span> <span class='ocrx_word' id='word_1_199' title='bbox 1526 2276 1585 2319; x_wconf 89' lang='grc' dir='ltr'><strong>Μ</strong></span> <span class='ocrx_word' id='word_1_200' title='bbox 1704 2280 1732 2318; x_wconf 88' lang='lat'>4</span> <span class='ocrx_word' id='word_1_201' title='bbox 1762 2273 1834 2327; x_wconf 84' lang='grc' dir='ltr'><em>τίς</em></span> 
     </span>
     <span class='ocr_line' id='line_1_26' title="bbox 141 2332 1842 2410; baseline 0.001 -34"><span class='ocrx_word' id='word_1_202' title='bbox 141 2360 196 2366; x_wconf 88' lang='grc'><strong>-</strong></span> <span class='ocrx_word' id='word_1_203' title='bbox 232 2338 257 2376; x_wconf 87' lang='grc'>6</span> <span class='ocrx_word' id='word_1_204' title='bbox 290 2333 520 2392; x_wconf 83' lang='grc' dir='ltr'><em>δεσπότην</em></span> <span class='ocrx_word' id='word_1_205' title='bbox 553 2335 724 2379; x_wconf 80' lang='lat' dir='ltr'>omisso</span> <span class='ocrx_word' id='word_1_206' title='bbox 758 2332 843 2380; x_wconf 80' lang='grc' dir='ltr'><em>οὖν</em></span> <span class='ocrx_word' id='word_1_207' title='bbox 877 2337 993 2379; x_wconf 72' lang='lat' dir='ltr'><strong>citat</strong></span> <span class='ocrx_word' id='word_1_208' title='bbox 1022 2336 1184 2380; x_wconf 81' lang='lat' dir='ltr'>Macar</span> <span class='ocrx_word' id='word_1_209' title='bbox 1214 2336 1403 2380; x_wconf 69' lang='lat' dir='ltr'>f01.92v</span> <span class='ocrx_word' id='word_1_210' title='bbox 1562 2340 1587 2378; x_wconf 81' lang='grc' dir='ltr'><strong><em>ὃ</em></strong></span> <span class='ocrx_word' id='word_1_211' title='bbox 1620 2333 1771 2410; x_wconf 77' lang='grc' dir='ltr'><em>ἑαυτῷ</em></span> <span class='ocrx_word' id='word_1_212' title='bbox 1797 2334 1842 2378; x_wconf 93' lang='lat' dir='ltr'><strong><em>V</em></strong></span> 
     </span>
     <span class='ocr_line' id='line_1_27' title="bbox 200 2391 1835 2451; baseline 0.002 -15"><span class='ocrx_word' id='word_1_213' title='bbox 200 2394 343 2437; x_wconf 84' lang='grc' dir='ltr'><em>αὐτῶι</em></span> <span class='ocrx_word' id='word_1_214' title='bbox 367 2395 413 2438; x_wconf 89' lang='grc' dir='ltr'><strong><em>Α</em></strong></span> <span class='ocrx_word' id='word_1_215' title='bbox 475 2395 598 2438; x_wconf 81' lang='grc' dir='ltr'><em>αὐτῶ</em></span> <span class='ocrx_word' id='word_1_216' title='bbox 630 2396 747 2439; x_wconf 86' lang='grc' dir='ltr'><em>ΙΜο</em></span> <span class='ocrx_word' id='word_1_217' title='bbox 770 2395 873 2438; x_wconf 90' lang='grc' dir='ltr'>Μο1·</span> <span class='ocrx_word' id='word_1_218' title='bbox 933 2402 1057 2439; x_wconf 83' lang='grc' dir='ltr'><em>αυτῶ</em></span> <span class='ocrx_word' id='word_1_219' title='bbox 1082 2397 1127 2440; x_wconf 91' lang='lat' dir='ltr'><em>U</em></span> <span class='ocrx_word' id='word_1_220' title='bbox 1241 2400 1266 2439; x_wconf 89' lang='lat'><strong>6</strong></span> <span class='ocrx_word' id='word_1_221' title='bbox 1299 2394 1462 2451; x_wconf 80' lang='grc' dir='ltr'><em>φέρειν</em></span> <span class='ocrx_word' id='word_1_222' title='bbox 1485 2394 1647 2437; x_wconf 81' lang='lat' dir='ltr'>Macar</span> <span class='ocrx_word' id='word_1_223' title='bbox 1673 2395 1679 2450; x_wconf 80' lang='grc' dir='ltr'>Ι</span> <span class='ocrx_word' id='word_1_224' title='bbox 1707 2391 1835 2449; x_wconf 82' lang='grc' dir='ltr'><em>ὠμόν</em></span> 
     </span>
     <span class='ocr_line' id='line_1_28' title="bbox 140 2452 1836 2509; baseline -0.001 -12"><span class='ocrx_word' id='word_1_225' title='bbox 140 2477 197 2484; x_wconf 93' lang='lat'>—</span> <span class='ocrx_word' id='word_1_226' title='bbox 240 2452 469 2509; x_wconf 83' lang='grc' dir='ltr'><em>δεσπότην</em></span> <span class='ocrx_word' id='word_1_227' title='bbox 516 2454 578 2497; x_wconf 82' lang='lat' dir='ltr'><em>ad</em></span> <span class='ocrx_word' id='word_1_228' title='bbox 624 2467 782 2498; x_wconf 79' lang='lat' dir='ltr'>versus</span> <span class='ocrx_word' id='word_1_229' title='bbox 829 2455 1099 2498; x_wconf 83' lang='lat' dir='ltr'>comoediae</span> <span class='ocrx_word' id='word_1_230' title='bbox 1141 2455 1330 2499; x_wconf 71' lang='lat' dir='ltr'><strong>Atticae</strong></span> <span class='ocrx_word' id='word_1_231' title='bbox 1381 2466 1599 2498; x_wconf 76' lang='lat' dir='ltr'>revocare</span> <span class='ocrx_word' id='word_1_232' title='bbox 1653 2452 1836 2496; x_wconf 73' lang='lat' dir='ltr'><strong>studuit</strong></span> 
     </span>
     <span class='ocr_line' id='line_1_29' title="bbox 139 2509 1835 2571; baseline 0.001 -17"><span class='ocrx_word' id='word_1_233' title='bbox 139 2510 345 2555; x_wconf 83' lang='lat' dir='ltr'>Kockius</span> <span class='ocrx_word' id='word_1_234' title='bbox 375 2511 454 2556; x_wconf 94' lang='grc'>1.1.</span> <span class='ocrx_word' id='word_1_235' title='bbox 482 2516 596 2555; x_wconf 83' lang='lat'>1514</span> <span class='ocrx_word' id='word_1_236' title='bbox 621 2512 671 2556; x_wconf 88' lang='lat' dir='ltr'><em>in</em></span> <span class='ocrx_word' id='word_1_237' title='bbox 695 2512 820 2557; x_wconf 80' lang='lat' dir='ltr'><strong>hune</strong></span> <span class='ocrx_word' id='word_1_238' title='bbox 842 2514 1052 2557; x_wconf 87' lang='lat' dir='ltr'>modum:</span> <span class='ocrx_word' id='word_1_239' title='bbox 1086 2511 1276 2569; x_wconf 82' lang='grc' dir='ltr'><em>φθόνον</em></span> <span class='ocrx_word' id='word_1_240' title='bbox 1303 2517 1310 2571; x_wconf 79' lang='grc' dir='ltr'>Ι</span> <span class='ocrx_word' id='word_1_241' title='bbox 1338 2511 1463 2568; x_wconf 86' lang='grc' dir='ltr'><em>ὠμόν</em></span> <span class='ocrx_word' id='word_1_242' title='bbox 1488 2509 1658 2567; x_wconf 82' lang='grc' dir='ltr'><em>πικρόν</em></span> <span class='ocrx_word' id='word_1_243' title='bbox 1681 2527 1730 2556; x_wconf 83' lang='grc' dir='ltr'><em>τε</em></span> <span class='ocrx_word' id='word_1_244' title='bbox 1753 2512 1835 2555; x_wconf 82' lang='grc' dir='ltr'><em>καὶ</em></span> 
     </span>
     <span class='ocr_line' id='line_1_30' title="bbox 141 2570 1834 2645; baseline 0 -31"><span class='ocrx_word' id='word_1_245' title='bbox 141 2570 378 2614; x_wconf 87' lang='grc' dir='ltr'><em>σκοτεινὸν</em></span> <span class='ocrx_word' id='word_1_246' title='bbox 410 2570 639 2628; x_wconf 84' lang='grc' dir='ltr'><em>δεσπότην</em></span> <span class='ocrx_word' id='word_1_247' title='bbox 763 2577 786 2614; x_wconf 83' lang='grc'><strong>7</strong></span> <span class='ocrx_word' id='word_1_248' title='bbox 821 2571 873 2617; x_wconf 80' lang='grc' dir='ltr'><em>δὲ</em></span> <span class='ocrx_word' id='word_1_249' title='bbox 897 2574 954 2616; x_wconf 87' lang='grc' dir='ltr'><em>Μ</em></span> <span class='ocrx_word' id='word_1_250' title='bbox 1079 2577 1132 2616; x_wconf 93' lang='grc'><em>10</em></span> <span class='ocrx_word' id='word_1_251' title='bbox 1165 2575 1337 2645; x_wconf 81' lang='grc' dir='ltr'><em>μᾶλλον</em></span> <span class='ocrx_word' id='word_1_252' title='bbox 1370 2572 1637 2630; x_wconf 80' lang='grc' dir='ltr'><em>ἔβλεψαν],</em></span> <span class='ocrx_word' id='word_1_253' title='bbox 1641 2571 1834 2626; x_wconf 83' lang='lat' dir='ltr'><strong><em>‚mallem</em></strong></span> 
     </span>
     <span class='ocr_line' id='line_1_31' title="bbox 141 2628 1833 2689; baseline 0.001 -17"><span class='ocrx_word' id='word_1_254' title='bbox 141 2646 202 2673; x_wconf 88' lang='grc' dir='ltr'><em>αν</em></span> <span class='ocrx_word' id='word_1_255' title='bbox 233 2630 497 2684; x_wconf 75' lang='lat' dir='ltr'><em>interponi“</em></span> <span class='ocrx_word' id='word_1_256' title='bbox 530 2631 599 2674; x_wconf 82' lang='lat' dir='ltr'><em>Re</em></span> <span class='ocrx_word' id='word_1_257' title='bbox 775 2636 827 2675; x_wconf 91' lang='lat'><em>11</em></span> <span class='ocrx_word' id='word_1_258' title='bbox 840 2646 906 2686; x_wconf 86' lang='lat' dir='ltr'><em>sq</em></span> <span class='ocrx_word' id='word_1_259' title='bbox 947 2633 1084 2687; x_wconf 81' lang='grc' dir='ltr'><em>ἀρκεῖ</em></span> <span class='ocrx_word' id='word_1_260' title='bbox 1112 2631 1165 2677; x_wconf 81' lang='grc' dir='ltr'><em>δέ</em></span> <span class='ocrx_word' id='word_1_261' title='bbox 1196 2629 1242 2689; x_wconf 77' lang='grc' dir='ltr'><em>γ’</em></span> <span class='ocrx_word' id='word_1_262' title='bbox 1271 2632 1431 2682; x_wconf 84' lang='grc' dir='ltr'><em>αὐτοῖς</em></span> <span class='ocrx_word' id='word_1_263' title='bbox 1459 2637 1552 2674; x_wconf 85' lang='grc' dir='ltr'><em>τῶν</em></span> <span class='ocrx_word' id='word_1_264' title='bbox 1582 2628 1833 2687; x_wconf 84' lang='grc' dir='ltr'><em>παρόντων</em></span> 
     </span>
     <span class='ocr_line' id='line_1_32' title="bbox 141 2687 1832 2746; baseline 0 -14"><span class='ocrx_word' id='word_1_265' title='bbox 141 2687 253 2733; x_wconf 79' lang='grc' dir='ltr'><em>οὐδὲ</em></span> <span class='ocrx_word' id='word_1_266' title='bbox 285 2687 335 2732; x_wconf 76' lang='grc' dir='ltr'><em>ἕν</em></span> <span class='ocrx_word' id='word_1_267' title='bbox 357 2688 564 2733; x_wconf 79' lang='lat' dir='ltr'><strong>Kocln&#39;us</strong></span> <span class='ocrx_word' id='word_1_268' title='bbox 588 2689 666 2733; x_wconf 91' lang='grc'>1.1.</span> <span class='ocrx_word' id='word_1_269' title='bbox 791 2695 847 2734; x_wconf 81' lang='lat'><em>13</em></span> <span class='ocrx_word' id='word_1_270' title='bbox 877 2691 1038 2735; x_wconf 83' lang='grc' dir='ltr'><em>πολλοὶ</em></span> <span class='ocrx_word' id='word_1_271' title='bbox 1062 2692 1172 2735; x_wconf 85' lang='grc' dir='ltr'><em>ΒΜ</em></span> <span class='ocrx_word' id='word_1_272' title='bbox 1293 2695 1348 2734; x_wconf 84' lang='lat'><em>14</em></span> <span class='ocrx_word' id='word_1_273' title='bbox 1379 2689 1606 2746; x_wconf 75' lang='grc' dir='ltr'><em>ἡγοῦνται</em></span> <span class='ocrx_word' id='word_1_274' title='bbox 1634 2695 1718 2745; x_wconf 86' lang='grc' dir='ltr'><em>τῆς</em></span> <span class='ocrx_word' id='word_1_275' title='bbox 1749 2689 1832 2732; x_wconf 82' lang='grc' dir='ltr'><em>αὑ-</em></span> 
     </span>
     <span class='ocr_line' id='line_1_33' title="bbox 139 2745 1831 2806; baseline 0 -16"><span class='ocrx_word' id='word_1_276' title='bbox 139 2754 233 2791; x_wconf 85' lang='grc' dir='ltr'><em>τῶν</em></span> <span class='ocrx_word' id='word_1_277' title='bbox 266 2748 436 2803; x_wconf 76' lang='grc' dir='ltr'><em>(αὐτῶν</em></span> <span class='ocrx_word' id='word_1_278' title='bbox 460 2749 524 2806; x_wconf 89' lang='grc' dir='ltr'><em>Β)</em></span> <span class='ocrx_word' id='word_1_279' title='bbox 556 2745 680 2793; x_wconf 84' lang='grc' dir='ltr'><em>εἶναι</em></span> <span class='ocrx_word' id='word_1_280' title='bbox 704 2751 815 2794; x_wconf 87' lang='grc' dir='ltr'><em>ΒΜ</em></span> <span class='ocrx_word' id='word_1_281' title='bbox 934 2754 988 2794; x_wconf 84' lang='grc'>15</span> <span class='ocrx_word' id='word_1_282' title='bbox 1021 2746 1068 2794; x_wconf 86' lang='grc' dir='ltr'><em>δ’</em></span> <span class='ocrx_word' id='word_1_283' title='bbox 1097 2767 1157 2794; x_wconf 87' lang='grc' dir='ltr'><em>αν</em></span> <span class='ocrx_word' id='word_1_284' title='bbox 1189 2748 1355 2805; x_wconf 79' lang='lat' dir='ltr'>scripsi</span> <span class='ocrx_word' id='word_1_285' title='bbox 1383 2749 1537 2793; x_wconf 79' lang='grc' dir='ltr'><em>ΘΒΜ</em></span> <span class='ocrx_word' id='word_1_286' title='bbox 1543 2749 1588 2793; x_wconf 89' lang='lat' dir='ltr'><strong><em>V</em></strong></span> <span class='ocrx_word' id='word_1_287' title='bbox 1642 2748 1694 2793; x_wconf 78' lang='grc' dir='ltr'><em>δὲ</em></span> <span class='ocrx_word' id='word_1_288' title='bbox 1723 2747 1831 2792; x_wconf 84' lang='lat' dir='ltr'>reli-</span> 
     </span>
     <span class='ocr_line' id='line_1_34' title="bbox 140 2806 1780 2865; baseline 0.001 -16"><span class='ocrx_word' id='word_1_289' title='bbox 140 2806 222 2861; x_wconf 90' lang='lat' dir='ltr'><em>qui</em></span> <span class='ocrx_word' id='word_1_290' title='bbox 251 2806 363 2849; x_wconf 85' lang='lat' dir='ltr'>libri</span> <span class='ocrx_word' id='word_1_291' title='bbox 395 2806 487 2850; x_wconf 79' lang='lat' dir='ltr'><em>edd</em></span> <span class='ocrx_word' id='word_1_292' title='bbox 632 2812 685 2851; x_wconf 89' lang='lat'><em>16</em></span> <span class='ocrx_word' id='word_1_293' title='bbox 719 2809 878 2858; x_wconf 81' lang='grc' dir='ltr'><em>αὐτοῖς</em></span> <span class='ocrx_word' id='word_1_294' title='bbox 900 2809 1268 2853; x_wconf 84' lang='lat' dir='ltr'><strong><em>APMoUIBM</em></strong></span> <span class='ocrx_word' id='word_1_295' title='bbox 1275 2809 1319 2853; x_wconf 92' lang='lat' dir='ltr'><strong><em>V</em></strong></span> <span class='ocrx_word' id='word_1_296' title='bbox 1335 2808 1438 2851; x_wconf 87' lang='lat' dir='ltr'><em>Mor</em></span> <span class='ocrx_word' id='word_1_297' title='bbox 1465 2811 1471 2865; x_wconf 89' lang='grc' dir='ltr'>Ι</span> <span class='ocrx_word' id='word_1_298' title='bbox 1497 2815 1595 2858; x_wconf 85' lang='grc' dir='ltr'><em>τοῖς</em></span> <span class='ocrx_word' id='word_1_299' title='bbox 1626 2822 1701 2851; x_wconf 90' lang='lat' dir='ltr'><em>om</em></span> <span class='ocrx_word' id='word_1_300' title='bbox 1735 2807 1780 2850; x_wconf 91' lang='lat' dir='ltr'><strong><em>V</em></strong></span> 
     </span>
     <span class='ocr_line' id='line_1_35' title="bbox 144 2861 1827 2926; baseline 0 -18"><span class='ocrx_word' id='word_1_301' title='bbox 144 2869 197 2909; x_wconf 73' lang='lat'><em>17</em></span> <span class='ocrx_word' id='word_1_302' title='bbox 232 2861 279 2910; x_wconf 84' lang='grc' dir='ltr'><em>δ’</em></span> <span class='ocrx_word' id='word_1_303' title='bbox 299 2865 367 2909; x_wconf 81' lang='lat' dir='ltr'><em>Re</em></span> <span class='ocrx_word' id='word_1_304' title='bbox 491 2870 544 2909; x_wconf 92' lang='lat'><em>18</em></span> <span class='ocrx_word' id='word_1_305' title='bbox 571 2866 787 2922; x_wconf 85' lang='grc' dir='ltr'><em>Νέστορα</em></span> <span class='ocrx_word' id='word_1_306' title='bbox 812 2867 928 2926; x_wconf 88' lang='grc' dir='ltr'><em>&lt;τῆς</em></span> <span class='ocrx_word' id='word_1_307' title='bbox 951 2867 1197 2926; x_wconf 79' lang='grc' dir='ltr'><em>γλώττης)</em></span> <span class='ocrx_word' id='word_1_308' title='bbox 1208 2873 1228 2911; x_wconf 82' lang='lat'><em>¹?</em></span> <span class='ocrx_word' id='word_1_309' title='bbox 1261 2866 1318 2911; x_wconf 82' lang='lat' dir='ltr'><em>cf</em></span> <span class='ocrx_word' id='word_1_310' title='bbox 1336 2882 1379 2923; x_wconf 90' lang='lat' dir='ltr'><em>p.</em></span> <span class='ocrx_word' id='word_1_311' title='bbox 1400 2871 1471 2921; x_wconf 89' lang='grc'><em>82,</em></span> <span class='ocrx_word' id='word_1_312' title='bbox 1489 2872 1516 2911; x_wconf 83' lang='grc'>5</span> <span class='ocrx_word' id='word_1_313' title='bbox 1640 2870 1694 2910; x_wconf 89' lang='grc'>19</span> <span class='ocrx_word' id='word_1_314' title='bbox 1726 2861 1827 2910; x_wconf 84' lang='grc' dir='ltr'><em>ἀλλ’</em></span> 
     </span>
     <span class='ocr_line' id='line_1_36' title="bbox 142 2924 1830 2984; baseline -0.001 -16"><span class='ocrx_word' id='word_1_315' title='bbox 142 2924 228 2968; x_wconf 89' lang='lat' dir='ltr'><em>Mo</em></span> <span class='ocrx_word' id='word_1_316' title='bbox 260 2925 339 2968; x_wconf 80' lang='lat' dir='ltr'><em>sed</em></span> <span class='ocrx_word' id='word_1_317' title='bbox 366 2925 450 2968; x_wconf 81' lang='grc' dir='ltr'><em>οὐκ</em></span> <span class='ocrx_word' id='word_1_318' title='bbox 481 2924 530 2967; x_wconf 88' lang='lat' dir='ltr'><em>in</em></span> <span class='ocrx_word' id='word_1_319' title='bbox 552 2939 688 2983; x_wconf 77' lang='lat' dir='ltr'>marg</span> <span class='ocrx_word' id='word_1_320' title='bbox 714 2926 720 2984; x_wconf 85' lang='grc' dir='ltr'>Ι</span> <span class='ocrx_word' id='word_1_321' title='bbox 747 2934 839 2970; x_wconf 85' lang='grc' dir='ltr'><em>τῶν</em></span> <span class='ocrx_word' id='word_1_322' title='bbox 864 2926 1013 2971; x_wconf 82' lang='grc' dir='ltr'><em>ἐτῶν</em></span> <span class='ocrx_word' id='word_1_323' title='bbox 1000 2927 1175 2970; x_wconf 82' lang='lat' dir='ltr'>mserui</span> <span class='ocrx_word' id='word_1_324' title='bbox 1200 2925 1303 2970; x_wconf 85' lang='lat' dir='ltr'>coll.</span> <span class='ocrx_word' id='word_1_325' title='bbox 1330 2940 1400 2983; x_wconf 85' lang='lat' dir='ltr'><em>ep.</em></span> <span class='ocrx_word' id='word_1_326' title='bbox 1422 2930 1550 2970; x_wconf 86' lang='lat'>1460.</span> <span class='ocrx_word' id='word_1_327' title='bbox 1582 2925 1688 2969; x_wconf 87' lang='lat' dir='ltr'>Her.</span> <span class='ocrx_word' id='word_1_328' title='bbox 1707 2925 1728 2968; x_wconf 98' lang='lat' dir='ltr'>I</span> <span class='ocrx_word' id='word_1_329' title='bbox 1746 2927 1830 2968; x_wconf 84' lang='lat'><em>163</em></span> 
     </span>
    </p>
   </div>
   <div class='ocr_carea' id='block_1_7' title="bbox 1473 2999 1561 3043">
    <p class='ocr_par' dir='ltr' id='par_1_7' title="bbox 1473 2999 1561 3043">
     <span class='ocr_line' id='line_1_37' title="bbox 1473 2999 1561 3043; baseline -0.011 0"><span class='ocrx_word' id='word_1_330' title='bbox 1473 2999 1561 3043; x_wconf 72' lang='lat'><em>35*</em></span> 
     </span>
    </p>
   </div>
  </div>
 </body>
</html>
