2060 3162
606 151 833 194 LIBANH
864 150 1088 195 ORATIO
1121 151 1269 196 xvm
1542 122 1546 126 ’
1679 153 1788 206 335

103 286 256 358 ὕδωρ
296 286 508 354 τέμνων
547 287 689 340 οὕτω
728 288 1022 357 παρεκάλει
1060 290 1190 350 τοὺς
1229 289 1431 351 ἄλλους
1468 286 1668 359 ἔργοις,
1720 290 1787 342 οὐ

104 378 288 445 λόγοις
348 375 648 445 διάβροχον
708 377 1062 446 στρατιώταις
1121 375 1212 429 καὶ
1274 378 1634 447 σκευοφόροις
1687 379 1787 447 τὴν

102 465 352 533 χλαμύδα
389 464 676 517 δεικνύων.

213 553 334 606 227.
375 550 486 604 Καὶ
519 553 572 605 οἱ
611 553 712 619 μὲν
748 554 850 621 τὴν
888 555 1089 622 λίμνην
1130 554 1477 624 εἰργασμένοι
1516 556 1617 624 τὴν
1655 560 1786 608 πολ-

102 643 204 710 λὴν
235 640 478 711 Ἀσύριοι
524 642 586 694 τὸ
636 643 880 711 σόφισμα
926 644 1154 711 ἤλπιζον
1199 643 1232 712 ἢ
1279 643 1646 711 ἀποστρέψειν
1684 644 1785 712 τὴν
1832 666 1852 698 5

99 731 357 799 στρατιὰν
402 729 434 798 ἢ
475 729 814 798 ἄποπνίξειν,
863 732 916 784 οἱ
956 730 1040 799 δέ,
1081 731 1261 800 ὥσπερ
1307 731 1610 801 ὑπόπτεροι
1649 733 1784 784 πάν-

97 838 183 881 τες
235 819 268 888 ἢ
322 827 421 872 τοῦ
470 821 826 882 Ποσειδῶνος
889 820 1079 883 αὐτοῖς
1132 821 1444 883 διῖστάντος
1496 821 1557 873 τὸ
1611 821 1780 890 ὕδωρ,

97 908 239 961 οὕτω
309 909 677 977 διαφυγόντες
739 908 841 961 οὐκ
904 909 1082 977 ὀλίγοι
1148 908 1533 978 προσέβαλλον
1601 910 1783 963 οὐκέτι

95 999 403 1065 φρουρίοις,
435 995 551 1049 ἀλλ’
584 992 654 1064 ἦν
684 999 844 1060 πόλις
863 996 1131 1067 Ἀσυρίων
1161 999 1366 1067 μεγάλη
1400 1006 1498 1051 τοῦ
1530 996 1632 1066 μὲν
1661 1002 1782 1053 τότε

92 1087 486 1153 βασιλεύοντος
540 1084 851 1155 ἐπώνυμος,
905 1095 1082 1156 τεῖχος
1137 1083 1198 1139 δὲ
1246 1092 1373 1140 εἵσω
1420 1095 1520 1141 τοῦ
1567 1091 1781 1158 τείχους
1807 1114 1847 1145 10

93 1177 292 1243 ἔχουσα
316 1175 595 1245 δεύτερον,
628 1173 758 1228 ὥστ’
788 1169 930 1229 εἶναι
962 1178 1126 1229 πόλιν
1157 1174 1219 1230 ἐν
1250 1178 1406 1229 πόλει
1438 1176 1781 1247 βραχυτέραν

14 1329 21 1333 .
92 1261 153 1315 ἐν
198 1266 404 1329 μείζονι
454 1265 590 1316 κατὰ
643 1266 772 1327 τοὺς
822 1265 1030 1328 κάδους
1078 1267 1208 1328 τοὺς
1254 1263 1316 1318 ἐν
1366 1264 1623 1333 ἀλλήλοις
1671 1286 1779 1319 κει-

89 1351 305 1419 μένους.
381 1352 504 1404 228.
552 1353 883 1421 γιγνομένης
923 1354 986 1407 δὲ
1023 1362 1118 1422 τῆς
1156 1352 1364 1422 ἐφόδου
1405 1362 1612 1423 συνῆγε
1649 1358 1779 1418 τοὺς

91 1441 380 1509 οἰκήτορας
427 1440 455 1493 ὁ
507 1443 680 1510 φόβος
728 1443 804 1504 εἰς
842 1444 903 1495 τὸ
951 1443 1292 1512 βραχύτερον
1338 1452 1538 1512 τεῖχος,
1590 1444 1662 1506 ὡς
1708 1443 1778 1496 ἂν

92 1529 462 1599 ἰσχυρότερον.
535 1530 587 1582 οἱ
627 1527 688 1582 δὲ
727 1531 788 1583 τὸ
829 1528 932 1599 μὲν
970 1533 1203 1600 ἔχοντες,
1242 1538 1317 1602 τῷ
1357 1528 1417 1584 δὲ
1455 1535 1777 1601 προσιόντες
1802 1557 1844 1589 15

88 1618 384 1686 βάλλονται
423 1615 524 1685 μὲν
562 1618 671 1672 ὑπὸ
704 1628 816 1672 τῶν
847 1621 1070 1673 ἄνωθεν
1100 1618 1339 1683 τοξοτῶν
1369 1618 1458 1672 καὶ
1492 1620 1777 1674 ἀπέθανόν

87 1726 249 1775 τινες,
304 1708 523 1776 χώματα
577 1707 638 1759 δὲ
685 1713 932 1776 αἴροντες
976 1704 1115 1779 ὑπὲρ
1169 1709 1232 1761 τὸ
1283 1717 1461 1778 τεῖχος
1509 1712 1775 1780 παρεστή-

89 1809 255 1847 σαντο
312 1797 443 1858 τοὺς
497 1796 925 1864 συνειλημένους
978 1796 1257 1867 ὁμολογίᾳ.
1333 1797 1366 1866 ἡ
1415 1794 1476 1850 δὲ
1523 1794 1594 1866 ἢν
1638 1795 1775 1867 μηδὲ

87 1881 150 1936 ἑν
181 1884 448 1945 σπονδαῖς
477 1901 608 1937 ποτε
638 1882 887 1948 ἐκείνους
918 1885 1226 1938 ἀποδοῦναι
1253 1885 1507 1956 Πέρσαις.
1567 1884 1773 1956 ᾔδεσαν

87 1972 189 2041 γὰρ
228 1972 324 2034 τὰς
368 1971 495 2043 παρ’
526 1971 757 2036 ἐκείνοις
805 1974 986 2043 δοράς.
1065 1973 1093 2026 ὃ
1141 1973 1232 2027 καὶ
1281 1984 1507 2044 σημεῖον
1551 1983 1650 2028 τοῦ
1697 1978 1770 2045 μὴ
1795 2001 1841 2032 ‘20

84 2060 471 2129 βλακεύοντας,
511 2060 675 2114 παντὶ
715 2059 777 2115 δὲ
817 2062 1007 2116 σθένει
1047 2062 1389 2133 μαχομένους
1429 2065 1707 2133 εἰλῆφθαι.

201 2226 226 2263 9
266 2221 416 2264 Amm.
442 2220 589 2266 XXIV
607 2227 647 2277 2,
666 2227 704 2266 9.
753 2222 852 2266 Zos.
878 2223 942 2266 ΠΙ
959 2228 1012 2267 17
1046 2223 1359 2281 (Pirisabora).
1420 2224 1476 2268 cf.
1501 2224 1656 2270 Ritter
1686 2225 1715 2268 1.
1737 2225 1766 2268 1.

82 2294 126 2334 p.
149 2284 245 2323 145.
308 2279 487 2335 Ranke‚
504 2280 903 2338 Weltgeschichte
927 2282 991 2326 IV
1011 2288 1032 2326 1
1058 2298 1103 2339 p.
1126 2288 1207 2326 116
1330 2288 1386 2326 20
1418 2284 1522 2327 Her.
1548 2284 1590 2327 V
1606 2289 1662 2327 25

199 2432 225 2471 5
270 2428 483 2484 ἀσσύριοι
515 2429 626 2473 LaI
651 2429 732 2472 sed
763 2429 814 2472 in
844 2429 933 2474 hoc
963 2430 1093 2486 prius
1125 2445 1150 2474 σ
1182 2430 1306 2474 inser
1336 2431 1418 2485 m³‚
1452 2431 1543 2475 edd
1591 2431 1600 2487 l
1647 2431 1765 2475 ἀπο-

83 2484 296 2542 στρέφειν
327 2488 403 2531 La
424 2487 526 2530 Mor
699 2494 724 2532 6
765 2486 1008 2545 στρατείαν
1041 2490 1118 2532 ΡΙ
1141 2490 1223 2533 sed
1254 2490 1303 2532 in
1335 2490 1554 2546 στρατιὰν
1585 2503 1686 2534 corr
1715 2490 1766 2534 in

81 2543 163 2588 illo
186 2545 269 2600 m³,
302 2546 351 2588 in
367 2545 455 2590 hoc
471 2545 554 2601 ω’,
589 2547 751 2591 ULaB
774 2549 822 2591 et
846 2547 895 2590 in
918 2562 1054 2606 marg
1079 2550 1163 2593 Mo
1190 2554 1195 2603 Ι
1223 2547 1502 2606 ἀποπνίγειν
1526 2549 1628 2593 Mor
1643 2549 1767 2593 Fabr

139 2608 165 2647 8
213 2603 518 2661 διαφέροντες
558 2606 603 2650 U
651 2606 657 2663 Ι
707 2606 793 2650 οὐκ
826 2604 989 2665 ὀλίγοι]
1031 2608 1116 2651 οὐκ
1156 2606 1311 2666 ὀλίγον
1346 2608 1594 2653 OMoIPU
1662 2606 1761 2664 μετ’

82 2659 235 2719 ὀλίγον
261 2663 368 2720 (Par
396 2665 458 2721 et)
490 2663 613 2707 Fabr
672 2663 835 2708 malim
865 2664 968 2709 κατ’
1000 2664 1153 2723 ὀλίγον
1182 2669 1188 2724 Ι
1214 2665 1503 2725 προσέβαλον
1519 2667 1564 2710 Β
1575 2668 1709 2712 VIM

81 2724 107 2762 9
139 2721 371 2777 ἀσσυρίων
402 2724 478 2767 La
509 2723 598 2766 edd
782 2728 837 2766 10
869 2725 1224 2783 βασιλεύσαντος
1247 2726 1290 2769 V
1335 2727 1340 2781 Ι
1383 2732 1464 2769 τοῦ
1497 2739 1573 2769 om
1596 2727 1709 2771 ΒΜ

80 2778 205 2823 inser
225 2781 284 2824 Ι8
405 2786 458 2824 12
492 2780 697 2831 κάὸὃους
727 2783 762 2825 Ι
816 2799 843 2825 κ
875 2785 987 2834 δους
1018 2798 1122 2827 cum
1152 2797 1315 2828 rasura
1349 2790 1372 2827 1
1406 2783 1478 2828 vel
1509 2789 1534 2834 2
1566 2784 1647 2829 litt
1679 2785 1725 2830 U
1752 2785 1757 2843 Ι

79 2841 186 2894 post
215 2839 455 2896 κειμένους
485 2853 560 2884 ras
594 2845 619 2883 3
651 2840 730 2883 litt
754 2842 816 2885 M
934 2846 988 2886 18
1020 2842 1373 2899 συνειλημένους
1404 2843 1472 2886 Re
1534 2846 1762 2899 συνειλεγ-

80 2894 246 2952 μένους
266 2898 376 2943 libri
391 2899 493 2942 Mor
509 2899 631 2942 Fabr
753 2904 806 2943 19
840 2902 1064 2951 σπονδαῖς
1087 2903 1121 2945 Ι
1138 2902 1219 2945 sed
1244 2919 1271 2945 ν
1295 2901 1364 2945 m²
1425 2905 1651 2952 σπουδαῖς
1676 2902 1761 2946 Mo

139 2959 192 2997 21
227 2958 364 3001 παντὶ
400 2956 470 3015 δὲ]
505 2957 619 3001 ἀλλὰ
649 2958 790 3001 παντὶ
816 2958 858 3001 V
