2060 3162
688 106 918 151 LIBANH
948 105 1173 151 ORATIO
1205 106 1355 150 XVIII
1739 106 1847 158 243

158 264 276 308 κοις
317 244 346 298 ὁ
387 243 707 313 θαυμαστὸς
754 241 964 304 ἐκεῖνος
1010 244 1324 311 κατειλήφει
1365 242 1631 311 σοφιστὴς
1669 237 1702 309 ἦ
1742 242 1851 310 μὴν

159 333 289 401 ε’μὸν
327 335 460 401 μήτε
498 330 760 400 γενέσθαι
799 332 932 399 μήτε
978 333 1254 398 κληθῆναι
1301 331 1569 399 φοιτητὴν
1614 328 1734 398 μήτ’
1774 330 1851 392 εἰς

157 422 256 474 τὸν
295 421 603 487 κατάλογον
641 417 986 489 ἐγγραφῆναι
1018 427 1130 470 τῶν
1163 417 1307 485 ἐμῶν
1339 418 1627 487 ὁμιλητῶν.
1697 418 1779 470 15.
1821 419 1849 471 ὁ

159 510 220 562 δὲ
258 515 332 581 τῷ
365 509 466 578 μὲν
506 506 847 578 ἐξορκίσαντι
886 508 1253 576 μεμφόμενος,
1292 509 1424 570 τοὺς
1456 506 1658 577 ὅρκους
1690 507 1751 559 δὲ
1783 507 1849 559 οὐ

158 599 533 667 παραβαίνων,
572 595 708 666 ἐμοῦ
749 593 811 649 δὲ
849 594 1143 665 ἐπιθυμῶν
1183 590 1346 663 εὗρεν
1385 595 1533 658 ὅπως
1570 597 1702 665 μήτε
1738 594 1851 649 ἐπι-
1899 616 1919 648 5

158 689 378 756 ορκήσει
417 683 507 738 καὶ
545 687 869 754 μετασχήσει
907 694 1019 737 τῶν
1051 686 1248 752 λόγων,
1286 683 1542 755 πορθμέα
1580 685 1704 736 τινὰ
1741 693 1853 737 τῶν

157 773 285 828 καθ’
316 773 526 844 ἡμέραν
572 771 888 842 λεγομένων
927 774 1158 842 δωρεαῖς
1196 774 1457 841 μεγάλαις
1502 773 1852 842 κτησάμενος.

158 858 224 916 οὗ
265 864 333 931 δὴ
372 863 462 916 καὶ
502 863 567 915 τὰ
605 862 839 928 μάλιστα
877 869 973 929 τῆς
1012 862 1232 930 φύσεως
1273 859 1502 924 διέδειξε
1532 862 1635 929 τὴν
1668 862 1853 930 ἰσχύν·

157 951 303 1023 αὐτῷ
345 952 450 1020 γὰρ
497 951 694 1019 ἥκιστά
731 970 825 1019 μοι
873 951 1062 1004 συνὼν
1107 959 1219 1002 τῶν
1266 959 1510 1019 συνεχῶς
1564 952 1854 1004 συνόντων

158 1040 398 1110 ἀμείνων
438 1041 517 1103 εἰς
554 1041 785 1108 μίμησιν
823 1035 893 1107 ἧν
926 1037 1018 1091 καὶ
1058 1037 1130 1092 δι’
1164 1037 1542 1109 ἀμυδροτέρας
1580 1039 1716 1093 ὁδοῦ
1751 1041 1853 1109 τὴν
1878 1060 1920 1091 10

158 1130 424 1199 εἰλικρινῆ
479 1129 581 1197 τὴν
628 1127 855 1181 ἐκείνων
901 1135 966 1198 τῇ
1012 1137 1124 1181 τῶν
1169 1136 1398 1198 καρπῶν
1443 1125 1642 1198 παρῄει
1688 1134 1854 1198 φορᾷ,

159 1217 314 1286 ὅθεν,
354 1212 530 1285 οἶμαι,
569 1214 659 1269 καὶ
698 1225 815 1279 τοῖς
853 1216 1089 1286 ὕστερον
1126 1215 1221 1269 ὑπ’
1253 1217 1424 1270 αὐτοῦ
1464 1215 1855 1285 πεποιημένοις

160 1306 346 1372 λόγοις
385 1302 470 1358 ἔνι
508 1325 560 1358 τι
598 1306 735 1375 πρὸς
773 1306 914 1374 ἡμᾶς
947 1306 1212 1373 συγγενὲς
1249 1303 1341 1358 καὶ
1374 1304 1564 1369 ἔδοξεν
1602 1298 1681 1368 εἷς
1713 1301 1855 1358 εἶναι

160 1401 271 1445 τῶν
310 1395 776 1462 πεπλησιακότων.

274 1480 357 1532 16.
406 1480 631 1554 Ἐκείνῳ
670 1479 772 1551 μὲν
812 1478 916 1535 οὖν
954 1481 1081 1551 περὶ
1119 1490 1291 1535 ταῦτα
1329 1483 1362 1550 ἡ
1404 1483 1638 1550 σπουδή,
1676 1487 1753 1553 τῷ
1794 1481 1855 1535 δὲ
1880 1502 1920 1535 15

160 1567 382 1641 ἀδελφῷ
424 1572 634 1638 γίνεται
673 1573 936 1638 μετουσία
981 1578 1076 1638 τῆς
1121 1572 1402 1638 βασιλείας
1446 1571 1583 1622 κατὰ
1628 1570 1689 1622 τὸ
1730 1570 1855 1622 δεύ-

160 1675 323 1726 τερον
363 1666 554 1726 σχῆμα.
632 1659 833 1711 διπλοῦ
882 1660 986 1727 γὰρ
1036 1657 1407 1727 ἐγηγερμένου
1446 1664 1521 1730 τῷ
1557 1660 1854 1711 Κωνσταν-

161 1747 257 1817 τίω
296 1745 557 1814 πολέμου,
596 1754 695 1799 τοῦ
734 1746 836 1815 μὲν
874 1745 1150 1817 προτέρου
1192 1749 1492 1816 Περσικοῦ,
1542 1753 1642 1799 τοῦ
1684 1744 1731 1798 δ’
1764 1737 1846 1799 ἐπ’

162 1833 352 1905 ἐκείνῳ
391 1842 491 1887 τοῦ
531 1835 670 1904 πρὸς
701 1835 799 1888 τὸν
829 1836 1126 1905 τύραννον,
1165 1832 1277 1888 ἔδει
1314 1836 1494 1903 δήπου
1527 1833 1618 1888 καὶ
1650 1835 1854 1905 συνάρ-

160 1942 370 1991 χοντος,
411 1922 501 1976 καὶ
540 1922 805 1993 πέμπεται
847 1924 1058 1986 Γάλλος
1104 1922 1158 1988 ἐξ
1192 1921 1424 1986 Ἰταλίας
1467 1924 1570 1991 τὴν
1607 1924 1745 1994 πρὸς
1783 1922 1852 1976 ἕω
1878 1947 1921 1979 20

162 2014 519 2081 φρουρήσων,
559 2011 649 2065 καὶ
690 2012 822 2082 ὅπερ
862 2019 937 2086 τῷ
970 2013 1136 2066 τοῦδε
1168 2013 1332 2081 πατρὶ
1363 2013 1650 2082 πρότερον,
1689 2019 1852 2065 τοῦτο

159 2099 368 2170 ὑπῆρχε
408 2099 498 2153 καὶ
544 2102 696 2173 τῷδε,
743 2100 1012 2168 βασιλέως
1057 2097 1129 2169 ἧν
1175 2100 1428 2170 ἀδελφός.
1509 2100 1591 2152 17.
1647 2099 1855 2162 ἐκεῖνος

278 2249 303 2288 6
337 2245 459 2290 Socr.
484 2245 562 2289 1.1.
704 2250 757 2289 19
790 2244 1091 2302 Μαγνέντιον
1124 2245 1182 2290 cf.
1214 2261 1258 2301 p.
1287 2250 1386 2299 250,
1407 2249 1474 2287 14.
1540 2244 1704 2288 Zosim.
1730 2244 1773 2288 Π
1797 2249 1852 2288 45

280 2374 333 2412 16
359 2370 564 2429 ἀδελφῷ]
598 2374 662 2430 τῷ
688 2370 848 2430 Γάλλῳ
878 2370 937 2414 1²
1059 2375 1113 2412 22
1148 2370 1343 2428 ἐκεῖνος]
1378 2369 1401 2413 ὁ
1436 2369 1610 2421 Γάλλος
1641 2372 1677 2413 I
1683 2369 1699 2394 ³

280 2500 303 2538 1
337 2493 585 2551 κατείληφε
615 2494 718 2538 Μοι·
740 2494 863 2538 Fabr
1027 2500 1055 2537 4
1088 2496 1136 2538 et
1168 2499 1193 2538 5
1226 2493 1275 2538 δ’
1301 2495 1370 2538 Re
1537 2499 1562 2537 5
1606 2491 1710 2550 μήτ’
1739 2494 1807 2537 Re
1844 2487 1848 2543 Ι

163 2552 410 2610 ἐπιορκήση
443 2554 521 2597 καὶ
554 2552 811 2610 μετασχήση
843 2554 878 2597 Ι
1035 2558 1058 2596 7
1092 2551 1368 2610 καθημέραν
1403 2553 1508 2597 VM
1663 2555 1689 2595 8
1722 2549 1776 2595 οὗ
1810 2554 1857 2596 Ρ

163 2611 244 2654 sed
262 2609 310 2655 “ῦ
334 2612 384 2655 in
407 2626 483 2655 ras
508 2611 578 2655 m²
604 2615 611 2668 Ι
637 2611 891 2668 ταμάλιστα
917 2612 1120 2656 BVMP
1223 2616 1276 2655 11
1303 2611 1527 2667 εἰλικρινῆ
1554 2612 1760 2656 GABLa
1771 2611 1857 2655 UP

163 2669 243 2712 sed
274 2670 322 2712 in
353 2670 442 2714 hoc
476 2668 488 2684 ’
526 2683 552 2714 e
578 2668 589 2685 “
637 2683 738 2713 corr
769 2669 851 2723 m2,
884 2670 976 2714 edd
1049 2670 1275 2713 nonnulla
1318 2670 1558 2714 excidisse·
1588 2669 1694 2712 coni
1724 2669 1793 2712 Re

165 2731 218 2770 15
251 2725 336 2772 οὖν
367 2729 450 2785 μὲν
482 2729 551 2772 Re
586 2730 592 2785 Ι
628 2725 675 2773 δ’
702 2729 770 2771 Re
922 2733 976 2771 18
1009 2728 1091 2783 μὲν
1123 2727 1369 2786 προτέρου]
1404 2726 1629 2783 πρότερον
1661 2727 1744 2784 μὲν
1776 2728 1853 2772 La

221 2790 274 2828 21
300 2784 439 2830 τοῦθ’
470 2787 562 2830 edd
676 2791 730 2829 22
764 2785 984 2844 βασιλέως
1008 2782 1066 2843 ἦν
1090 2786 1295 2843 ἀδελφός
1316 2789 1371 2831 ut
1394 2786 1627 2844 glossema
1652 2786 1853 2830 delenda.

164 2846 319 2888 censet
342 2844 393 2888 Ο.
416 2844 667 2900 Guenffier,
700 2846 900 2900 quaestt.
926 2845 1156 2889 Ammian.
1184 2846 1322 2900 critis„
1356 2845 1565 2902 Gotting.
1586 2849 1699 2889 1888
1731 2860 1775 2900 p.
1796 2849 1852 2887 14

165 2903 214 2943 at
245 2903 300 2945 cf.
337 2907 362 2957 ς
387 2908 414 2947 8
444 2918 489 2959 p.
516 2907 690 2956 239,19
723 2905 771 2946 et
800 2902 924 2946 infra
954 2918 999 2959 p.
1027 2909 1127 2958 244,
1151 2909 1177 2947 3

1498 2976 1583 3019 16*
