2060 3162
0 868 21 899 ς,
0 808 17 845 „tv

0 1413 21 1637 .Wmoe
0 1295 19 1406 huam
17 1242 19 1247 ,

3 1742 15 1751 -ῑ
0 1642 18 1734 hev-'0³⁴

4 2182 22 2233 ys..
0 1872 21 2162 :n„.»s-⁴mW-,
3 1829 20 1853 :q
0 1766 15 1810 «ᾖ.

670 162 898 206 LIBANII
929 161 1153 207 ORATIO
1188 162 1315 207 XVII
1716 162 1825 214 215

134 300 203 366 δὴ
243 298 572 368 προσπεσὼν
611 297 784 360 οὕτως
823 296 1090 350 ἐπέκλυσέ
1126 317 1183 350 τε
1221 298 1310 350 καὶ
1345 296 1607 367 κατέσυρε
1647 301 1827 365 γελῶν

132 406 193 440 τε
233 388 342 453 ἅμα
387 387 477 438 καὶ
515 385 768 454 παρέχων
806 394 922 447 τοῖς
960 386 1316 455 στρατιώταις
1355 385 1637 453 κωμάζειν,
1688 386 1826 438 ὥστε

135 475 388 537 ἀποικίας
427 475 506 536 εἰς
544 474 719 541 αὐτὴν
757 472 960 526 δέοιντ’
992 472 1062 526 ἂν
1096 475 1287 541 Μῆδοι
1326 474 1416 526 καὶ
1455 470 1588 526 οὐδὲ
1622 472 1828 541 ἀνδρὸς

135 564 296 630 γενεὰ
334 563 395 615 τὸ
434 571 625 628 πτῶμα
663 561 1000 630 ἀνορθώσαι.
1077 562 1167 615 καὶ
1214 563 1323 630 μὴν
1369 563 1542 630 ὄχθης
1587 580 1645 614 τε
1696 561 1820 614 ἀνά-

133 653 293 718 βασις
332 649 703 718 ἀπιστουμένη
751 652 1088 719 νυκτομαχία
1133 670 1191 703 τε
1231 652 1399 719 ὄχλον
1445 650 1528 703 ὅτι
1567 655 1828 703 πλεῖστον
1874 670 1894 702 5

133 746 539 806 κατενεγκοῦσα
587 742 823 807 Περσῶν
867 741 1070 807 τρόμος
1114 758 1172 791 τε
1220 738 1532 806 ἐγκείμενος
1575 746 1692 801 τοῖς
1737 737 1828 807 με’-

135 831 253 880 λεσι
291 826 382 880 καὶ
422 829 482 880 τὸ
520 829 818 896 πόρρωθεν
857 827 995 897 ὁρᾶν
1033 827 1417 896 φθειρομένην
1455 828 1556 895 τὴν
1586 835 1692 895 γῆν
1724 829 1830 879 σὺν

134 915 385 985 ἀτολμίᾳ,
426 914 582 967 ταυτὶ
619 917 625 984 Ι
660 913 762 984 μὲν
801 923 896 983 τῆς
935 917 1089 984 δίκης
1127 916 1198 984 ἣν
1236 914 1493 969 ἐπετίθει.
1771 927 1918 971 R515

247 1004 333 1055 22.
363 1001 589 1066 Ἀπόδος
621 1005 688 1072 δὴ
720 1004 869 1072 ἡμῖν,
903 1001 944 1057 ὦ
976 1009 1129 1057 θεῶν
1158 1004 1347 1072 ὕπατε,
1386 1005 1484 1057 τὸν
1516 1003 1830 1072 ὁμώνυμον,

133 1091 196 1154 ὃς
234 1095 462 1144 πλεῖστα
501 1092 571 1160 δή
611 1105 671 1144 σε
711 1091 971 1145 ἐκάλεσεν
1009 1091 1070 1145 ἐν
1109 1094 1215 1145 ἔτει
1257 1091 1557 1163 ἀρχομένῳ.
1625 1099 1727 1144 τοῦ
1769 1088 1829 1144 δὲ
1856 1114 1898 1146 10

134 1179 402 1248 ὁμόζυγος
440 1180 530 1232 καὶ
569 1178 828 1248 γέροντός
866 1199 968 1250 περ
1009 1182 1168 1243 ὄντος
1206 1182 1304 1233 τὸν
1350 1179 1622 1233 ἐνιαυτόν.
1699 1179 1727 1232 6
1768 1176 1829 1232 δὲ
1853 1181 1891 1250 Ἰ-

135 1267 197 1320 ἐν
236 1267 381 1340 με’σςο
419 1268 633 1321 κατέδυ.
702 1267 792 1321 καὶ
826 1269 855 1322 6
888 1269 990 1337 μὲν
1022 1271 1215 1337 ἔκειτο,
1254 1270 1408 1338 ἡμεῖς
1440 1269 1502 1321 δὲ
1534 1267 1595 1321 ἐν
1622 1268 1829 1337 Δάφνῃ

133 1356 230 1416 τὰς
262 1355 505 1423 Νύμφας
544 1353 957 1422 ἐθεραπεύομεν
996 1356 1219 1424 ὀρχήσει
1257 1375 1315 1408 τε
1354 1354 1446 1408 καὶ
1484 1365 1603 1419 ταῖς
1642 1358 1832 1418 ἄλλαις

137 1444 357 1512 χάρισιν
397 1443 604 1504 εἰδότες
642 1438 721 1495 ὧν
762 1443 1162 1512 ἑπεπόνθειμεν
1202 1442 1385 1496 οὐδέν.

249 1531 334 1583 23.
398 1534 491 1593 Τίς
540 1532 648 1599 ἄρα
701 1533 907 1600 λόγχην
957 1530 1175 1599 ἐκείνην
1224 1530 1516 1600 ἐχάλκευσε
1561 1539 1832 1585 τοσοῦτον
1857 1553 1899 1586 15

137 1618 546 1687 δυνησομένην;
586 1620 668 1681 τίς
708 1617 947 1687 ἐπήγαγε
986 1621 1200 1687 δαίμων
1239 1626 1314 1690 τῷ
1353 1621 1569 1687 βασιλεῖ
1608 1622 1832 1689 θρασὺν

260 1755 311 1792 11
347 1749 403 1793 cf
437 1765 482 1805 p
508 1754 579 1803 43
600 1753 653 1792 10

259 1873 312 1911 11
346 1865 594 1916 ἀπέδωκας
625 1867 748 1926 αὐτῷ
774 1865 1002 1922 δηλονότι.
1067 1866 1178 1916 ἔθος
1201 1861 1258 1922 ἦν
1282 1866 1486 1911 παλαιὸν
1516 1874 1614 1916 τοῖς
1639 1864 1832 1922 Ρωμαί-

139 1943 209 1976 οις
250 1924 354 1970 κατ’
384 1926 598 1970 ἐνιαυτὸν
642 1913 730 1969 δύό
767 1925 1117 1998 προβάλλεσθαι
1160 1924 1388 1979 ὑπάτους,
1434 1924 1517 1969 ἕνα
1556 1926 1640 1981 μὲν
1673 1926 1722 1970 ἐκ
1754 1932 1834 1981 τῆς

139 1987 328 2058 βουλῆς,
366 1986 448 2029 τὸν
482 1985 532 2028 δὲ
566 1983 722 2039 ετερον
755 1985 805 2029 ἐκ
835 1991 918 2027 τοῦ
952 1983 1123 2040 δήμου,
1163 1981 1228 2027 ὧν
1261 1983 1284 2027 6
1317 1983 1402 2039 μὲν
1432 1979 1542 2041 ἦρχε
1573 1992 1664 2028 τῶν
1696 1998 1833 2039 στρα-

138 2043 390 2117 τευμάτΙων,
424 2043 448 2087 6
483 2044 533 2089 δὲ
565 2043 623 2086 τὰ
653 2049 734 2099 τῆς
764 2041 939 2094 πόλεως
970 2042 1128 2103 διῴκει
1151 2041 1415 2100 πράγματα.
1481 2041 1667 2088 ἐλθόντι
1692 2044 1743 2087 δὲ
1770 2043 1835 2093 εἰς

140 2100 379 2161 βασιλείαν
410 2106 473 2163 τῷ
492 2100 750 2177 Ἰουλιανῷ
767 2102 896 2155 ἔδοξε
926 2102 1007 2146 τὸν
1028 2088 1233 2145 Ιπαλαιὸν
1259 2105 1537 2158 διατηρῆσαι
1562 2101 1722 2158 νόμον,
1754 2103 1834 2146 καὶ

142 2160 310 2206 ἑαυτὸν
341 2161 425 2219 μὲν
445 2148 750 2213 Ὗάνέδειξεν
724 2177 918 2215 υπατον,
951 2159 1289 2235 συμπαρέζευξε
1321 2161 1371 2205 δὲ
1397 2160 1547 2220 ἑαυτῷ
1571 2160 1704 2204 καὶ’“’
1677 2177 1834 2216 ετερον

140 2219 342 2294 ὁμόζυγα
389 2228 532 2277 τιμῶν
581 2219 796 2296 δηλονότι
837 2219 922 2276 τὴν
966 2217 1170 2291 ἀρχαίαν
1213 2220 1294 2263 καὶ
1337 2207 1533 2275 ἔννομον
1559 2218 1834 2277 Ελληνικὴν

143 2279 413 2334 συνήθειαν.
477 2280 619 2336 φησὶν
666 2276 750 2323 οὖν
794 2278 1018 2331 ἐνταῦθα,
1067 2277 1138 2322 ότι
1179 2282 1243 2338 τῷ
1286 2279 1368 2334 μὲν
1417 2277 1604 2351 ὁμόζυγι
1651 2277 1835 2336 γέροντι

144 2336 243 2382 ὄντι
286 2338 534 2388 ἀπέδωκας
575 2338 939 2394 ἐκπληρωθῆναι
980 2338 1062 2382 τὸν
1107 2323 1337 2391 ἐνιαυτόν,
1380 2338 1464 2381 τὸν
1496 2338 1547 2381 δὲ
1575 2335 1834 2381 Ἰουλιανὸν

141 2395 398 2447 κατέδυσας
430 2397 480 2441 ἐν
518 2400 581 2456 τῷ
613 2395 732 2470 μέσῳ
770 2404 853 2440 τοῦ
893 2395 1078 2454 χρόνου,
1123 2392 1158 2440 ὦ
1195 2400 1296 2450 Ζεῦ,
1342 2396 1391 2440 ἐν
1422 2403 1476 2469 τῇ
1516 2403 1608 2440 τῶν
1640 2398 1834 2468 ΠερσῶΙν

141 2461 198 2512 γῇ
231 2442 594 2513 πεφονευμένον.
649 2471 766 2500 ουτω
801 2455 850 2500 δὲ
884 2453 1012 2499 εἶπεν
1045 2455 1106 2506 ὡς
1136 2453 1240 2498 λίαν
1265 2454 1537 2513 σχετλιάζων
1569 2455 1684 2510 ὑπὲρ
1718 2452 1834 2500 ἐκεί-

145 2529 231 2557 νου
255 2514 324 2558 B*

263 2623 285 2660 1
320 2614 456 2666 οὗτος
486 2617 600 2671 Mor,
663 2632 717 2672 γρ
742 2632 888 2667 ουτως
917 2616 967 2658 in
997 2629 1133 2673 marg
1253 2621 1278 2658 2
1313 2612 1421 2659 ὥστ’
1448 2616 1516 2659 Re
1639 2620 1663 2659 3
1698 2616 1834 2659 ἀποι-

143 2671 252 2718 κίαν
276 2677 381 2720 ILa
408 2673 467 2732 Ι’“
442 2693 502 2720 αν
527 2675 571 2719 οἱ
595 2676 757 2731 Μῆδοι
780 2674 883 2718 Mor
1003 2680 1030 2718 4
1062 2677 1198 2735 γενεᾷ
1219 2676 1282 2718 Μ
1303 2676 1308 2730 Ι
1336 2675 1610 2731 ἀνορθώσαι
1629 2676 1674 2718 Ρ
1703 2674 1784 2718 sed
1809 2691 1833 2718 ο

143 2734 193 2775 et
224 2736 386 2777 acutus
419 2747 559 2790 supra
591 2752 626 2777 ω
659 2735 706 2777 et
738 2750 787 2776 αι
818 2733 868 2776 in
899 2746 975 2776 ras
1005 2733 1076 2775 m³
1107 2735 1155 2777 et
1174 2719 1404 2776 accentus
1446 2747 1586 2790 supra
1618 2749 1642 2776 ο
1678 2746 1834 2776 erasus

363 2799 445 2836 οῦτ

205 2851 291 2879 ανο
295 2838 477 2891 ρθώσαι
510 2838 573 2880 M
733 2839 757 2878 9
792 2834 842 2879 δὲ
884 2836 1009 2880 UMo
1032 2835 1102 2878 Re
1269 2839 1323 2878 10
1354 2837 1491 2879 τοῦδε
1531 2836 1576 2880 U
1627 2838 1631 2892 Ι
1690 2832 1738 2880 δ’
1767 2835 1835 2878 Re

149 2891 157 2949 Ι
192 2894 416 2938 excidisse
446 2894 588 2938 verba
628 2893 727 2945 εἴας
759 2891 992 2951 ἐκβαίνειν
1034 2893 1108 2937 vel
1139 2896 1523 2950 συμπληροῦσθαι
1556 2894 1661 2937 coni
1692 2894 1773 2947 Re,

148 2949 413 3006 ἐπλήρωσας
444 2966 530 3010 ego
566 2955 572 3009 Ι
607 2967 692 3006 περ
720 2951 852 3003 ὄντος
882 2952 932 2995 in
962 2964 1097 3008 marg
1127 2952 1222 2994 add
1256 2951 1362 2996 M0²
