2060 3162
247 78 355 131 212
759 80 988 124 LIBANII
1019 81 1243 125 ORATIO
1275 82 1404 126 XVII

362 215 443 268 13.
492 216 689 267 Καίτοι
730 217 900 284 ἔγωγε
938 218 1069 278 τοὺς
1106 213 1209 282 μὲν
1246 216 1599 286 τικτομένους
1638 222 1939 288 μακαρίους

246 303 575 370 ἀπεκάλουν,
638 302 699 356 ἐν
755 304 853 375 οἴω
909 305 976 372 δὴ
1039 306 1219 373 χρόνῳ
1275 306 1569 375 σπαρέντες
1627 303 1808 375 ἦλθον
1862 310 1939 371 εἰς

247 402 388 461 φῶς,
460 394 591 454 τοὺς
646 390 695 443 δ’
740 388 809 444 αὖ
873 395 1242 462 γεγηρακότας
1297 394 1502 462 ἠλέουν
1562 394 1623 448 ἐν
1683 398 1937 468 βορβόρῳ

154 492 301 536 R512
342 500 399 533 τε
452 483 786 549 βεβιωκότας
834 483 1047 550 πλῆθός
1096 501 1153 534 τε
1219 483 1224 551 Ι
1291 481 1429 535 ε’τῶν
1480 483 1540 536 ἐν
1584 484 1781 554 ἀγνοίᾳ
1827 494 1939 537 τῶν

199 590 219 623 5
245 573 428 622 καλῶν
490 569 868 639 ἀνηλωκότας,
942 571 1086 639 πλὴν
1161 571 1296 624 ὅσον
1363 570 1455 624 καὶ
1529 572 1646 624 οἵδε
1721 575 1938 643 σκιρτή-

244 656 438 720 σαντές
491 677 548 710 τε
603 657 664 711 ἐν
717 659 860 728 γήρᾳ
921 657 1012 711 καὶ
1073 660 1436 729 χορεύσαντες
1491 662 1721 728 ἔμελλον
1775 660 1938 730 ἀπέρ-

243 752 454 814 χεσθαι.
544 747 940 814 κακοδαίμονες
1002 744 1063 800 δὲ
1126 749 1232 817 ἄρα
1294 749 1449 810 ὄντες
1509 747 1824 802 ἐλάνθανον
1886 751 1939 802 οἱ

243 836 581 904 γεννώμενοι
628 836 766 904 πρὸς
805 834 1041 903 τέλματα
1078 855 1135 887 τε
1181 834 1406 904 ἥξοντες
1451 835 1542 889 καὶ
1589 839 1939 905 νοσήσουσαν

243 925 344 991 τὴν
385 931 503 991 γῆν.
1886 910 1890 913 ’

177 1034 219 1065 10
359 1012 440 1063 14.
468 1010 537 1063 Ὧι
568 1015 824 1080 γλυκείας
857 1012 1036 1080 ἀκοῆς,
1076 1013 1147 1080 ἣν
1179 1012 1285 1066 ἀπὸ
1326 1021 1421 1080 τῆς
1454 1011 1683 1082 ἑσπέρας
1721 1014 1754 1082 ἡ
1787 1017 1937 1083 φήμη

243 1098 495 1170 φέρουσα
532 1101 627 1163 τὰς
666 1102 854 1163 πόλεις
893 1101 1182 1169 εὔφραινε,
1230 1101 1401 1169 μάχας
1439 1102 1530 1154 καὶ
1568 1103 1804 1170 τρόπαια
1849 1104 1939 1155 καὶ

236 1186 428 1257 Ῥῆνον
467 1191 770 1256 πλεόμενον
809 1187 900 1241 καὶ
940 1191 1122 1258 φόνον
1162 1191 1388 1242 Κελτῶν
1434 1188 1525 1242 καὶ
1564 1191 1940 1259 αἰχμαλώτους

244 1277 721 1346 λαμβανομένους,
771 1280 901 1340 τοὺς
949 1275 1009 1330 δὲ
1055 1278 1188 1347 πρὶν
1220 1277 1498 1344 Ῥωμαίων
1538 1278 1768 1341 ἁλόντας
1809 1279 1940 1332 ἀπο-

245 1365 574 1433 διδομένους
623 1367 713 1418 καὶ
766 1368 978 1435 φόρους
1029 1365 1086 1419 ἐκ
1133 1369 1412 1433 πολεμίων
1462 1367 1552 1419 καὶ
1603 1368 1670 1419 τά
1718 1369 1940 1436 κείμενα

178 1474 220 1507 15
245 1453 578 1523 ἀνιστάμενα
623 1453 715 1507 καὶ
762 1455 1027 1523 δαίμονός
1071 1475 1222 1517 τινος
1269 1458 1402 1524 ἔργα
1453 1456 1543 1507 καὶ
1591 1455 1791 1523 ἀρετὴν
1841 1456 1940 1508 ἀπ-

246 1542 603 1611 αγγέλλουσα.
693 1542 775 1596 15.
839 1543 881 1595 ὢ
944 1552 1055 1596 τῶν
1117 1542 1391 1614 δευτέρων
1451 1543 1939 1612 θαυμασιωτέρων,

246 1632 381 1685 ὁδοῦ
422 1652 478 1685 τε
531 1631 740 1700 ἐκείνης
780 1633 872 1685 διὰ
911 1641 1031 1685 τῶν
1062 1630 1304 1700 ἐσχάτων
1351 1630 1442 1684 καὶ
1482 1633 1691 1702 δρόμου
1731 1633 1939 1684 λανθά-

245 1739 441 1782 νοντος
499 1721 588 1773 καὶ
647 1721 887 1774 ὁπλιτῶν
948 1718 1002 1783 ἓξ,
1069 1721 1403 1789 φοβούντων
1461 1721 1787 1789 δισμυρίους
1849 1721 1939 1772 καὶ

245 1809 469 1861 πάντων
521 1806 624 1876 μὲν
676 1807 757 1861 ἐπ’
806 1809 976 1861 αὐτὸν
1031 1808 1420 1877 ὁπλιζομένων,
1477 1807 1668 1877 ἀμαχεὶ
1724 1809 1784 1861 δὲ
1839 1816 1938 1861 τοῦ

179 1918 222 1950 20
246 1896 490 1965 πολέμου
530 1896 801 1959 τεθέντος.
879 1898 920 1949 ὢ
960 1907 1071 1949 τῶν
1117 1899 1262 1967 λόγῳ
1313 1896 1685 1965 δηλουμένων,
1741 1897 1782 1948 ὢ
1829 1906 1940 1948 τῶν

366 2106 391 2143 2
426 2098 513 2159 ὅτῳ
544 2100 645 2144 Mor
766 2105 791 2143 5
825 2098 1124 2150 ἀναλωκότας
1147 2100 1182 2142 Ι
1217 2100 1223 2156 Ι
1263 2096 1361 2143 οἶδε
1386 2099 1430 2142 Α
1464 2100 1510 2142 eb
1541 2099 1591 2141 in
1623 2098 1721 2142 οἵδε
1754 2112 1856 2142 corr
1882 2099 1944 2143 Cf

308 2155 406 2203 οἶδε
434 2161 517 2203 Mo
640 2165 664 2200 (5
695 2174 744 2202 τε
769 2171 843 2201 om
879 2157 1036 2202 VMor
1063 2158 1069 2215 Ι
1097 2158 1176 2200 καὶ
1199 2157 1502 2214 χορεύσαντες
1534 2171 1609 2200 om
1633 2157 1735 2200 Mor
1762 2158 1767 2215 Ι
1796 2157 1937 2213 ἀπέρ-

248 2222 418 2276 χεσθαι
451 2218 617 2274 scripsi
649 2217 751 2261 coll.
778 2216 799 2259 I
825 2221 923 2271 140,
943 2221 967 2258 3
1001 2218 1049 2259 et
1084 2220 1181 2270 148,
1209 2220 1262 2258 13
1329 2216 1617 2270 πορεύεσθαι
1648 2215 1756 2259 libri
1790 2217 1880 2260 edd

251 2282 275 2319 7
309 2277 575 2322 ἐλάνθανον
609 2276 739 2328 ὄντες
771 2276 814 2319 V
843 2276 849 2334 Ι
878 2276 1127 2332 γενώμενοι
1170 2276 1240 2320 UI
1371 2279 1397 2317 8
1437 2273 1638 2330 τέρματα
1671 2288 1812 2331 Supra
1841 2274 1937 2319 τέλ-

249 2353 370 2391 ματα
402 2337 452 2378 in
483 2349 617 2393 marg
643 2335 718 2379 Um
778 2334 978 2390 τέρματα
1003 2336 1048 2378 Β
1081 2334 1163 2378 sed.
1188 2351 1213 2387 ρ
1245 2332 1294 2375 in
1318 2346 1392 2376 ras
1421 2334 1427 2390 Ι
1455 2331 1644 2389 ἥξοντες
1666 2335 1701 2377 Ι
1726 2334 1807 2377 sed
1839 2350 1940 2385 ντες

249 2395 299 2437 in
323 2408 398 2438 ras
420 2395 489 2437 m²
551 2393 665 2451 ἤξου
698 2408 803 2438 cum
833 2406 995 2437 rasura,
1020 2397 1045 2436 2
1071 2392 1150 2435 litt
1182 2393 1226 2436 U
1280 2389 1440 2446 ἥξουσι
1466 2393 1533 2445 Μ,
1568 2393 1650 2436 sed.
1674 2410 1727 2450 γρ
1753 2391 1940 2448 ἥξοντες

250 2453 299 2496 in
331 2467 464 2510 marg
492 2456 497 2509 Ι
527 2453 790 2508 νοσήσασαν
822 2453 924 2496 Mor
1083 2456 1134 2494 11
1170 2451 1423 2505 εὕφραινεν
1451 2451 1662 2496 GAPMo
1735 2451 1939 2507 εὕφρανε

261 2513 440 2557 UIBM
512 2512 742 2567 εὕφρανες
764 2512 866 2555 Mor
890 2511 971 2555 sed
995 2511 1044 2553 in
1067 2523 1201 2566 marg
1231 2526 1285 2565 γρ
1312 2509 1533 2565 εὔφραινε
1665 2515 1716 2553 13
1742 2509 1940 2559 ἁλόντας

250 2601 286 2642 Ι
304 2600 385 2643 sed
411 2600 464 2643 όν
489 2600 538 2642 in
561 2612 636 2643 ras
661 2599 730 2642 m²
758 2601 763 2656 Ι
791 2586 1163 2654 ἀποδιδομένοοῶς
1189 2599 1272 2641 Mo
1395 2601 1448 2640 15
1478 2614 1525 2641 τε
1548 2599 1655 2654 Ροείῑ
1680 2598 1790 2653 ἔργα
1814 2598 1938 2640 inser

254 2661 316 2702 M
339 2659 345 2716 Ι
373 2657 723 2715 ἀπαγγέλλουσα
748 2659 793 2702 Α
818 2659 895 2702 sed
924 2659 955 2701 ἀ
985 2657 1054 2700 m²
1116 2655 1455 2727 ἐπαγγέλλουσα
1488 2658 1562 2700 La
1624 2655 1937 2713 ἐπαγγέλουσα

255 2761 340 2804 Mo
478 2765 531 2803 19
565 2763 707 2805 αὐτον
739 2775 796 2805 ex
826 2762 977 2804 αὐτῶν
1011 2775 1111 2803 corr
1143 2761 1186 2804 U
1249 2731 1401 2804 05&ssss
1436 2761 1498 2802 Μ
1635 2763 1690 2801 20
1722 2757 1939 2808 τεθέντος

255 2822 521 2875 corruptum
553 2820 736 2864 videtur
811 2818 1056 2875 κριθέντος
1088 2818 1232 2862 Cobet
1255 2819 1423 2863 Mnem.
1442 2818 1484 2861 V
1510 2822 1591 2860 131
1625 2816 1755 2873 (Con.
1778 2818 1878 2873 111)

254 2877 478 2927 λυθέντος
507 2879 809 2934 praetulerim
837 2881 843 2934 Ι
871 2885 961 2922 τῶν
993 2879 1054 2934 (1)
1090 2878 1127 2922 G
1155 2878 1236 2920 sed
1269 2894 1294 2920 ν
1327 2892 1382 2922 ex
1415 2894 1431 2919 ι
1463 2889 1563 2919 corr
1585 2890 1629 2919 m
