<?xml version="1.0" encoding="UTF-8"?>
<!DOCTYPE html PUBLIC "-//W3C//DTD XHTML 1.0 Transitional//EN"
    "http://www.w3.org/TR/xhtml1/DTD/xhtml1-transitional.dtd">
<html xmlns="http://www.w3.org/1999/xhtml" xml:lang="en" lang="en">
 <head>
  <title>
</title>
<meta http-equiv="Content-Type" content="text/html;charset=utf-8" />
  <meta name='ocr-system' content='tesseract 3.04.00' />
  <meta name='ocr-capabilities' content='ocr_page ocr_carea ocr_par ocr_line ocrx_word'/>
</head>
<body>
  <div class='ocr_page' id='page_1' title='image "./operarecensuitri02libauoft_0229.png"; bbox 0 0 2060 3162; ppageno 0'>
   <div class='ocr_carea' id='block_1_1' title="bbox 4 0 30 191">
    <p class='ocr_par' dir='ltr' id='par_1_1' title="bbox 4 0 30 191">
     <span class='ocr_line' id='line_1_1' title="bbox 4 0 30 191; textangle 90"><span class='ocrx_word' id='word_1_1' title='bbox 4 186 14 191; x_wconf 82' lang='grc'>.</span> <span class='ocrx_word' id='word_1_2' title='bbox 4 0 30 141; x_wconf 49' lang='grc' dir='ltr'><em>,,,.,Ἣ,</em></span> 
     </span>
    </p>
   </div>
   <div class='ocr_carea' id='block_1_2' title="bbox 0 821 21 1723">
    <p class='ocr_par' dir='ltr' id='par_1_2' title="bbox 0 821 21 1723">
     <span class='ocr_line' id='line_1_2' title="bbox 0 821 21 1723; textangle 90"><span class='ocrx_word' id='word_1_3' title='bbox 4 1696 13 1723; x_wconf 54' lang='grc' dir='ltr'><em>ι.</em></span> <span class='ocrx_word' id='word_1_4' title='bbox 0 915 21 1653; x_wconf 25' lang='grc' dir='ltr'><em>ιηωτνᾼνκιυΜΗΠ</em></span> <span class='ocrx_word' id='word_1_5' title='bbox 0 861 18 875; x_wconf 75' lang='grc' dir='ltr'>Ί</span> <span class='ocrx_word' id='word_1_6' title='bbox 0 821 10 833; x_wconf 69' lang='grc'><em>“</em></span> 
     </span>
    </p>
   </div>
   <div class='ocr_carea' id='block_1_3' title="bbox 701 166 1859 218">
    <p class='ocr_par' dir='ltr' id='par_1_3' title="bbox 701 166 1859 218">
     <span class='ocr_line' id='line_1_3' title="bbox 701 166 1859 218; baseline 0.008 -8"><span class='ocrx_word' id='word_1_7' title='bbox 701 167 930 211; x_wconf 84' lang='lat' dir='ltr'><strong>LIBANII</strong></span> <span class='ocrx_word' id='word_1_8' title='bbox 962 166 1185 211; x_wconf 78' lang='lat' dir='ltr'><strong>ORATIO</strong></span> <span class='ocrx_word' id='word_1_9' title='bbox 1218 167 1346 211; x_wconf 85' lang='lat' dir='ltr'><strong>XVII</strong></span> <span class='ocrx_word' id='word_1_10' title='bbox 1751 166 1859 218; x_wconf 83' lang='grc'><em>219</em></span> 
     </span>
    </p>
   </div>
   <div class='ocr_carea' id='block_1_4' title="bbox 166 301 1988 1874">
    <p class='ocr_par' dir='ltr' id='par_1_4' title="bbox 166 301 1988 1874">
     <span class='ocr_line' id='line_1_4' title="bbox 168 301 1862 373; baseline -0.002 -16"><span class='ocrx_word' id='word_1_11' title='bbox 168 323 334 373; x_wconf 92' lang='grc' dir='ltr'><em>μενος</em></span> <span class='ocrx_word' id='word_1_12' title='bbox 387 302 623 365; x_wconf 80' lang='grc' dir='ltr'><em>ἐνενόεις</em></span> <span class='ocrx_word' id='word_1_13' title='bbox 683 303 781 355; x_wconf 93' lang='grc' dir='ltr'><em>τὸν</em></span> <span class='ocrx_word' id='word_1_14' title='bbox 835 301 1128 370; x_wconf 81' lang='grc' dir='ltr'><em>ἐπαινέτην</em></span> <span class='ocrx_word' id='word_1_15' title='bbox 1181 301 1274 371; x_wconf 81' lang='grc' dir='ltr'><em>ἐμὲ</em></span> <span class='ocrx_word' id='word_1_16' title='bbox 1334 302 1423 355; x_wconf 82' lang='grc' dir='ltr'><em>καὶ</em></span> <span class='ocrx_word' id='word_1_17' title='bbox 1480 303 1678 369; x_wconf 83' lang='grc' dir='ltr'><strong><em>λόγους</em></strong></span> <span class='ocrx_word' id='word_1_18' title='bbox 1731 304 1862 364; x_wconf 90' lang='grc' dir='ltr'><em>τοὺς</em></span> 
     </span>
     <span class='ocr_line' id='line_1_5' title="bbox 170 387 1861 461; baseline -0.002 -16"><span class='ocrx_word' id='word_1_19' title='bbox 170 391 466 461; x_wconf 71' lang='grc' dir='ltr'><strong><em>ἐσομένους</em></strong></span> <span class='ocrx_word' id='word_1_20' title='bbox 511 400 626 452; x_wconf 89' lang='grc' dir='ltr'><em>τοῖς</em></span> <span class='ocrx_word' id='word_1_21' title='bbox 677 391 1012 459; x_wconf 75' lang='grc' dir='ltr'><em>πράγμασιν,</em></span> <span class='ocrx_word' id='word_1_22' title='bbox 1068 389 1174 458; x_wconf 83' lang='grc' dir='ltr'><em>ἐγὼ</em></span> <span class='ocrx_word' id='word_1_23' title='bbox 1223 387 1284 443; x_wconf 73' lang='grc' dir='ltr'><em>δὲ</em></span> <span class='ocrx_word' id='word_1_24' title='bbox 1332 392 1544 458; x_wconf 81' lang='grc' dir='ltr'><strong><em>ἤσκουν</em></strong></span> <span class='ocrx_word' id='word_1_25' title='bbox 1597 391 1698 458; x_wconf 86' lang='grc' dir='ltr'><em>τὴν</em></span> <span class='ocrx_word' id='word_1_26' title='bbox 1744 391 1861 442; x_wconf 83' lang='grc' dir='ltr'><em>διά-</em></span> 
     </span>
     <span class='ocr_line' id='line_1_6' title="bbox 169 480 1863 549; baseline -0.002 -16"><span class='ocrx_word' id='word_1_27' title='bbox 169 500 348 549; x_wconf 91' lang='grc' dir='ltr'><em>νοιαν,</em></span> <span class='ocrx_word' id='word_1_28' title='bbox 388 480 462 542; x_wconf 83' lang='grc' dir='ltr'><em>ὡς</em></span> <span class='ocrx_word' id='word_1_29' title='bbox 498 481 570 548; x_wconf 82' lang='grc' dir='ltr'><em>μὴ</em></span> <span class='ocrx_word' id='word_1_30' title='bbox 611 481 904 548; x_wconf 81' lang='grc' dir='ltr'><em>λειφθείην</em></span> <span class='ocrx_word' id='word_1_31' title='bbox 942 489 1054 531; x_wconf 83' lang='grc' dir='ltr'><em>τῶν</em></span> <span class='ocrx_word' id='word_1_32' title='bbox 1094 481 1288 548; x_wconf 82' lang='grc' dir='ltr'><em>ἔργων,</em></span> <span class='ocrx_word' id='word_1_33' title='bbox 1330 480 1510 548; x_wconf 84' lang='grc' dir='ltr'><em>ὥσπερ</em></span> <span class='ocrx_word' id='word_1_34' title='bbox 1549 499 1632 541; x_wconf 88' lang='grc' dir='ltr'><em>τις</em></span> <span class='ocrx_word' id='word_1_35' title='bbox 1670 482 1863 531; x_wconf 83' lang='grc' dir='ltr'><em>παλαι-</em></span> 
     </span>
     <span class='ocr_line' id='line_1_7' title="bbox 168 562 1864 637; baseline -0.001 -16"><span class='ocrx_word' id='word_1_36' title='bbox 168 570 300 637; x_wconf 84' lang='grc' dir='ltr'><em>στὴς</em></span> <span class='ocrx_word' id='word_1_37' title='bbox 338 562 764 635; x_wconf 80' lang='grc' dir='ltr'><strong><em>ἐπιμελούμενος</em></strong></span> <span class='ocrx_word' id='word_1_38' title='bbox 808 575 908 620; x_wconf 88' lang='grc' dir='ltr'><em>τοῦ</em></span> <span class='ocrx_word' id='word_1_39' title='bbox 958 569 1205 635; x_wconf 88' lang='grc' dir='ltr'><em>σώματος</em></span> <span class='ocrx_word' id='word_1_40' title='bbox 1249 569 1676 635; x_wconf 87' lang='grc' dir='ltr'><em>πυνθανόμενος</em></span> <span class='ocrx_word' id='word_1_41' title='bbox 1712 566 1864 636; x_wconf 78' lang='grc' dir='ltr'><em>ἥξειν</em></span> 
     </span>
     <span class='ocr_line' id='line_1_8' title="bbox 169 651 1988 725; baseline 0.001 -15"><span class='ocrx_word' id='word_1_42' title='bbox 169 657 469 710; x_wconf 84' lang='grc' dir='ltr'><em>ἀντίπαλον</em></span> <span class='ocrx_word' id='word_1_43' title='bbox 524 657 765 725; x_wconf 89' lang='grc' dir='ltr'><em>ἰσχυρόν.</em></span> <span class='ocrx_word' id='word_1_44' title='bbox 844 656 948 724; x_wconf 84' lang='grc' dir='ltr'><em>ἐγὼ</em></span> <span class='ocrx_word' id='word_1_45' title='bbox 1004 656 1106 722; x_wconf 79' lang='grc' dir='ltr'><em>μὲν</em></span> <span class='ocrx_word' id='word_1_46' title='bbox 1160 651 1264 708; x_wconf 83' lang='grc' dir='ltr'><em>οὖν</em></span> <span class='ocrx_word' id='word_1_47' title='bbox 1318 655 1458 724; x_wconf 82' lang='grc' dir='ltr'><em>λέγω</em></span> <span class='ocrx_word' id='word_1_48' title='bbox 1505 675 1564 708; x_wconf 89' lang='grc' dir='ltr'><em>τε</em></span> <span class='ocrx_word' id='word_1_49' title='bbox 1608 656 1700 708; x_wconf 82' lang='grc' dir='ltr'><em>καὶ</em></span> <span class='ocrx_word' id='word_1_50' title='bbox 1756 655 1860 725; x_wconf 83' lang='grc' dir='ltr'><em>ε’ρῶ</em></span> <span class='ocrx_word' id='word_1_51' title='bbox 1910 675 1929 708; x_wconf 81' lang='lat'><strong>5</strong></span> <span class='ocrx_word' id='word_1_52' title='bbox 1982 706 1988 712; x_wconf 87' lang='grc'><em>,</em></span> 
     </span>
     <span class='ocr_line' id='line_1_9' title="bbox 169 743 1863 814; baseline -0.001 -16"><span class='ocrx_word' id='word_1_53' title='bbox 169 746 258 798; x_wconf 85' lang='grc' dir='ltr'><em>καὶ</em></span> <span class='ocrx_word' id='word_1_54' title='bbox 299 746 400 798; x_wconf 86' lang='grc' dir='ltr'><em>οὐκ</em></span> <span class='ocrx_word' id='word_1_55' title='bbox 440 745 682 812; x_wconf 81' lang='grc' dir='ltr'><em>ἀδικήσω</em></span> <span class='ocrx_word' id='word_1_56' title='bbox 723 753 848 814; x_wconf 83' lang='grc' dir='ltr'><em>σιγῇ</em></span> <span class='ocrx_word' id='word_1_57' title='bbox 902 745 968 797; x_wconf 83' lang='grc' dir='ltr'><em>τὰ</em></span> <span class='ocrx_word' id='word_1_58' title='bbox 1008 746 1165 813; x_wconf 85' lang='grc' dir='ltr'><em>ἔργα,</em></span> <span class='ocrx_word' id='word_1_59' title='bbox 1221 743 1552 796; x_wconf 87' lang='grc' dir='ltr'><em>ἀκούσονται</em></span> <span class='ocrx_word' id='word_1_60' title='bbox 1598 744 1660 796; x_wconf 84' lang='grc' dir='ltr'><em>δὲ</em></span> <span class='ocrx_word' id='word_1_61' title='bbox 1706 744 1863 796; x_wconf 79' lang='grc' dir='ltr'><em>ἄλλοι</em></span> 
     </span>
     <span class='ocr_line' id='line_1_10' title="bbox 166 829 1864 904; baseline -0.001 -18"><span class='ocrx_word' id='word_1_62' title='bbox 166 831 271 903; x_wconf 75' lang='grc' dir='ltr'><em>μὲν</em></span> <span class='ocrx_word' id='word_1_63' title='bbox 308 843 420 886; x_wconf 84' lang='grc' dir='ltr'><em>τῶν</em></span> <span class='ocrx_word' id='word_1_64' title='bbox 471 831 744 904; x_wconf 77' lang='grc' dir='ltr'><em>ᾀσμάτων,</em></span> <span class='ocrx_word' id='word_1_65' title='bbox 794 833 959 895; x_wconf 87' lang='grc' dir='ltr'><em>αὐτὸς</em></span> <span class='ocrx_word' id='word_1_66' title='bbox 1007 829 1067 885; x_wconf 74' lang='grc' dir='ltr'><em>δὲ</em></span> <span class='ocrx_word' id='word_1_67' title='bbox 1109 833 1136 886; x_wconf 91' lang='grc' dir='ltr'>ὁ</span> <span class='ocrx_word' id='word_1_68' title='bbox 1178 833 1273 895; x_wconf 86' lang='grc' dir='ltr'><em>τὰς</em></span> <span class='ocrx_word' id='word_1_69' title='bbox 1319 834 1474 895; x_wconf 87' lang='grc' dir='ltr'><em>νίκας</em></span> <span class='ocrx_word' id='word_1_70' title='bbox 1522 831 1864 902; x_wconf 80' lang='grc' dir='ltr'><em>ἀνῃρημένος</em></span> 
     </span>
     <span class='ocr_line' id='line_1_11' title="bbox 169 920 1866 989; baseline -0.001 -14"><span class='ocrx_word' id='word_1_71' title='bbox 169 923 439 975; x_wconf 84' lang='grc' dir='ltr'><em>τέθαπται</em></span> <span class='ocrx_word' id='word_1_72' title='bbox 488 923 657 984; x_wconf 85' lang='grc' dir='ltr'><em>καλὰς</em></span> <span class='ocrx_word' id='word_1_73' title='bbox 694 920 785 974; x_wconf 83' lang='grc' dir='ltr'><em>καὶ</em></span> <span class='ocrx_word' id='word_1_74' title='bbox 833 923 1089 989; x_wconf 81' lang='grc' dir='ltr'><em>γενναίας</em></span> <span class='ocrx_word' id='word_1_75' title='bbox 1136 920 1361 983; x_wconf 79' lang='grc' dir='ltr'><em>ἐλπίδας</em></span> <span class='ocrx_word' id='word_1_76' title='bbox 1400 929 1494 989; x_wconf 84' lang='grc' dir='ltr'><em>τῆς</em></span> <span class='ocrx_word' id='word_1_77' title='bbox 1541 920 1866 988; x_wconf 82' lang='grc' dir='ltr'><em>οἰκουμένης</em></span> 
     </span>
     <span class='ocr_line' id='line_1_12' title="bbox 171 1008 1866 1078; baseline -0.002 -15"><span class='ocrx_word' id='word_1_78' title='bbox 171 1011 422 1077; x_wconf 78' lang='grc' dir='ltr'><em>ε’κτεμών.</em></span> <span class='ocrx_word' id='word_1_79' title='bbox 501 1011 586 1062; x_wconf 83' lang='grc'><em>32.</em></span> <span class='ocrx_word' id='word_1_80' title='bbox 639 1009 856 1073; x_wconf 78' lang='grc' dir='ltr'><em>ἐδέξατο</em></span> <span class='ocrx_word' id='word_1_81' title='bbox 895 1011 1114 1078; x_wconf 79' lang='grc' dir='ltr'><em>πληγὴν</em></span> <span class='ocrx_word' id='word_1_82' title='bbox 1146 1008 1516 1078; x_wconf 85' lang='grc' dir='ltr'><em>Ἀγαμέμνων,</em></span> <span class='ocrx_word' id='word_1_83' title='bbox 1563 1009 1701 1062; x_wconf 79' lang='grc' dir='ltr'><em>ἀλλὰ</em></span> <span class='ocrx_word' id='word_1_84' title='bbox 1740 1012 1866 1061; x_wconf 85' lang='grc' dir='ltr'><em>Μυ-</em></span> 
     </span>
     <span class='ocr_line' id='line_1_13' title="bbox 171 1098 1934 1168; baseline -0.002 -16"><span class='ocrx_word' id='word_1_85' title='bbox 171 1103 338 1168; x_wconf 88' lang='grc' dir='ltr'><em>κήνης</em></span> <span class='ocrx_word' id='word_1_86' title='bbox 376 1099 653 1166; x_wconf 80' lang='grc' dir='ltr'><em>βασιλεύς,</em></span> <span class='ocrx_word' id='word_1_87' title='bbox 687 1100 1066 1168; x_wconf 80' lang='grc' dir='ltr'><em>Κρεσφόντης,</em></span> <span class='ocrx_word' id='word_1_88' title='bbox 1106 1098 1244 1151; x_wconf 78' lang='grc' dir='ltr'><em>ἀλλὰ</em></span> <span class='ocrx_word' id='word_1_89' title='bbox 1275 1100 1593 1166; x_wconf 86' lang='grc' dir='ltr'><em>Μεσσήνης,</em></span> <span class='ocrx_word' id='word_1_90' title='bbox 1630 1098 1865 1167; x_wconf 78' lang='grc' dir='ltr'><em>Κόδρος,</em></span> <span class='ocrx_word' id='word_1_91' title='bbox 1891 1118 1934 1149; x_wconf 89' lang='lat'><em>10</em></span> 
     </span>
     <span class='ocr_line' id='line_1_14' title="bbox 172 1187 1867 1260; baseline -0.001 -20"><span class='ocrx_word' id='word_1_92' title='bbox 172 1188 310 1241; x_wconf 81' lang='grc' dir='ltr'><em>ἀλλὰ</em></span> <span class='ocrx_word' id='word_1_93' title='bbox 341 1194 564 1260; x_wconf 80' lang='grc' dir='ltr'><em>χρησμῷ</em></span> <span class='ocrx_word' id='word_1_94' title='bbox 589 1188 937 1256; x_wconf 85' lang='grc' dir='ltr'><em>πειθόμενος,</em></span> <span class='ocrx_word' id='word_1_95' title='bbox 970 1193 1127 1256; x_wconf 79' lang='grc' dir='ltr'><em>Αἴας,</em></span> <span class='ocrx_word' id='word_1_96' title='bbox 1168 1187 1306 1239; x_wconf 80' lang='grc' dir='ltr'><em>ἀλλὰ</em></span> <span class='ocrx_word' id='word_1_97' title='bbox 1336 1189 1675 1256; x_wconf 86' lang='grc' dir='ltr'><em>μικρόψυχος</em></span> <span class='ocrx_word' id='word_1_98' title='bbox 1706 1201 1867 1255; x_wconf 90' lang='grc' dir='ltr'><em>στρα-</em></span> 
     </span>
     <span class='ocr_line' id='line_1_15' title="bbox 175 1274 1866 1344; baseline -0.001 -17"><span class='ocrx_word' id='word_1_99' title='bbox 175 1279 363 1343; x_wconf 87' lang='grc' dir='ltr'><em>τηγός,</em></span> <span class='ocrx_word' id='word_1_100' title='bbox 404 1274 706 1344; x_wconf 83' lang='grc' dir='ltr'><em>Ἀχιλλεύς,</em></span> <span class='ocrx_word' id='word_1_101' title='bbox 761 1274 877 1327; x_wconf 81' lang='grc' dir='ltr'><em>ἀλλ’</em></span> <span class='ocrx_word' id='word_1_102' title='bbox 908 1276 1089 1343; x_wconf 72' lang='grc' dir='ltr'><em>ἥττων</em></span> <span class='ocrx_word' id='word_1_103' title='bbox 1138 1275 1486 1344; x_wconf 82' lang='grc' dir='ltr'><em>ἀφροδισίων</em></span> <span class='ocrx_word' id='word_1_104' title='bbox 1538 1276 1629 1327; x_wconf 85' lang='grc' dir='ltr'><em>καὶ</em></span> <span class='ocrx_word' id='word_1_105' title='bbox 1675 1279 1866 1342; x_wconf 86' lang='grc' dir='ltr'><em>θυμοῦ</em></span> 
     </span>
     <span class='ocr_line' id='line_1_16' title="bbox 173 1362 1954 1433; baseline 0 -17"><span class='ocrx_word' id='word_1_106' title='bbox 173 1365 262 1416; x_wconf 84' lang='grc' dir='ltr'><em>καὶ</em></span> <span class='ocrx_word' id='word_1_107' title='bbox 303 1365 480 1426; x_wconf 76' lang='grc' dir='ltr'><em>ἄλλως</em></span> <span class='ocrx_word' id='word_1_108' title='bbox 536 1366 542 1432; x_wconf 90' lang='grc' dir='ltr'>Ι</span> <span class='ocrx_word' id='word_1_109' title='bbox 599 1365 933 1432; x_wconf 81' lang='grc' dir='ltr'><em>ταραχώδης,</em></span> <span class='ocrx_word' id='word_1_110' title='bbox 973 1366 1177 1433; x_wconf 86' lang='grc' dir='ltr'><em>Κῦρος,</em></span> <span class='ocrx_word' id='word_1_111' title='bbox 1218 1362 1334 1416; x_wconf 83' lang='grc' dir='ltr'><em>ἀλλ’</em></span> <span class='ocrx_word' id='word_1_112' title='bbox 1368 1365 1546 1416; x_wconf 84' lang='grc' dir='ltr'><em>ὄντων</em></span> <span class='ocrx_word' id='word_1_113' title='bbox 1584 1362 1767 1430; x_wconf 82' lang='grc' dir='ltr'><em>υἱέων,</em></span> <span class='ocrx_word' id='word_1_114' title='bbox 1806 1375 1954 1418; x_wconf 83' lang='lat' dir='ltr'>R519</span> 
     </span>
     <span class='ocr_line' id='line_1_17' title="bbox 179 1450 1867 1521; baseline -0.001 -17"><span class='ocrx_word' id='word_1_115' title='bbox 179 1453 501 1521; x_wconf 86' lang='grc' dir='ltr'><em>Καμβύσης,</em></span> <span class='ocrx_word' id='word_1_116' title='bbox 558 1452 694 1504; x_wconf 79' lang='grc' dir='ltr'><em>ἀλλὰ</em></span> <span class='ocrx_word' id='word_1_117' title='bbox 743 1454 1088 1521; x_wconf 89' lang='grc' dir='ltr'><em>μαινόμενος.</em></span> <span class='ocrx_word' id='word_1_118' title='bbox 1166 1450 1522 1520; x_wconf 79' lang='grc' dir='ltr'><em>Ἀλέξανδρος</em></span> <span class='ocrx_word' id='word_1_119' title='bbox 1578 1453 1867 1519; x_wconf 83' lang='grc' dir='ltr'><em>ἔθνησκεν,</em></span> 
     </span>
     <span class='ocr_line' id='line_1_18' title="bbox 175 1538 1934 1609; baseline 0 -17"><span class='ocrx_word' id='word_1_120' title='bbox 175 1539 292 1594; x_wconf 78' lang='grc' dir='ltr'><em>ἀλλ’</em></span> <span class='ocrx_word' id='word_1_121' title='bbox 333 1540 434 1592; x_wconf 85' lang='grc' dir='ltr'><em>οὐκ</em></span> <span class='ocrx_word' id='word_1_122' title='bbox 488 1539 697 1609; x_wconf 80' lang='grc' dir='ltr'><em>ἐχθροῦ</em></span> <span class='ocrx_word' id='word_1_123' title='bbox 746 1543 910 1609; x_wconf 87' lang='grc' dir='ltr'><em>χειρί,</em></span> <span class='ocrx_word' id='word_1_124' title='bbox 965 1539 1055 1592; x_wconf 88' lang='grc' dir='ltr'><em>καὶ</em></span> <span class='ocrx_word' id='word_1_125' title='bbox 1103 1542 1213 1609; x_wconf 80' lang='grc' dir='ltr'><em>ἅμα</em></span> <span class='ocrx_word' id='word_1_126' title='bbox 1263 1541 1560 1609; x_wconf 79' lang='grc' dir='ltr'><em>ἄνθρωπος</em></span> <span class='ocrx_word' id='word_1_127' title='bbox 1611 1541 1746 1602; x_wconf 90' lang='grc' dir='ltr'><em>δοὺς</em></span> <span class='ocrx_word' id='word_1_128' title='bbox 1796 1538 1867 1592; x_wconf 77' lang='grc' dir='ltr'><em>ἂν</em></span> <span class='ocrx_word' id='word_1_129' title='bbox 1892 1560 1934 1592; x_wconf 84' lang='lat'><em>15</em></span> 
     </span>
     <span class='ocr_line' id='line_1_19' title="bbox 174 1625 1869 1698; baseline 0.001 -18"><span class='ocrx_word' id='word_1_130' title='bbox 174 1628 435 1698; x_wconf 88' lang='grc' dir='ltr'><em>ἀφορμὴν</em></span> <span class='ocrx_word' id='word_1_131' title='bbox 459 1630 798 1698; x_wconf 86' lang='grc' dir='ltr'><em>κατηγόροις.</em></span> <span class='ocrx_word' id='word_1_132' title='bbox 839 1628 867 1682; x_wconf 91' lang='grc' dir='ltr'>ὁ</span> <span class='ocrx_word' id='word_1_133' title='bbox 894 1625 954 1681; x_wconf 76' lang='grc' dir='ltr'><em>δὲ</em></span> <span class='ocrx_word' id='word_1_134' title='bbox 981 1627 1034 1692; x_wconf 79' lang='grc' dir='ltr'><em>ἐξ</em></span> <span class='ocrx_word' id='word_1_135' title='bbox 1066 1627 1295 1698; x_wconf 80' lang='grc' dir='ltr'><em>ἑσπέρας</em></span> <span class='ocrx_word' id='word_1_136' title='bbox 1326 1628 1513 1698; x_wconf 88' lang='grc' dir='ltr'><em>μέχρις</em></span> <span class='ocrx_word' id='word_1_137' title='bbox 1545 1628 1869 1697; x_wconf 87' lang='grc' dir='ltr'><em>ἀνίσχοντος</em></span> 
     </span>
     <span class='ocr_line' id='line_1_20' title="bbox 176 1713 1869 1786; baseline 0 -17"><span class='ocrx_word' id='word_1_138' title='bbox 176 1718 337 1785; x_wconf 77' lang='grc' dir='ltr'><em>ἡλίου</em></span> <span class='ocrx_word' id='word_1_139' title='bbox 378 1726 611 1785; x_wconf 84' lang='grc' dir='ltr'><em>κρατῶν,</em></span> <span class='ocrx_word' id='word_1_140' title='bbox 651 1718 834 1785; x_wconf 82' lang='grc' dir='ltr'><em>ψυχὴν</em></span> <span class='ocrx_word' id='word_1_141' title='bbox 874 1714 935 1769; x_wconf 76' lang='grc' dir='ltr'><em>δὲ</em></span> <span class='ocrx_word' id='word_1_142' title='bbox 970 1715 1112 1786; x_wconf 80' lang='grc' dir='ltr'><em>ἔχων</em></span> <span class='ocrx_word' id='word_1_143' title='bbox 1150 1717 1354 1785; x_wconf 86' lang='grc' dir='ltr'><em>μεστὴν</em></span> <span class='ocrx_word' id='word_1_144' title='bbox 1393 1717 1604 1785; x_wconf 82' lang='grc' dir='ltr'><em>ἀρετῆς,</em></span> <span class='ocrx_word' id='word_1_145' title='bbox 1644 1716 1768 1779; x_wconf 91' lang='grc' dir='ltr'><em>νέος</em></span> <span class='ocrx_word' id='word_1_146' title='bbox 1808 1713 1869 1769; x_wconf 76' lang='grc' dir='ltr'><em>δὲ</em></span> 
     </span>
     <span class='ocr_line' id='line_1_21' title="bbox 176 1804 1868 1874; baseline 0.001 -18"><span class='ocrx_word' id='word_1_147' title='bbox 176 1805 266 1857; x_wconf 86' lang='grc' dir='ltr'><em>καὶ</em></span> <span class='ocrx_word' id='word_1_148' title='bbox 307 1806 409 1857; x_wconf 90' lang='grc' dir='ltr'><em>οὐκ</em></span> <span class='ocrx_word' id='word_1_149' title='bbox 442 1806 520 1856; x_wconf 83' lang='grc' dir='ltr'><em>ὢν</em></span> <span class='ocrx_word' id='word_1_150' title='bbox 550 1806 726 1873; x_wconf 84' lang='grc' dir='ltr'><em>πατὴρ</em></span> <span class='ocrx_word' id='word_1_151' title='bbox 763 1804 854 1857; x_wconf 86' lang='grc' dir='ltr'><em>ὑπ’</em></span> <span class='ocrx_word' id='word_1_152' title='bbox 876 1804 1253 1874; x_wconf 88' lang='grc' dir='ltr'><em>Ἀχαιμενίδου</em></span> <span class='ocrx_word' id='word_1_153' title='bbox 1285 1805 1438 1867; x_wconf 92' lang='grc' dir='ltr'><em>τινὸς</em></span> <span class='ocrx_word' id='word_1_154' title='bbox 1468 1807 1868 1874; x_wconf 86' lang='grc' dir='ltr'><em>κατενήνεκται.</em></span> 
     </span>
    </p>
   </div>
   <div class='ocr_carea' id='block_1_5' title="bbox 182 1903 536 1908">
    <p class='ocr_par' dir='ltr' id='par_1_5' title="bbox 182 1903 536 1908">
     <span class='ocr_line' id='line_1_22' title="bbox 182 1903 536 1908; baseline 0 0"><span class='ocrx_word' id='word_1_155' title='bbox 182 1903 536 1908; x_wconf 95' lang='lat' dir='ltr'><em> </em></span> 
     </span>
    </p>
   </div>
   <div class='ocr_carea' id='block_1_6' title="bbox 298 1964 1867 2021">
    <p class='ocr_par' dir='ltr' id='par_1_6' title="bbox 298 1964 1867 2021">
     <span class='ocr_line' id='line_1_23' title="bbox 298 1964 1867 2021; baseline 0.001 -15"><span class='ocrx_word' id='word_1_156' title='bbox 298 1969 322 2006; x_wconf 88' lang='grc'><strong>9</strong></span> <span class='ocrx_word' id='word_1_157' title='bbox 347 1964 397 2007; x_wconf 93' lang='lat' dir='ltr'><em>Il.</em></span> <span class='ocrx_word' id='word_1_158' title='bbox 417 1966 445 2021; x_wconf 88' lang='grc' dir='ltr'><strong><em>β</em></strong></span> <span class='ocrx_word' id='word_1_159' title='bbox 470 1969 554 2008; x_wconf 84' lang='lat'><em>569</em></span> <span class='ocrx_word' id='word_1_160' title='bbox 680 1969 733 2008; x_wconf 92' lang='grc'><em>10</em></span> <span class='ocrx_word' id='word_1_161' title='bbox 767 1965 872 2020; x_wconf 83' lang='lat' dir='ltr'>Lyc.</span> <span class='ocrx_word' id='word_1_162' title='bbox 900 1979 936 2008; x_wconf 85' lang='grc' dir='ltr'><em>ο.</em></span> <span class='ocrx_word' id='word_1_163' title='bbox 956 1965 1112 2008; x_wconf 83' lang='lat' dir='ltr'>Leocr.</span> <span class='ocrx_word' id='word_1_164' title='bbox 1140 1970 1164 2018; x_wconf 62' lang='grc' dir='ltr'><em>ξ</em></span> <span class='ocrx_word' id='word_1_165' title='bbox 1183 1969 1239 2008; x_wconf 85' lang='grc'><em>84</em></span> <span class='ocrx_word' id='word_1_166' title='bbox 1254 1979 1320 2019; x_wconf 80' lang='lat' dir='ltr'><em>sq.</em></span> <span class='ocrx_word' id='word_1_167' title='bbox 1446 1969 1500 2007; x_wconf 89' lang='lat'><em>14</em></span> <span class='ocrx_word' id='word_1_168' title='bbox 1525 1965 1631 2008; x_wconf 85' lang='lat' dir='ltr'><strong>Her.</strong></span> <span class='ocrx_word' id='word_1_169' title='bbox 1648 1964 1712 2007; x_wconf 84' lang='grc' dir='ltr'><em>ΙΙΙ</em></span> <span class='ocrx_word' id='word_1_170' title='bbox 1731 1969 1785 2007; x_wconf 88' lang='grc'><em>30</em></span> <span class='ocrx_word' id='word_1_171' title='bbox 1801 1979 1867 2020; x_wconf 84' lang='lat' dir='ltr'><em>sq.</em></span> 
     </span>
    </p>
   </div>
   <div class='ocr_carea' id='block_1_7' title="bbox 180 2058 534 2062">
    <p class='ocr_par' dir='ltr' id='par_1_7' title="bbox 180 2058 534 2062">
     <span class='ocr_line' id='line_1_24' title="bbox 180 2058 534 2062; baseline 0 0"><span class='ocrx_word' id='word_1_172' title='bbox 180 2058 534 2062; x_wconf 95' lang='lat' dir='ltr'><em> </em></span> 
     </span>
    </p>
   </div>
   <div class='ocr_carea' id='block_1_8' title="bbox 179 2110 1871 2346">
    <p class='ocr_par' dir='ltr' id='par_1_8' title="bbox 179 2110 1871 2346">
     <span class='ocr_line' id='line_1_25' title="bbox 298 2110 1869 2169; baseline 0.001 -15"><span class='ocrx_word' id='word_1_173' title='bbox 298 2119 322 2154; x_wconf 78' lang='lat'>2</span> <span class='ocrx_word' id='word_1_174' title='bbox 368 2110 623 2168; x_wconf 79' lang='grc' dir='ltr'><em>ἑπομένους</em></span> <span class='ocrx_word' id='word_1_175' title='bbox 660 2112 775 2166; x_wconf 84' lang='lat' dir='ltr'>Mor,</span> <span class='ocrx_word' id='word_1_176' title='bbox 819 2129 872 2168; x_wconf 81' lang='grc' dir='ltr'><em>γρ</em></span> <span class='ocrx_word' id='word_1_177' title='bbox 900 2111 1146 2168; x_wconf 82' lang='grc' dir='ltr'><em>ἐσομένους</em></span> <span class='ocrx_word' id='word_1_178' title='bbox 1184 2112 1233 2155; x_wconf 92' lang='lat' dir='ltr'><em>in</em></span> <span class='ocrx_word' id='word_1_179' title='bbox 1272 2125 1406 2169; x_wconf 82' lang='lat' dir='ltr'>marg</span> <span class='ocrx_word' id='word_1_180' title='bbox 1463 2114 1469 2168; x_wconf 77' lang='grc' dir='ltr'>Ι</span> <span class='ocrx_word' id='word_1_181' title='bbox 1525 2111 1610 2168; x_wconf 87' lang='grc' dir='ltr'><em>τὴν</em></span> <span class='ocrx_word' id='word_1_182' title='bbox 1649 2111 1869 2156; x_wconf 77' lang='grc' dir='ltr'><em>διάνοιαν</em></span> 
     </span>
     <span class='ocr_line' id='line_1_26' title="bbox 179 2170 1816 2228; baseline 0 -14"><span class='ocrx_word' id='word_1_183' title='bbox 179 2170 354 2226; x_wconf 82' lang='grc' dir='ltr'><em>ἤσκουν</em></span> <span class='ocrx_word' id='word_1_184' title='bbox 387 2173 433 2215; x_wconf 88' lang='lat' dir='ltr'><strong><em>P</em></strong></span> <span class='ocrx_word' id='word_1_185' title='bbox 461 2171 562 2214; x_wconf 89' lang='lat' dir='ltr'><em>Mor</em></span> <span class='ocrx_word' id='word_1_186' title='bbox 682 2175 707 2213; x_wconf 85' lang='grc'><strong>6</strong></span> <span class='ocrx_word' id='word_1_187' title='bbox 741 2170 996 2225; x_wconf 85' lang='grc' dir='ltr'><em>ἀδικήσωσι</em></span> <span class='ocrx_word' id='word_1_188' title='bbox 1028 2178 1085 2228; x_wconf 84' lang='grc' dir='ltr'><em>γῆ</em></span> <span class='ocrx_word' id='word_1_189' title='bbox 1119 2171 1203 2215; x_wconf 90' lang='lat' dir='ltr'><em>Mo</em></span> <span class='ocrx_word' id='word_1_190' title='bbox 1324 2174 1350 2213; x_wconf 88' lang='grc'>8</span> <span class='ocrx_word' id='word_1_191' title='bbox 1383 2170 1529 2222; x_wconf 79' lang='grc' dir='ltr'><em>καλάς</em></span> <span class='ocrx_word' id='word_1_192' title='bbox 1559 2187 1608 2227; x_wconf 84' lang='grc' dir='ltr'><em>γε</em></span> <span class='ocrx_word' id='word_1_193' title='bbox 1640 2172 1721 2215; x_wconf 81' lang='grc' dir='ltr'><em>καὶ</em></span> <span class='ocrx_word' id='word_1_194' title='bbox 1754 2172 1816 2214; x_wconf 90' lang='grc' dir='ltr'><strong>Μ</strong></span> 
     </span>
     <span class='ocr_line' id='line_1_27' title="bbox 179 2229 1869 2286; baseline -0.001 -14"><span class='ocrx_word' id='word_1_195' title='bbox 179 2235 205 2272; x_wconf 89' lang='grc'><strong>9</strong></span> <span class='ocrx_word' id='word_1_196' title='bbox 238 2237 452 2286; x_wconf 83' lang='grc' dir='ltr'><em>μυκηνῶν</em></span> <span class='ocrx_word' id='word_1_197' title='bbox 485 2243 509 2273; x_wconf 87' lang='lat' dir='ltr'>e</span> <span class='ocrx_word' id='word_1_198' title='bbox 534 2229 741 2286; x_wconf 87' lang='grc' dir='ltr'><em>μυκήνης</em></span> <span class='ocrx_word' id='word_1_199' title='bbox 772 2244 874 2273; x_wconf 79' lang='lat' dir='ltr'>corr</span> <span class='ocrx_word' id='word_1_200' title='bbox 890 2230 1030 2284; x_wconf 78' lang='lat' dir='ltr'><strong>A²I²‚</strong></span> <span class='ocrx_word' id='word_1_201' title='bbox 1063 2231 1138 2274; x_wconf 87' lang='lat' dir='ltr'><em>La</em></span> <span class='ocrx_word' id='word_1_202' title='bbox 1162 2230 1254 2273; x_wconf 82' lang='lat' dir='ltr'><em>edd</em></span> <span class='ocrx_word' id='word_1_203' title='bbox 1378 2234 1432 2272; x_wconf 90' lang='lat'><em>10</em></span> <span class='ocrx_word' id='word_1_204' title='bbox 1464 2229 1691 2286; x_wconf 87' lang='grc' dir='ltr'><em>μεσσήνης</em></span> <span class='ocrx_word' id='word_1_205' title='bbox 1714 2232 1759 2274; x_wconf 90' lang='grc' dir='ltr'><em>Ρ</em></span> <span class='ocrx_word' id='word_1_206' title='bbox 1789 2230 1869 2274; x_wconf 79' lang='lat' dir='ltr'><em>Sed</em></span> 
     </span>
     <span class='ocr_line' id='line_1_28' title="bbox 179 2288 1871 2346; baseline 0.001 -14"><span class='ocrx_word' id='word_1_207' title='bbox 179 2303 206 2332; x_wconf 87' lang='grc' dir='ltr'><em>σ</em></span> <span class='ocrx_word' id='word_1_208' title='bbox 231 2289 429 2333; x_wconf 75' lang='lat' dir='ltr'>alterum</span> <span class='ocrx_word' id='word_1_209' title='bbox 455 2290 547 2332; x_wconf 84' lang='lat' dir='ltr'><em>add</em></span> <span class='ocrx_word' id='word_1_210' title='bbox 564 2289 634 2332; x_wconf 81' lang='lat' dir='ltr'><em>m³</em></span> <span class='ocrx_word' id='word_1_211' title='bbox 695 2288 893 2345; x_wconf 83' lang='grc' dir='ltr'><em>μεσήνης</em></span> <span class='ocrx_word' id='word_1_212' title='bbox 919 2289 1168 2334; x_wconf 88' lang='lat' dir='ltr'><em>VUIBMo</em></span> <span class='ocrx_word' id='word_1_213' title='bbox 1191 2288 1294 2332; x_wconf 89' lang='lat' dir='ltr'><em>Mor</em></span> <span class='ocrx_word' id='word_1_214' title='bbox 1416 2293 1467 2331; x_wconf 93' lang='lat'><em>11</em></span> <span class='ocrx_word' id='word_1_215' title='bbox 1496 2306 1550 2345; x_wconf 72' lang='grc' dir='ltr'><em>γρ</em></span> <span class='ocrx_word' id='word_1_216' title='bbox 1568 2288 1871 2346; x_wconf 82' lang='grc' dir='ltr'><em>μακρόψυχος</em></span> 
     </span>
    </p>
   </div>
   <div class='ocr_carea' id='block_1_9' title="bbox 179 2364 1874 3020">
    <p class='ocr_par' dir='ltr' id='par_1_9' title="bbox 179 2364 1817 2433">
     <span class='ocr_line' id='line_1_29' title="bbox 179 2364 1817 2433; baseline 0.001 -14"><span class='ocrx_word' id='word_1_217' title='bbox 179 2377 228 2419; x_wconf 89' lang='lat' dir='ltr'><em>in</em></span> <span class='ocrx_word' id='word_1_218' title='bbox 260 2390 394 2433; x_wconf 86' lang='lat' dir='ltr'>marg</span> <span class='ocrx_word' id='word_1_219' title='bbox 423 2377 525 2420; x_wconf 84' lang='lat' dir='ltr'><em>Mor</em></span> <span class='ocrx_word' id='word_1_220' title='bbox 706 2382 759 2420; x_wconf 80' lang='lat'><em>12</em></span> <span class='ocrx_word' id='word_1_221' title='bbox 808 2364 931 2433; x_wconf 57' lang='grc' dir='ltr'><em>ἥξων</em></span> <span class='ocrx_word' id='word_1_222' title='bbox 966 2378 1004 2422; x_wconf 81' lang='lat' dir='ltr'><em>C</em></span> <span class='ocrx_word' id='word_1_223' title='bbox 1043 2377 1123 2420; x_wconf 86' lang='lat' dir='ltr'><em>sed</em></span> <span class='ocrx_word' id='word_1_224' title='bbox 1154 2393 1179 2420; x_wconf 90' lang='grc' dir='ltr'><em>τ</em></span> <span class='ocrx_word' id='word_1_225' title='bbox 1211 2390 1450 2433; x_wconf 83' lang='lat' dir='ltr'>suprapos.</span> <span class='ocrx_word' id='word_1_226' title='bbox 1476 2377 1506 2431; x_wconf 81' lang='lat' dir='ltr'><em>f</em></span> <span class='ocrx_word' id='word_1_227' title='bbox 1588 2374 1618 2432; x_wconf 80' lang='grc' dir='ltr'>ἤ</span> <span class='ocrx_word' id='word_1_228' title='bbox 1647 2393 1740 2420; x_wconf 83' lang='grc' dir='ltr'><em>των</em></span> <span class='ocrx_word' id='word_1_229' title='bbox 1772 2378 1817 2421; x_wconf 92' lang='lat' dir='ltr'><em>U</em></span> 
     </span>
    </p>

    <p class='ocr_par' dir='ltr' id='par_1_10' title="bbox 180 2433 1871 2727">
     <span class='ocr_line' id='line_1_30' title="bbox 185 2433 1870 2492; baseline 0.001 -14"><span class='ocrx_word' id='word_1_230' title='bbox 185 2441 237 2479; x_wconf 87' lang='lat'><em>15</em></span> <span class='ocrx_word' id='word_1_231' title='bbox 271 2433 330 2478; x_wconf 74' lang='grc' dir='ltr'><em>ἂν</em></span> <span class='ocrx_word' id='word_1_232' title='bbox 362 2435 487 2479; x_wconf 83' lang='lat' dir='ltr'>inser</span> <span class='ocrx_word' id='word_1_233' title='bbox 517 2437 550 2478; x_wconf 92' lang='grc' dir='ltr'><em>Ι</em></span> <span class='ocrx_word' id='word_1_234' title='bbox 559 2435 646 2478; x_wconf 82' lang='lat' dir='ltr'><em>2M</em></span> <span class='ocrx_word' id='word_1_235' title='bbox 656 2435 673 2460; x_wconf 76' lang='lat'>²</span> <span class='ocrx_word' id='word_1_236' title='bbox 763 2449 839 2478; x_wconf 92' lang='lat' dir='ltr'><em>om</em></span> <span class='ocrx_word' id='word_1_237' title='bbox 863 2436 948 2480; x_wconf 91' lang='lat' dir='ltr'><em>UB</em></span> <span class='ocrx_word' id='word_1_238' title='bbox 1131 2440 1185 2479; x_wconf 90' lang='grc'><em>16</em></span> <span class='ocrx_word' id='word_1_239' title='bbox 1218 2435 1437 2492; x_wconf 85' lang='grc' dir='ltr'><em>ἀφορμὴν</em></span> <span class='ocrx_word' id='word_1_240' title='bbox 1469 2435 1655 2479; x_wconf 76' lang='lat' dir='ltr'>restitui</span> <span class='ocrx_word' id='word_1_241' title='bbox 1687 2449 1713 2480; x_wconf 88' lang='lat' dir='ltr'>e</span> <span class='ocrx_word' id='word_1_242' title='bbox 1737 2435 1870 2479; x_wconf 82' lang='lat' dir='ltr'>libris</span> 
     </span>
     <span class='ocr_line' id='line_1_31' title="bbox 180 2494 1871 2551; baseline 0.001 -14"><span class='ocrx_word' id='word_1_243' title='bbox 180 2496 373 2550; x_wconf 77' lang='lat' dir='ltr'><strong>excepto</strong></span> <span class='ocrx_word' id='word_1_244' title='bbox 406 2495 451 2538; x_wconf 87' lang='lat' dir='ltr'><em>P</em></span> <span class='ocrx_word' id='word_1_245' title='bbox 494 2494 575 2550; x_wconf 87' lang='lat' dir='ltr'><em>qui</em></span> <span class='ocrx_word' id='word_1_246' title='bbox 621 2494 839 2551; x_wconf 80' lang='grc' dir='ltr'><em>ἀφορμὴν</em></span> <span class='ocrx_word' id='word_1_247' title='bbox 886 2507 1027 2551; x_wconf 83' lang='lat' dir='ltr'>supra</span> <span class='ocrx_word' id='word_1_248' title='bbox 1070 2494 1287 2551; x_wconf 78' lang='grc' dir='ltr'><em>ἀφορμὰς</em></span> <span class='ocrx_word' id='word_1_249' title='bbox 1331 2494 1477 2538; x_wconf 72' lang='lat' dir='ltr'>habeb</span> <span class='ocrx_word' id='word_1_250' title='bbox 1515 2494 1597 2547; x_wconf 75' lang='lat' dir='ltr'><em>m⁸‚</em></span> <span class='ocrx_word' id='word_1_251' title='bbox 1638 2496 1685 2538; x_wconf 79' lang='lat' dir='ltr'><em>et</em></span> <span class='ocrx_word' id='word_1_252' title='bbox 1716 2496 1750 2538; x_wconf 94' lang='lat' dir='ltr'><strong>I</strong></span> <span class='ocrx_word' id='word_1_253' title='bbox 1789 2495 1871 2550; x_wconf 88' lang='lat' dir='ltr'><em>qui</em></span> 
     </span>
     <span class='ocr_line' id='line_1_32' title="bbox 181 2551 1870 2610; baseline 0 -15"><span class='ocrx_word' id='word_1_254' title='bbox 181 2552 399 2609; x_wconf 76' lang='grc' dir='ltr'><em>ἀφορμὰς</em></span> <span class='ocrx_word' id='word_1_255' title='bbox 445 2566 587 2609; x_wconf 83' lang='lat' dir='ltr'>supra</span> <span class='ocrx_word' id='word_1_256' title='bbox 633 2553 851 2609; x_wconf 81' lang='grc' dir='ltr'><em>ἀφορμὴν</em></span> <span class='ocrx_word' id='word_1_257' title='bbox 904 2553 1050 2597; x_wconf 63' lang='grc' dir='ltr'><em>Βῆὒθΐι</em></span> <span class='ocrx_word' id='word_1_258' title='bbox 1094 2554 1165 2596; x_wconf 78' lang='lat' dir='ltr'><em>m²</em></span> <span class='ocrx_word' id='word_1_259' title='bbox 1255 2551 1473 2610; x_wconf 79' lang='grc' dir='ltr'><em>ἀφορμὰς</em></span> <span class='ocrx_word' id='word_1_260' title='bbox 1519 2553 1631 2607; x_wconf 81' lang='lat' dir='ltr'>edd,</span> <span class='ocrx_word' id='word_1_261' title='bbox 1687 2553 1769 2597; x_wconf 82' lang='lat' dir='ltr'><em>sed</em></span> <span class='ocrx_word' id='word_1_262' title='bbox 1816 2570 1870 2609; x_wconf 85' lang='grc' dir='ltr'><em>γρ</em></span> 
     </span>
     <span class='ocr_line' id='line_1_33' title="bbox 181 2609 1870 2669; baseline 0 -14"><span class='ocrx_word' id='word_1_263' title='bbox 181 2611 400 2668; x_wconf 79' lang='grc' dir='ltr'><em>ἀφορμὴν</em></span> <span class='ocrx_word' id='word_1_264' title='bbox 431 2612 481 2655; x_wconf 89' lang='lat' dir='ltr'><em>in</em></span> <span class='ocrx_word' id='word_1_265' title='bbox 512 2625 645 2667; x_wconf 86' lang='lat' dir='ltr'><strong>marg</strong></span> <span class='ocrx_word' id='word_1_266' title='bbox 674 2612 778 2655; x_wconf 87' lang='lat' dir='ltr'><em>Mor</em></span> <span class='ocrx_word' id='word_1_267' title='bbox 803 2614 809 2668; x_wconf 86' lang='grc' dir='ltr'>Ι</span> <span class='ocrx_word' id='word_1_268' title='bbox 837 2609 882 2655; x_wconf 82' lang='grc' dir='ltr'><em>δ’</em></span> <span class='ocrx_word' id='word_1_269' title='bbox 912 2612 979 2656; x_wconf 81' lang='lat' dir='ltr'><em>Re</em></span> <span class='ocrx_word' id='word_1_270' title='bbox 1007 2615 1013 2667; x_wconf 87' lang='grc' dir='ltr'>Ι</span> <span class='ocrx_word' id='word_1_271' title='bbox 1042 2611 1171 2669; x_wconf 82' lang='grc' dir='ltr'><em>μέχρι</em></span> <span class='ocrx_word' id='word_1_272' title='bbox 1204 2613 1246 2655; x_wconf 92' lang='lat' dir='ltr'><strong><em>V</em></strong></span> <span class='ocrx_word' id='word_1_273' title='bbox 1379 2617 1431 2655; x_wconf 81' lang='lat'><em>17</em></span> <span class='ocrx_word' id='word_1_274' title='bbox 1467 2612 1517 2655; x_wconf 82' lang='grc' dir='ltr'><em>δὲ</em></span> <span class='ocrx_word' id='word_1_275' title='bbox 1549 2612 1622 2656; x_wconf 79' lang='lat' dir='ltr'><em>P³</em></span> <span class='ocrx_word' id='word_1_276' title='bbox 1652 2625 1792 2668; x_wconf 83' lang='lat' dir='ltr'>supra</span> <span class='ocrx_word' id='word_1_277' title='bbox 1823 2627 1870 2655; x_wconf 85' lang='grc' dir='ltr'><em>τε</em></span> 
     </span>
     <span class='ocr_line' id='line_1_34' title="bbox 181 2669 1812 2727; baseline 0.001 -15"><span class='ocrx_word' id='word_1_278' title='bbox 181 2671 307 2725; x_wconf 87' lang='lat' dir='ltr'>quod</span> <span class='ocrx_word' id='word_1_279' title='bbox 339 2672 411 2713; x_wconf 62' lang='lat' dir='ltr'><em>esta</em></span> <span class='ocrx_word' id='word_1_280' title='bbox 441 2670 491 2713; x_wconf 88' lang='lat' dir='ltr'><em>in</em></span> <span class='ocrx_word' id='word_1_281' title='bbox 521 2684 596 2713; x_wconf 82' lang='lat' dir='ltr'><em>ras</em></span> <span class='ocrx_word' id='word_1_282' title='bbox 628 2669 698 2712; x_wconf 83' lang='lat' dir='ltr'><em>m²</em></span> <span class='ocrx_word' id='word_1_283' title='bbox 758 2686 805 2714; x_wconf 90' lang='grc' dir='ltr'><em>τε</em></span> <span class='ocrx_word' id='word_1_284' title='bbox 837 2671 928 2713; x_wconf 82' lang='lat' dir='ltr'><em>edd</em></span> <span class='ocrx_word' id='word_1_285' title='bbox 955 2673 961 2726; x_wconf 81' lang='grc' dir='ltr'>Ι</span> <span class='ocrx_word' id='word_1_286' title='bbox 990 2672 1166 2727; x_wconf 81' lang='grc' dir='ltr'><em>ἀρετῶν</em></span> <span class='ocrx_word' id='word_1_287' title='bbox 1198 2671 1304 2714; x_wconf 87' lang='lat' dir='ltr'><em>PM</em></span> <span class='ocrx_word' id='word_1_288' title='bbox 1324 2671 1415 2714; x_wconf 77' lang='lat' dir='ltr'><em>edd</em></span> <span class='ocrx_word' id='word_1_289' title='bbox 1550 2675 1604 2714; x_wconf 92' lang='lat'><em>18</em></span> <span class='ocrx_word' id='word_1_290' title='bbox 1637 2670 1687 2714; x_wconf 81' lang='grc' dir='ltr'><em>ἐν</em></span> <span class='ocrx_word' id='word_1_291' title='bbox 1714 2671 1812 2725; x_wconf 82' lang='lat' dir='ltr'><em>Mo,</em></span> 
     </span>
    </p>

    <p class='ocr_par' dir='ltr' id='par_1_11' title="bbox 183 2725 1874 3020">
     <span class='ocr_line' id='line_1_35' title="bbox 184 2725 1871 2785; baseline 0.001 -15"><span class='ocrx_word' id='word_1_292' title='bbox 184 2725 247 2770; x_wconf 78' lang='grc' dir='ltr'><em>ὢν</em></span> <span class='ocrx_word' id='word_1_293' title='bbox 278 2728 326 2770; x_wconf 90' lang='lat' dir='ltr'><em>in</em></span> <span class='ocrx_word' id='word_1_294' title='bbox 350 2742 485 2785; x_wconf 83' lang='lat' dir='ltr'>marg</span> <span class='ocrx_word' id='word_1_295' title='bbox 606 2734 659 2772; x_wconf 89' lang='lat'><em>18</em></span> <span class='ocrx_word' id='word_1_296' title='bbox 693 2726 775 2772; x_wconf 81' lang='grc' dir='ltr'><em>ὑπ’</em></span> <span class='ocrx_word' id='word_1_297' title='bbox 809 2755 864 2761; x_wconf 87' lang='grc'><strong>-</strong></span> <span class='ocrx_word' id='word_1_298' title='bbox 888 2729 1219 2784; x_wconf 84' lang='grc' dir='ltr'><em>κατενήνεκται</em></span> <span class='ocrx_word' id='word_1_299' title='bbox 1251 2730 1415 2773; x_wconf 70' lang='lat' dir='ltr'>citavit</span> <span class='ocrx_word' id='word_1_300' title='bbox 1438 2729 1598 2772; x_wconf 88' lang='lat' dir='ltr'>Thom.</span> <span class='ocrx_word' id='word_1_301' title='bbox 1625 2729 1685 2772; x_wconf 87' lang='grc' dir='ltr'><em>Μ.</em></span> <span class='ocrx_word' id='word_1_302' title='bbox 1710 2744 1755 2785; x_wconf 87' lang='lat' dir='ltr'><em>p.</em></span> <span class='ocrx_word' id='word_1_303' title='bbox 1771 2733 1871 2783; x_wconf 59' lang='lat'><em>2873</em></span> 
     </span>
     <span class='ocr_line' id='line_1_36' title="bbox 183 2786 1874 2843; baseline 0.002 -15"><span class='ocrx_word' id='word_1_304' title='bbox 183 2790 240 2828; x_wconf 83' lang='lat'><em>20</em></span> <span class='ocrx_word' id='word_1_305' title='bbox 266 2801 356 2830; x_wconf 82' lang='lat' dir='ltr'><strong>s.V.</strong></span> <span class='ocrx_word' id='word_1_306' title='bbox 398 2788 506 2837; x_wconf 86' lang='grc' dir='ltr'><em>τοὺς</em></span> <span class='ocrx_word' id='word_1_307' title='bbox 537 2786 759 2841; x_wconf 84' lang='grc' dir='ltr'><em>Πέρσας</em></span> <span class='ocrx_word' id='word_1_308' title='bbox 805 2787 849 2831; x_wconf 84' lang='grc' dir='ltr'><em>οἱ</em></span> <span class='ocrx_word' id='word_1_309' title='bbox 893 2787 1084 2842; x_wconf 75' lang='grc' dir='ltr'><em>ὕστερον</em></span> <span class='ocrx_word' id='word_1_310' title='bbox 1123 2789 1203 2831; x_wconf 80' lang='grc' dir='ltr'><em>καὶ</em></span> <span class='ocrx_word' id='word_1_311' title='bbox 1243 2788 1444 2843; x_wconf 82' lang='grc' dir='ltr'><em>Μήδους</em></span> <span class='ocrx_word' id='word_1_312' title='bbox 1487 2789 1567 2831; x_wconf 81' lang='grc' dir='ltr'><em>καὶ</em></span> <span class='ocrx_word' id='word_1_313' title='bbox 1603 2786 1874 2843; x_wconf 78' lang='grc' dir='ltr'><em>Ἀρσακίδας</em></span> 
     </span>
     <span class='ocr_line' id='line_1_37' title="bbox 185 2843 1870 2905; baseline 0.001 -18"><span class='ocrx_word' id='word_1_314' title='bbox 185 2845 263 2887; x_wconf 78' lang='grc' dir='ltr'><em>καὶ</em></span> <span class='ocrx_word' id='word_1_315' title='bbox 285 2843 600 2901; x_wconf 77' lang='grc' dir='ltr'><em>Ἀχαιμενίδας</em></span> <span class='ocrx_word' id='word_1_316' title='bbox 625 2844 820 2901; x_wconf 82' lang='grc' dir='ltr'><em>λέγουσι.</em></span> <span class='ocrx_word' id='word_1_317' title='bbox 864 2846 1089 2904; x_wconf 82' lang='grc' dir='ltr'><em>Λιβάνιος</em></span> <span class='ocrx_word' id='word_1_318' title='bbox 1113 2846 1162 2891; x_wconf 80' lang='grc' dir='ltr'><em>ἐν</em></span> <span class='ocrx_word' id='word_1_319' title='bbox 1194 2853 1248 2904; x_wconf 83' lang='grc' dir='ltr'><em>τῇ</em></span> <span class='ocrx_word' id='word_1_320' title='bbox 1273 2847 1340 2897; x_wconf 84' lang='grc' dir='ltr'><em>εἰς</em></span> <span class='ocrx_word' id='word_1_321' title='bbox 1357 2843 1618 2890; x_wconf 80' lang='grc' dir='ltr'><em>Ἰουλιανὸν</em></span> <span class='ocrx_word' id='word_1_322' title='bbox 1642 2845 1870 2905; x_wconf 84' lang='grc' dir='ltr'><em>μονῳδία·</em></span> 
     </span>
     <span class='ocr_line' id='line_1_38' title="bbox 183 2901 1872 2961; baseline 0.001 -15"><span class='ocrx_word' id='word_1_323' title='bbox 183 2901 273 2946; x_wconf 76' lang='grc' dir='ltr'><em>ὑπ’</em></span> <span class='ocrx_word' id='word_1_324' title='bbox 302 2907 409 2957; x_wconf 83' lang='grc' dir='ltr'><em>κτλ.,</em></span> <span class='ocrx_word' id='word_1_325' title='bbox 434 2904 564 2947; x_wconf 82' lang='lat' dir='ltr'><strong>cuius</strong></span> <span class='ocrx_word' id='word_1_326' title='bbox 581 2905 722 2947; x_wconf 84' lang='lat' dir='ltr'>verba</span> <span class='ocrx_word' id='word_1_327' title='bbox 738 2905 984 2960; x_wconf 69' lang='lat' dir='ltr'>exscripsit</span> <span class='ocrx_word' id='word_1_328' title='bbox 1001 2904 1254 2949; x_wconf 77' lang='lat' dir='ltr'><strong>scholiasta</strong></span> <span class='ocrx_word' id='word_1_329' title='bbox 1271 2905 1444 2948; x_wconf 83' lang='lat' dir='ltr'>codicis</span> <span class='ocrx_word' id='word_1_330' title='bbox 1462 2906 1507 2948; x_wconf 91' lang='lat' dir='ltr'><em>B</em></span> <span class='ocrx_word' id='word_1_331' title='bbox 1535 2908 1541 2961; x_wconf 84' lang='grc' dir='ltr'>Ι</span> <span class='ocrx_word' id='word_1_332' title='bbox 1570 2903 1872 2961; x_wconf 79' lang='grc' dir='ltr'><em>ἀχαιμενίδου</em></span> 
     </span>
     <span class='ocr_line' id='line_1_39' title="bbox 188 2959 1829 3020; baseline 0.002 -18"><span class='ocrx_word' id='word_1_333' title='bbox 188 2959 259 3014; x_wconf 89' lang='lat' dir='ltr'><em>M,</em></span> <span class='ocrx_word' id='word_1_334' title='bbox 290 2961 340 3003; x_wconf 87' lang='lat' dir='ltr'><em>in</em></span> <span class='ocrx_word' id='word_1_335' title='bbox 370 2975 503 3019; x_wconf 84' lang='lat' dir='ltr'>marg</span> <span class='ocrx_word' id='word_1_336' title='bbox 534 2979 588 3018; x_wconf 80' lang='grc' dir='ltr'><em>γρ</em></span> <span class='ocrx_word' id='word_1_337' title='bbox 615 2961 909 3020; x_wconf 80' lang='grc' dir='ltr'><em>ἐχαιμενίὸου</em></span> <span class='ocrx_word' id='word_1_338' title='bbox 971 2961 1305 3020; x_wconf 85' lang='grc' dir='ltr'><em>ἀχαιμαινίδου</em></span> <span class='ocrx_word' id='word_1_339' title='bbox 1337 2965 1373 3007; x_wconf 95' lang='grc' dir='ltr'><strong><em>Ι</em></strong></span> <span class='ocrx_word' id='word_1_340' title='bbox 1397 2964 1479 3006; x_wconf 81' lang='lat' dir='ltr'><em>sed</em></span> <span class='ocrx_word' id='word_1_341' title='bbox 1509 2964 1540 3006; x_wconf 83' lang='grc' dir='ltr'><em>ἀ</em></span> <span class='ocrx_word' id='word_1_342' title='bbox 1572 2963 1621 3005; x_wconf 89' lang='lat' dir='ltr'><em>in</em></span> <span class='ocrx_word' id='word_1_343' title='bbox 1651 2976 1727 3006; x_wconf 81' lang='lat' dir='ltr'><em>ras</em></span> <span class='ocrx_word' id='word_1_344' title='bbox 1759 2962 1829 3005; x_wconf 83' lang='lat' dir='ltr'><em>m³</em></span> 
     </span>
    </p>
   </div>
  </div>
 </body>
</html>
