2060 3162
711 139 938 184 LIBANH
970 137 1194 183 ORATIO
1226 136 1354 183 XXV
1759 137 1865 190 551

166 283 345 347 θῆναι
391 276 482 331 καὶ
521 277 795 339 τοιούτοις
833 277 902 344 δή
941 289 1087 328 τισιν
1127 275 1159 328 ἃ
1195 282 1410 344 τρυφῆς
1460 271 1562 342 μὲν
1601 274 1669 327 οὐ
1709 293 1866 341 μετα-

166 368 368 421 δίδωσι
417 374 513 434 τῆς
561 366 706 435 ἴσης,
761 366 895 418 ἄλλο
945 363 1010 417 δέ
1051 383 1104 416 τι
1155 363 1424 432 ὀνίνησιν.
1500 363 1865 433 ὑγιεινότεροι

172 456 278 525 γὰρ
318 456 391 518 ὡς
428 456 494 507 τὰ
531 455 708 508 πολλὰ
746 462 858 507 τῶν
907 455 1191 506 δεσποτῶν
1231 454 1289 506 οἱ
1332 453 1550 506 δοῦλοι·
1600 461 1716 515 τοῖς
1762 449 1865 521 μὲν

170 545 278 614 γὰρ
332 544 393 597 τὸ
441 544 654 597 ἄπονον
709 543 1037 611 νοσημάτων
1083 542 1280 610 α’ίτιον,
1334 543 1466 604 τοὺς
1511 538 1572 594 δὲ
1619 540 1647 594 ὁ
1698 542 1869 604 πόνος

171 633 347 687 τῶνδε
386 633 587 701 ῥύεται.
1912 649 1934 685 s

284 721 368 773 29.
396 719 518 774 ’Έτι
558 724 753 774 τοίνυν
792 722 976 792 δούλῳ
1014 718 1116 789 μέν
1156 718 1272 773 ἐστι
1312 720 1572 789 δρασμός,
1612 718 1703 772 καὶ
1735 722 1867 773 πολ-

169 811 260 864 λοὶ
306 810 408 879 μὲν
446 818 571 878 γῆς,
622 808 818 863 πολλοὶ
868 807 928 862 δὲ
975 809 1252 877 θαλάττης
1291 807 1456 878 μυχοὶ
1504 807 1594 862 καὶ
1634 811 1736 879 ὅρη
1776 806 1868 862 καὶ

170 899 357 967 νάπαι,
396 897 487 952 καὶ
521 899 594 961 ὡς
633 900 866 952 αἰπόλον
896 894 1036 966 ἦλθε
1076 896 1166 950 καὶ
1198 898 1272 960 ὡς
1302 899 1579 965 βουκόλον
1618 897 1709 951 καὶ
1746 916 1867 951 ποι-

171 989 386 1056 μαίνων
425 990 593 1040 ἔλαθε
631 988 722 1040 καὶ
760 984 960 1040 ἔλυσεν
1006 987 1153 1059 αὑτῷ
1195 988 1295 1055 τὴν
1335 987 1613 1055 δουλείαν,
1661 986 1765 1040 ἀπὸ
1807 986 1868 1040 δὲ

166 1087 283 1130 τῶν
346 1078 629 1130 δεσποτῶν
694 1075 794 1138 οὓς
848 1076 1336 1146 ἀπηριθμησάμην,
1401 1074 1407 1146 Ι
1471 1085 1584 1129 τῶν
1636 1077 1738 1145 τὴν
1776 1088 1957 1132 RH‘12

170 1167 356 1235 ψυχὴν
394 1167 809 1234 κατειληφότων
847 1169 978 1219 ποία
1018 1168 1192 1234 φυγή;
1239 1166 1320 1227 τίς
1360 1164 1688 1235 ἀπόδρασις,
1740 1164 1866 1218 ὅποι
1891 1187 1933 1219 11

166 1255 275 1323 γὰρ
315 1254 387 1307 ἂν
426 1255 750 1323 ἀφίκωνται,
790 1253 1155 1323 περιφέρουσι
1192 1256 1324 1316 τοὺς
1362 1255 1642 1317 δεσπότας.

284 1344 370 1397 30.
419 1345 490 1396 Εἰ
530 1340 590 1396 δὲ
630 1345 761 1412 φής,
802 1343 886 1396 ὅτι
925 1342 1014 1396 καὶ
1055 1353 1167 1397 τῶν
1206 1345 1435 1396 οἰκετῶν
1473 1343 1670 1396 πολλοὶ
1709 1341 1868 1396 κακοὶ

166 1433 263 1485 καὶ
309 1434 677 1486 δουλεύουσιν
723 1431 855 1501 ἡμῖν
901 1451 959 1485 τε
1005 1431 1096 1484 καὶ
1143 1440 1207 1501 τῆ
1256 1434 1443 1502 κακίᾳ,
1498 1442 1720 1501 πρῶτον
1766 1433 1868 1501 μὲν

170 1520 513 1590 θαυμάσαιμ’
546 1523 631 1589 ἄν,
672 1522 720 1573 εἰ
760 1520 866 1573 ἀπὸ
906 1521 1135 1589 ἥττονος
1174 1528 1390 1590 τρυφῆς
1432 1525 1519 1589 ἴση
1559 1540 1633 1592 τῳ
1671 1519 1741 1574 ἂν
1779 1519 1866 1589 γέ-
1891 1541 1934 1575 1⁵

167 1630 322 1664 νοιτο
385 1612 630 1678 κακότης.
715 1612 899 1663 ἔπειτα
960 1610 1028 1662 οὐ
1083 1617 1246 1663 τοῦτο
1302 1618 1409 1663 νῦν
1463 1609 1780 1678 ἀγωνίζεται
1836 1609 1865 1663 ὁ

169 1700 334 1767 λόγος
379 1699 553 1763 δεῖξαι
602 1701 734 1762 τοὺς
787 1696 889 1768 μὲν
937 1700 1175 1761 δούλους
1222 1697 1582 1768 ἐλευθέρους,
1635 1701 1766 1761 τοὺς
1809 1696 1860 1751 δ’

169 1786 506 1858 ἐλευθέρους
545 1789 801 1856 δούλους,
842 1786 964 1841 οὐδ’
995 1783 1064 1840 αὖ
1105 1790 1236 1850 τοὺς
1273 1788 1376 1854 μὲν
1415 1784 1595 1856 ἧττον,
1635 1789 1766 1850 τοὺς
1805 1787 1868 1841 δὲ

166 1880 381 1943 μᾶλλον
421 1877 682 1943 δούλους,
727 1876 959 1930 ἀλλ’ὅτι
999 1884 1281 1946 πανταχοῦ
1322 1878 1562 1931 δουλεία.
1638 1877 1765 1943 περὶ
1806 1872 1866 1929 δὲ

169 1964 371 2035 με’τρου
412 1966 666 2028 δουλείας
703 1966 794 2018 καὶ
834 1973 942 2019 ποῦ
978 1963 1081 2034 μὲν
1112 1969 1324 2034 μείζων,
1365 1974 1473 2018 ποῦ
1513 1966 1575 2018 δὲ
1605 1963 1865 2060 ἐλάττων,
1889 1986 1934 2019 20

166 2052 390 2122 ἀφεῖται
429 2060 503 2126 τῷ
537 2053 856 2125 βουλομένῳ
899 2057 1090 2122 ζητεῖν.

282 2142 366 2196 31.
425 2141 533 2196 Καὶ
586 2142 711 2212 περὶ
765 2163 868 2212 μεν
922 2144 1178 2206 δουλείας
1230 2153 1424 2213 ψυχῶν
1479 2143 1625 2206 αλις·
1686 2145 1865 2196 καίτοι

164 2233 346 2285 πολλά
384 2252 445 2299 γε
486 2233 603 2300 εἴδη
643 2230 734 2285 καὶ
773 2231 982 2301 μεγάλα
1021 2233 1276 2295 δουλείας
1323 2234 1604 2301 σεσίγηται
1651 2239 1750 2284 τοῦ
1790 2232 1862 2301 μὴ

290 2441 315 2479 2
348 2436 650 2494 ὑγιεινότεροι
683 2465 736 2470 --—
772 2442 797 2481 5
831 2435 989 2495 ῤ’ύεται
1022 2437 1139 2481 citat
1163 2437 1323 2481 Macar
1353 2437 1432 2481 fol.
1460 2441 1540 2480 92ν
1662 2441 1687 2479 2
1720 2435 1862 2494 ὑγιει-

169 2492 359 2550 νότερον
391 2495 551 2540 Macar
686 2502 711 2539 3
745 2496 832 2570 γὰρ
866 2510 942 2540 0111
974 2496 1134 2540 Macar
1160 2500 1165 2552 1
1194 2496 1397 2540 ταπολλὰ
1422 2497 1534 2541 ΒΜ
1667 2501 1693 2540 5
1724 2496 1862 2540 τοῦδε

168 2553 330 2598 Macar
537 2560 563 2599 8
609 2553 873 2612 ποιμαίνων
906 2556 951 2598 Β
999 2555 1081 2599 sed
1113 2573 1163 2599 αι
1194 2556 1244 2599 in
1274 2569 1351 2599 ras
1383 2555 1453 2598 m²
1661 2558 1687 2598 9
1737 2555 1863 2615 αὐτῷ

1027 2631 1114 2657 ’κατ’

171 2657 351 2702 MoIM
359 2659 402 2701 V
418 2658 520 2702 Mor
587 2666 712 2703 αυτῶ
748 2660 792 2703 U
936 2663 991 2702 10
1022 2656 1423 2731 ἀπηριθμησάμην
1449 2658 1510 2701 Μ
1574 2661 1863 2715 κατηριθμη-

167 2715 322 2774 σάμην
355 2718 390 2760 Ι
563 2723 615 2761 11
665 2716 773 2762 ὅποι
819 2717 984 2774 scripsi
1016 2720 1205 2761 auctore
1236 2717 1303 2759 Re
1396 2732 1516 2762 οπου
1561 2717 1672 2762 libri
1711 2717 1802 2761 edd

260 2776 373 2833 φηὶς
396 2777 441 2820 Α
592 2782 646 2820 15
677 2782 857 2833 τρυφῆς
886 2777 1052 2833 scripsi
1085 2790 1109 2821 e
1145 2777 1187 2820 V
1212 2775 1315 2820 coll.
1341 2775 1415 2819 1.1
1485 2784 1663 2833 τροφῆς
1691 2775 1863 2831 reliqui

167 2833 280 2878 libri
311 2834 403 2878 edd
429 2839 437 2888 Ι
462 2842 545 2879 τῶι
579 2836 658 2881 C'A
741 2839 804 2894 τῷ
828 2836 874 2879 Ρ
900 2835 1025 2880 sed*
1060 2849 1176 2890 erae,
1204 2835 1367 2879 ΜοΙΒ
1500 2840 1554 2879 17
1589 2833 1864 2890 ἐλευθέρους

171 2918 228 2926 -
263 2898 318 2938 18
350 2894 546 2944 δούλους
577 2907 651 2938 om
683 2880 786 2938 Mor
956 2899 1008 2938 18
1042 2895 1214 2944 αὐτους
1243 2893 1345 2937 Mor
1509 2899 1565 2938 20
1596 2901 1689 2939 ποῦ
1712 2894 1795 2967 (1)]
1827 2908 1863 2936 π

169 2965 276 2995 cum
306 2967 382 2996 ras
415 2958 439 2996 2
472 2953 552 2997 litt
583 2954 626 2998 U
649 2956 654 3011 Ι
682 2950 731 2997 δ’
759 2954 826 2996 Re
955 2958 1011 2996 23
1043 2952 1131 3010 ἤδη
1163 2955 1199 2996 Ι
1218 2956 1225 3010 1
1253 2951 1467 3005 δουλείας
1498 2954 1577 2998 καὶ
1607 2952 1783 3011 μεγάλα
1814 2953 1862 2996 Β
