2060 3162
229 112 339 164 492
742 111 970 155 LIB'ANII
1001 110 1226 156 ORATIO
1258 112 1386 156 ΧΧΠ

230 247 374 310 ὅπως
428 246 490 300 ἐν
542 244 645 316 μὲν
697 256 816 310 ταῖς
867 249 1198 318 παρουσίαις
1252 248 1425 301 αὐτοῦ
1478 268 1536 302 τε
1587 249 1922 304 ἀπολαύοιεν

140 349 182 392 R
204 348 318 393 1126
359 334 450 389 καὶ
495 336 503 406 Ι
543 343 646 389 τοῦ
687 334 968 406 δευτέρου,
1008 335 1243 399 ἀπόντος
1282 333 1344 390 δὲ
1382 337 1456 406 μὴ
1492 339 1751 391 τοιούτου
1778 356 1921 391 »παν-

229 425 322 488 τὸς
361 423 662 495 στέροιντο.

339 513 427 565 41.
474 510 664 581 Ἡμεῖς
708 510 811 580 μὲν
858 508 963 566 οὖν
1009 513 1182 567 αὐτὸν
1228 511 1374 584 ἔχειν
1419 533 1478 568 τε
1516 514 1793 584 εὐχόμεθα
1830 515 1922 569 καὶ

185 623 205 655 5
230 609 481 671 συνεῖναι
519 600 609 654 καὶ
650 601 1025 671 διαλέγεσθαι,
1063 605 1248 657 καλῶν
1287 599 1349 656 δὲ
1388 601 1649 674 ἐξαίφνης
1687 604 1761 667 ὡς
1799 602 1923 661 ἑαυ-

228 691 328 744 τὸν
367 689 396 743 ὁ
436 692 697 758 βασιλεὺς
736 690 804 745 ὃν
850 691 984 760 ἡμῖν
1022 689 1296 759 ἐδεδώκει,
1343 698 1419 764 τῷ
1462 700 1626 762 τιμᾶν
1675 689 1778 762 μὲν
1823 694 1924 747 τὸν

229 779 405 850 ἄνδρα
443 777 535 832 καὶ
575 781 683 832 σὺν
722 780 868 852 αὐτῷ
906 778 1034 851 περὶ
1072 789 1184 834 τῶν
1221 782 1495 850 μεγίστων
1540 779 1759 835 ἐθέλειν
1797 795 1923 835 σκο-

228 876 355 921 πεῖν
393 868 676 938 εὔφρανεν
719 868 852 938 ἡμῖν
891 869 993 938 τὴν
1029 870 1212 937 πόλιν,
1262 867 1540 940 ἐρωμένου
1589 866 1650 922 δὲ
1698 870 1925 924 ἀποστε-

230 966 345 1027 ρῶν
397 957 552 1025 ἠνία,
613 955 740 1028 παρ’
771 957 839 1011 ὃν
889 958 942 1010 οἱ
996 953 1099 1027 μὲν
1148 952 1331 1026 ’ἦλθον
1384 959 1711 1028 ἰσχυρότατοί
1763 972 1923 1028 σφισι

164 1067 206 1100 10
230 1047 555 1115 ποιήσοντες
592 1046 659 1099 τὰ
699 1047 908 1115 δίκαια,
957 1047 1011 1099 οἱ
1051 1043 1113 1099 δὲ
1153 1045 1343 1117 ἀρκεῖν
1381 1047 1680 1116 ἡγούμενοι
1725 1047 1787 1100 τὸ
1826 1048 1924 1100 τὸν

230 1135 535 1205 ἄνθρωπον
582 1135 742 1204 ἰδεῖν,
796 1138 1025 1198 πολλοῖς
1073 1131 1133 1187 δὲ
1180 1135 1269 1188 καὶ
1317 1135 1417 1204 οὐχ
1465 1135 1671 1205 ὁρῶσιν
1717 1134 1923 1207 ἀπέχρη

231 1223 292 1275 τὸ
334 1223 498 1277 ὁπότε
535 1225 890 1292 βουληθεῖεν,
931 1218 1074 1277 εἶναι
1113 1223 1383 1277 ἐλθοῦσιν
1428 1225 1584 1277 ἰδεῖν.
1654 1224 1740 1276 42.
1791 1223 1923 1278 ἀπο-

231 1313 374 1365 δότω
414 1313 610 1365 τοίνυν
655 1313 788 1381 ἡμῖν
834 1312 863 1365 ὁ
909 1315 1172 1381 βασιλεὺς
1217 1313 1317 1366 τὸν
1368 1313 1461 1365 διὰ
1505 1315 1728 1366 πολλῶν
1773 1313 1925 1383 εὐερ-

231 1399 415 1469 γέτην,
466 1401 567 1454 τὸν
621 1408 716 1470 τῆς
770 1401 942 1454 αὐτοῦ
998 1401 1218 1470 γνώμης
1271 1404 1527 1470 μιμητήν,
1589 1402 1690 1454 τὸν
1742 1402 1923 1472 ὥσπερ

166 1510 208 1544 15
232 1488 440 1552 ἐκεῖνος
478 1498 595 1552 τοῖς
632 1495 806 1556 θεοῖς,
848 1489 1023 1552 οὕτως
1062 1490 1232 1543 αὐτὸν
1271 1489 1541 1557 ἑπόμενον
1579 1489 1787 1562 ἐκείνῳ,
1825 1491 1925 1544 τὸν

143 1591 184 1634 R
206 1590 320 1633 1127
361 1586 455 1647 τῆς
493 1579 691 1641 παιδὸς
745 1577 752 1650 Ι
808 1579 1009 1642 παῖδας
1048 1579 1329 1648 ὀψόμενον
1368 1578 1610 1642 ἐοικότας
1649 1578 1797 1651 αὐτῷ
1829 1587 1924 1648 τῆς

235 1665 542 1737 Ἀρτέμιδος
579 1661 614 1738 ᾗ
653 1667 819 1735 τῆσδε
857 1666 1073 1734 μέτεστι
1111 1674 1207 1736 τῆς
1237 1669 1463 1736 πόλεως,
1503 1666 1565 1721 ἐν
1594 1676 1712 1731 τοῖς
1741 1670 1923 1730 τόκοις

232 1757 659 1826 προθυμότερον
713 1755 803 1809 καὶ
856 1744 1139 1825 παρούσης
1167 1747 1282 1808 ’καὶ
1344 1758 1664 1825 βοηθούσης
1723 1775 1923 1824 μεμνη-

354 1995 377 2033 1
412 1990 772 2034 ἀπολαύοιεῬα
862 1990 1095 2034 ἀπολαύοι
1126 1990 1228 2034 Mor
1390 1996 1415 2034 2
1446 1991 1662 2035 τοιούτου
1693 1992 1729 2034 Ι
1754 1991 1834 2034 scd
1866 2008 1921 2047 γρ

232 2056 314 2093 τοῦ
347 2065 398 2107 γε
431 2063 660 2106 suprascr.
684 2049 755 2092 m3
815 2056 897 2093 τοῦ
915 2065 965 2106 γε
989 2051 1035 2094 Ρ
1063 2050 1145 2093 sed
1178 2057 1233 2093 οῦ
1266 2066 1316 2106 γε
1346 2049 1396 2093 in
1418 2063 1496 2093 ras
1523 2054 1547 2092 7
1571 2049 1651 2093 litt
1673 2049 1742 2092 m²
1769 2052 1775 2106 Ι
1802 2065 1921 2093 παν-

231 2125 314 2196 regg
339 2154 401 2197 M
518 2157 542 2194 3
576 2159 809 2207 στεροῖντο
834 2153 947 2196 BaI
972 2152 1054 2196 sed
1086 2153 1135 2195 in
1165 2152 1254 2196 hoc
1285 2166 1312 2196 c
1343 2152 1576 2208 στέροιντο
1608 2166 1710 2196 corr
1731 2150 1815 2206 m2,
1848 2152 1922 2196 Pa

232 2211 334 2255 Mor
455 2215 480 2254 5
512 2211 578 2261 εἰς
608 2210 711 2255 Mor
853 2216 879 2254 6
912 2210 936 2254 ὁ
971 2224 1072 2254 eras
1103 2212 1139 2254 I
1204 2225 1279 2255 om
1310 2212 1462 2255 BaPa
1494 2211 1595 2255 Mor
1747 2215 1770 2254 7
1804 2211 1930 2271 αὐτῷ

235 2271 394 2315 OBaL
425 2270 493 2314 Re
643 2274 669 2313 8
700 2271 815 2326 ὑμῖν·
844 2270 918 2314 Ρα
941 2270 1043 2313 Mor
1089 2273 1098 2327 Ι
1148 2269 1410 2326 ἐρρωμένου
1441 2271 1515 2315 Ρα
1545 2270 1647 2314 Mor
1798 2274 1823 2313 9
1856 2266 1920 2313 ὧν

233 2330 357 2374 ΒαΒ
386 2331 391 2385 Ι
419 2324 570 2385 ἦλθον
601 2327 877 2387 ἰσχυρότατα
910 2329 1075 2386 scripsi
1107 2342 1132 2373 e
1158 2330 1310 2374 VBaI
1335 2329 1417 2373 sed
1448 2329 1497 2372 in
1521 2330 1610 2372 hoc
1642 2347 1671 2371 oc
1703 2328 1923 2373 ultimum

232 2389 281 2431 in
311 2402 387 2431 ras
420 2393 446 2432 4
477 2388 557 2432 litt
587 2388 670 2442 111³,
706 2389 904 2432 MoBM
960 2387 1237 2445 ἰσχυρότατα
1267 2383 1417 2463 ἦλθον
1452 2389 1488 2433 Ο
1517 2389 1598 2432 sed
1628 2404 1741 2446 χυρο
1772 2388 1822 2431 in
1845 2401 1921 2432 ras

231 2449 266 2501 f,
291 2447 360 2491 Rc
421 2443 572 2503 ἦλθον
597 2445 876 2506 ἰσχυρότατα
907 2442 1057 2503 ἦλθον
1083 2449 1124 2490 A
1158 2448 1240 2491 scd.
1271 2450 1420 2503 ηλθον
1444 2449 1506 2505 (2)
1537 2447 1726 2504 punctis
1757 2460 1920 2504 supra-

231 2506 397 2562 positis
430 2506 507 2550 dcl
531 2521 582 2562 p,
607 2508 726 2551 LPa
787 2504 1079 2563 ἰσχυρότατοι
1110 2501 1259 2562 ἦλθον
1283 2507 1386 2550 Mor
1516 2511 1569 2550 10
1598 2506 1658 2550 ’τὰ
1688 2506 1864 2550 inserui
1895 2519 1921 2550 e

233 2566 343 2609 ΒΜ
371 2567 559 2609 auctore
591 2566 658 2610 Re
720 2579 794 2609 om
826 2564 997 2620 reliqui
1027 2564 1137 2607 libri
1169 2566 1259 2609 edd
1287 2566 1293 2623 Ι
1321 2567 1499 2622 ἀρκοῦν
1534 2567 1577 2609 V
1604 2568 1610 2622 Ι
1637 2569 1699 2625 τῷ
1724 2566 1797 2608 Pa
1819 2564 1921 2608 Mor

297 2628 350 2667 11
386 2629 481 2674 λοῖς
510 2624 559 2667 in
590 2627 775 2675 πολλοῖς
806 2626 854 2668 et
885 2622 935 2668 δὲ
968 2624 1143 2667 absciss
1167 2626 1242 2669 Pa
1401 2630 1457 2669 14
1489 2625 1633 2668 αὐτοῦ
1666 2638 1722 2667 cx
1753 2623 1919 2667 ἑαυτοῦ

233 2696 335 2727 corr
356 2684 391 2726 Ι
398 2682 415 2707 ²
477 2684 621 2727 αὑτοῦ
646 2684 706 2727 Μ
728 2684 796 2726 Re
919 2687 973 2726 15
1006 2683 1183 2735 ἐκεῖνος
1206 2684 1373 2740 scripsi
1397 2697 1421 2727 e
1448 2684 1492 2728 V
1547 2684 1725 2728 ἐκεῖνον
1749 2681 1930 2738 reliqui„

231 2741 342 2786 libri
373 2742 464 2785 edd
492 2743 497 2799 Ι
527 2744 713 2795 „malim
742 2742 878 2791 τοὺς“
911 2741 979 2785 Re
1129 2747 1183 2786 16
1215 2750 1297 2786 τοῦ
1329 2744 1403 2787 Ρα
1433 2742 1536 2785 Mor
1562 2745 1568 2799 Ι
1597 2742 1721 2801 αὐτῷ
1754 2740 1918 2796 scripsi

233 2813 256 2843 e
291 2801 335 2844 V
389 2799 537 2860 ἑαυτῷ
568 2801 737 2857 reliqui
768 2800 879 2844 libri
911 2801 1002 2844 edd
1126 2806 1177 2844 17
1211 2800 1240 2857 ἢ
1273 2803 1347 2846 Ρα
1368 2801 1471 2845 Mor
1497 2804 1503 2855 Ι
1531 2800 1708 2857 μέτεστι
1738 2813 1762 2843 e
1793 2799 1918 2856 μετέ·

233 2873 336 2962 στέαι
365 2859 450 2961 vg}
471 2859 665 2914 μετέστω
698 2874 799 2904 corr
823 2859 880 2903 1²
1062 2864 1116 2904 18
1148 2859 1445 2917 μεμνημένως
1474 2861 1549 2904 Ρα
1639 2859 1718 2902 καὶ
1749 2874 1917 2915 μεμνη-

233 2935 258 2973 μ
288 2935 371 2974 νης
452 2932 503 2961 01·
