2060 3162
225 117 335 170 244
721 117 949 161 LIBANII
979 115 1203 161 ORATIO
1236 117 1386 161 XVIII

225 253 326 322 μὲν
365 249 469 306 οὖν
507 253 596 305 καὶ
638 253 731 304 διὰ
768 260 864 320 τῆς
895 253 1172 314 Βιθυνίας
1204 253 1695 322 δορυφορούμενος
1727 253 1917 324 ἐχώρει

224 342 313 394 καὶ
355 338 509 394 εἶδον
549 341 782 409 ἀλλήλω,
823 341 1026 393 τούτου
1067 341 1129 392 δὲ
1166 341 1267 409 τὴν
1299 343 1525 409 γνώμην
1558 341 1659 395 οὐκ
1689 343 1918 410 ἠλλοίω-

226 445 323 482 σεν
362 430 395 497 ἡ
441 428 566 499 περὶ
614 428 829 482 ἐκεῖνον
874 430 1036 498 τύχη,
1088 429 1221 482 οὐδὲ
1265 431 1327 482 τὸ
1374 431 1691 498 βασιλεύειν
1730 432 1783 484 οἱ
1821 432 1918 483 τὸν

227 517 473 586 ἀδελφὸν
512 517 772 588 ἀφορμὴν
811 519 888 580 εἰς
927 517 1212 588 ῥᾳθυμίαν
1250 516 1463 587 ἔλαβεν,
1504 518 1619 571 ἀλλ’
1652 517 1918 587 ἐπηύξησε

183 626 201 656 5
225 606 327 673 μὲν
357 607 459 674 τὴν
491 605 847 673 ἐπιθυμίαν
827 608 899 674 ήν
931 603 1040 675 εἶχε
1071 607 1196 676 περι
1228 609 1360 670 τοὺς
1391 610 1610 676 λόγους,
1651 605 1918 676 ἐπηύξησε

225 694 288 746 δὲ
334 697 464 757 τοὺς
508 697 719 757 πόνους
765 688 848 757 οἷς
895 694 1089 765 ἐχρῆτο
1137 696 1263 764 περὶ
1309 697 1411 764 τὴν
1456 697 1670 749 τούτων
1715 699 1919 766 θήραν,

224 784 480 851 νομίζων,
528 788 575 835 εἰ
614 784 716 852 μὲν
755 782 816 836 ἐν
857 784 1083 836 ἰδιώτου
1123 783 1276 854 μέρει
1314 787 1569 853 μείνειεν,
1615 784 1756 848 ἕξειν
1796 784 1919 838 ἀντὶ

135 880 175 924 R
200 886 285 926 528
324 879 419 938 τῆς
453 871 459 939 Ι
494 874 775 940 βασιλείας
813 873 915 940 τὴν
955 874 1177 941 σοφίαν,
1216 881 1393 942 κτῆμα
1430 876 1735 944 θειότερον,
1776 876 1822 926 εἰ
1864 872 1912 925 δ’

227 956 316 1011 ἐπὶ
357 967 636 1029 σκῆπτρον
683 961 897 1029 ἄγοιτο,
944 963 1242 1029 κοσμήσειν
1288 969 1352 1031 τῇ
1401 965 1572 1033 σοφίᾳ
1616 963 1718 1030 τὴν
1764 965 1919 1030 βασι-

160 1068 202 1099 1ῡ
226 1048 394 1099 λείαν.
472 1047 555 1100 18.
597 1049 690 1100 διὰ
727 1056 891 1102 τοῦτο
931 1036 1082 1120 ἡλίῳ·
1105 1069 1163 1101 τε
1203 1048 1395 1118 ἐχρῆτο
1435 1050 1572 1119 πρὸς
1609 1051 1704 1113 τὰς
1742 1053 1920 1119 μαθή-

227 1148 342 1197 σεις
379 1136 470 1187 καὶ
508 1137 707 1199 νυκτὸς
747 1135 1091 1206 ἐπελθούσης
1137 1139 1272 1207 πυρὶ
1311 1137 1403 1191 καὶ
1442 1139 1543 1206 τὴν
1580 1139 1681 1207 μὲν
1721 1140 1919 1192 οὐσίαν

227 1223 329 1276 οὐκ
368 1222 541 1276 ἐποίει
588 1227 748 1292 μείζω
797 1224 995 1295 ῥᾴδιον
1042 1227 1124 1294 ὄν,
1171 1227 1272 1294 τὴν
1323 1223 1384 1278 δὲ
1430 1228 1655 1295 γνώμην
1700 1231 1919 1280 καλλίω.

225 1314 321 1364 καί
354 1330 485 1365 ποτε
523 1321 638 1375 τοῖς
676 1321 776 1366 τοῦ
819 1314 1121 1376 Πλάτωνος
1159 1314 1427 1382 γέμουσιν
1473 1316 1550 1377 εἰς
1595 1316 1797 1368 ταύτὸν
1836 1314 1920 1368 ἐλ-

225 1400 350 1452 θὼν
391 1400 628 1463 ἀκούσας
666 1401 804 1470 ὑπέρ
845 1421 903 1454 τε
941 1407 1095 1455 θεῶν
1132 1401 1223 1454 καὶ
1257 1403 1538 1470 δαιμόνων
1576 1402 1666 1456 καὶ
1699 1413 1811 1456 τῶν
1847 1405 1920 1467 ὡς

161 1509 202 1541 15
227 1487 450 1556 ἀληθῶς
487 1490 549 1541 τὸ
588 1497 701 1542 πᾶν
738 1498 901 1543 τοῦτο
942 1489 1032 1542 καὶ
1071 1493 1453 1559 πεποιηκότων
1498 1490 1588 1543 καὶ
1637 1494 1921 1556 σωζόντων

224 1575 317 1629 καὶ
363 1580 421 1628 τί
456 1596 513 1629 τε
551 1577 584 1645 ἡ
625 1579 771 1646 ψυχὴ
819 1579 908 1630 καὶ
955 1581 1136 1631 πόθεν
1181 1580 1301 1647 ἥκει
1347 1578 1438 1631 καὶ
1485 1588 1583 1632 ποῖ
1628 1581 1919 1648 πορεύεται

225 1663 317 1717 καὶ
357 1666 468 1718 τίσι
507 1667 815 1733 βαπτίζεται
861 1665 953 1718 καὶ
993 1669 1141 1719 τίσιν
1180 1672 1388 1736 αἴρεται
1434 1666 1525 1720 καὶ
1571 1670 1683 1720 τίσι
1721 1667 1921 1721 καθέλ-

225 1771 375 1805 κεται
421 1752 512 1805 καὶ
551 1756 663 1806 τίσι
701 1755 1099 1823 μετεωρίζεται,
1146 1754 1238 1807 καὶ
1277 1757 1334 1807 τί
1375 1756 1477 1823 μὲν
1524 1756 1658 1825 αὐτῇ
1707 1757 1920 1824 δεσμός,

225 1842 283 1892 τί
320 1841 381 1893 δὲ
421 1840 728 1911 ἐλευθερία,
780 1841 870 1894 καὶ
910 1852 1025 1905 πῶς
1072 1842 1142 1895 ἂν
1191 1842 1408 1910 γε’νοιτο
1449 1845 1510 1896 τὸ
1551 1841 1653 1912 μὲν
1699 1852 1919 1912 φυγεῖν,

161 1950 204 1981 20
229 1936 327 1980 τοῦ
361 1926 422 1980 δὲ
454 1938 658 1997 τυχεῖν,
693 1929 943 1999 ἁλμυρὰν
976 1931 1147 1999 ἀκοὴν
1172 1931 1513 1984 ἀπεκλύσατο
1537 1934 1746 2003 ποτίμῳ
1775 1935 1918 2002 λόγῳ

348 2152 373 2189 2
414 2146 536 2189 Socr.
569 2147 599 2189 1.
626 2147 653 2188 1.
688 2162 731 2202 p.
754 2148 890 2190 169ss
1095 2153 1121 2190 4
1165 2148 1301 2192 Isoor.
1335 2149 1479 2205 Euag.
1515 2154 1538 2201 ξ
1566 2153 1620 2192 28
1652 2164 1696 2203 p.
1726 2149 1856 2192 1941)

230 2209 286 2248 20
317 2205 436 2247 Plat.
462 2204 658 2248 Phaedr.
692 2220 735 2261 p.
763 2210 848 2248 243
867 2205 906 2248 D

349 2417 373 2454 2
407 2411 601 2469 ἀλλήλω]
636 2410 659 2454 ὁ
693 2410 867 2461 Γάλλος
898 2411 978 2454 καὶ
1011 2410 1034 2454 ὁ
1062 2408 1317 2461 Ἰουλιανός
1347 2411 1405 2454 13

351 2621 376 2659 2
409 2616 629 2671 ἀλλήλους
660 2617 762 2660 Mor
785 2616 907 2660 Fabr
1027 2621 1062 2698 32
1083 2617 1165 2661 τὸν
1191 2618 1223 2660 Ι
1250 2618 1371 2660 sed
1357 2634 1380 2661 ο
1414 2618 1463 2660 in
1486 2631 1561 2660 ras
1585 2616 1654 2659 m²
1779 2622 1805 2658 4
1837 2614 1919 2672 ῥα-

231 2671 413 2730 θυμίαν
437 2676 472 2717 Ι
497 2676 578 2718 sed
611 2673 791 2732 ραθυμί
821 2675 871 2717 in
894 2687 968 2718 ras
993 2674 1062 2717 m²
1124 2674 1361 2749 βασιλείαν
1387 2676 1448 2718 Μ
1476 2677 1541 2731 (eb
1564 2676 1658 2731 Ba)
1778 2678 1803 2716 5
1837 2675 1919 2730 μὲν

232 2759 291 2764 -
315 2739 340 2776 6
374 2733 424 2777 δὲ
458 2747 532 2776 om
556 2735 632 2778 La
813 2738 836 2776 7
871 2731 1011 2794 μοίρᾳ
1036 2734 1128 2776 ΙΜ
1173 2735 1178 2791 Ι
1229 2732 1425 2789 μείνειεν
1458 2747 1482 2776 e
1507 2732 1631 2789 μένει
1663 2746 1763 2776 corr
1788 2732 1860 2776 Ρ2

234 2795 259 2833 9
284 2791 336 2834 τὸ
363 2793 471 2835 anbe
496 2798 730 2847 σκῆπτρον
755 2792 880 2835 inser
896 2794 931 2835 Ι
936 2792 953 2817 ⁸
1058 2796 1110 2835 10
1137 2795 1352 2836 διατοῦτο
1378 2792 1646 2836 ΒΜοΙΙΙΙΡ
1747 2797 1799 2834 12
1826 2789 1917 2845 μεί-

234 2853 344 2901 ζονα
377 2851 452 2893 La
586 2856 639 2894 14
671 2849 786 2905 ὑπέρ
819 2866 866 2894 τε
897 2851 1022 2893 inser
1046 2850 1286 2893 1215
1321 2850 1577 2902 σωιζόντων
1602 2851 1645 2893 Α
1771 2854 1822 2892 16
1855 2856 1919 2904 πῆ

237 2910 296 2950 M
418 2913 471 2951 19
505 2907 549 2951 δ’
575 2909 643 2952 Re
671 2913 676 2965 Ι
705 2910 890 2963 „malim
923 2907 1184 2965 ἐγγένοιτο“
1216 2910 1283 2952 Re
