2060 3162
683 76 909 121 LIBANII
940 75 1162 121 ORATIO
1195 76 1322 121 XVII
1722 76 1826 128 193

152 217 297 268 τοῦτὸ
335 217 388 268 τὸ
428 213 454 265 ὁ
491 215 721 283 γεώργιος
759 213 785 265 ὁ
824 214 1074 281 βαλσαμὰς
1118 214 1248 281 ἔγρα,
1304 231 1450 278 quem
1496 216 1585 263 sub
1630 216 1829 263 initium

158 292 340 341 saeculi
370 290 546 340 decimi
577 290 700 338 sexti
730 291 783 337 in
815 291 1071 354 gymnasio
1104 289 1288 338 Graeco
1320 290 1505 339 Romae
1535 290 1685 338 fuisse
1716 305 1829 337 con-

155 369 272 428 stat,
283 360 326 433 ¹)
363 365 492 413 unde
531 364 804 425 explicatur
836 364 995 412 versio
1033 364 1192 411 latina
1229 365 1358 412 inter
1394 364 1550 411 lineas
1588 363 1830 412 declama-

155 441 306 488 tionis
350 440 538 502 primae
576 437 774 485 Libanii
813 438 1018 500 scripta,
1066 437 1241 485 deinde
1290 438 1508 487 Udalrici
1543 437 1758 499 Fuyqeri
1772 430 1830 503 ²),

155 514 300 562 cuius
338 512 562 561 codicum
599 511 822 559 collec‘nio
862 527 989 560 anno
1032 512 1172 559 1584
1210 512 1264 558 in
1300 511 1649 559 bibliothecam
1685 510 1830 558 Pala·

153 588 311 635 tinam
362 587 573 634 transiit.
657 585 822 632 Prima
872 585 1051 634 codicis
1104 585 1226 632 folia
1274 600 1430 633 vacua
1480 587 1616 646 sunt3
1669 585 1755 632 fol.
1798 586 1827 632 9

154 662 332 723 incipit
379 659 604 724 λιβανίου
650 666 886 721 σοφιστοῦ
926 656 1133 722 μελέταις
1179 658 1520 724 πρεσβευτικὸς
1558 657 1680 724 πρὸς
1716 657 1831 717 τοὺς

157 741 313 800 τρῶας
342 730 464 799 ὑπὲρ
495 740 582 797 τῆς
612 730 796 796 ἓλένης·
838 730 1064 796 μενέλαος
1095 748 1204 780 cum
1234 732 1454 781 versione
1493 733 1652 780 latina
1681 734 1830 780 inter-

158 809 334 856 lineari

271 883 365 929 12ν
402 887 488 929 τοῦ
519 879 671 929 αὐτοῦ
702 879 1043 946 πρεσβευτικὸς
1080 879 1202 945 πρὸς
1240 879 1354 939 τοὺς
1391 887 1546 945 τρῶας
1584 877 1706 946 ὑπὲρ
1746 886 1831 944 τῆς

155 953 343 1018 ἕλένης·
385 952 620 1012 ὀὸυσσεύς

267 1031 362 1078 23v
399 1026 672 1094 ἀριστείδου
710 1027 1052 1092 πρεσβευτικὸς
1082 1027 1204 1093 πρὸς
1242 1025 1431 1092 ἀχιλλέα

269 1105 335 1151 29
376 1100 498 1168 πρὸς
527 1100 611 1150 τὸν
643 1098 886 1161 ὀδυσσέως
923 1099 975 1150 ἐν
1014 1105 1166 1160 λιταῖς
1203 1100 1550 1167 πρεσβευτικὸν
1584 1099 1831 1166 ἀντιλογία

155 1174 382 1241 ἀχιλλέως

268 1252 334 1298 41
392 1249 618 1314 πρεσβεία
663 1247 935 1315 πατρόκλου
981 1247 1104 1315 πρὸς
1148 1246 1338 1314 ἀχιλλέα
1383 1246 1636 1307 ἀξιοῦντος
1681 1247 1832 1298 αὐτὸν

155 1322 372 1382 ἐξελθεῖν
410 1323 478 1382 εἰς
516 1322 600 1371 τὸν
637 1321 849 1386 πόλεμον

270 1399 335 1445 51
394 1395 508 1460 μετὰ
544 1397 707 1462 τροίας
745 1396 925 1445 ἅλωσιν
962 1394 1044 1444 καὶ
1081 1394 1418 1461 ἀγαμέμνονος
1465 1394 1688 1459 τελευτὴν
1726 1393 1832 1461 ὀρέ-

156 1484 275 1534 στης
312 1468 587 1528 ἀπεκτονὼς
624 1469 714 1533 τὴν
752 1468 934 1535 μητέρα
971 1469 1183 1535 κρίνεται
1221 1470 1381 1532 φόνου

273 1546 341 1592 60
381 1541 578 1592 ὃιέσωσέ
608 1562 679 1602 τις
709 1542 997 1609 ἐμπρησμοῦ
1026 1541 1290 1608 γενομένου
1328 1542 1413 1593 τὸν
1443 1541 1620 1592 ἑαυτοῦ
1650 1540 1832 1608 πατέρα

278 1620 370 1666 71ν
409 1617 529 1682 ἔχων
567 1635 638 1676 τις
674 1621 882 1682 γυναῖκα
920 1614 1002 1665 καὶ
1040 1613 1110 1665 ὢν
1146 1615 1243 1665 ὑπὸ
1282 1614 1424 1683 πατρὶ

272 1694 365 1739 7717
403 1690 708 1756 φιλαργύρου
746 1695 860 1749 παῖς
898 1697 984 1739 τοῦ
1022 1689 1202 1755 πατρὸς
1239 1689 1370 1758 αὐτῷ
1408 1690 1678 1754 κάμνοντος

272 1767 340 1813 83
405 1764 641 1823 δύσκολος
678 1763 836 1830 γήμας
873 1767 1083 1829 γυναῖκα
1121 1764 1267 1812 λάλον

273 1841 341 1887 90
403 1837 664 1902 μονωδία
702 1835 795 1887 ἐπὶ
834 1837 1116 1905 ιὀυλιανῷ
1149 1837 1542 1903 αὐτοκράτορι

273 1914 340 1960 94
403 1911 620 1975 μονωδία
658 1909 737 1960 ἐπὶ
774 1911 1061 1979 νικομηδείᾳ

272 1988 337 2034 97
402 1985 619 2048 μονωὸία
655 1983 734 2034 ἐπὶ
771 1990 835 2053 τῷ
875 1983 1242 2050 πυρποληθέντι
1278 1989 1381 2053 ναῷ
1424 1991 1510 2034 τοῦ
1549 1983 1831 2044 ἀπόλλωνος

272 2061 365 2108 98γ
402 2059 625 2124 λιβανίου
663 2065 899 2122 σοφιστοῦ
937 2057 1018 2108 καὶ
1056 2059 1358 2125 κοιαίστορος
1397 2057 1663 2123 ἐπιστολαὶ,
1711 2076 1831 2121 qua-

155 2150 266 2180 rum
303 2135 463 2195 prima
492 2132 722 2198 κλεάρχω·
762 2131 958 2197 ἔμελλον
992 2132 1197 2199 γράφων
1229 2126 1323 2199 (=
1349 2150 1421 2195 ep.
1440 2126 1511 2198 1),
1542 2133 1720 2181 ultima
1751 2127 1826 2199 (6)

156 2204 486 2273 ἀρισταινέτω·
527 2204 695 2265 ἐξέστω
733 2207 920 2265 παίζειν
959 2201 1053 2274 (=
1082 2200 1272 2273 102812)
1312 2207 1492 2254 desinit
1529 2207 1648 2255 folio
1686 2208 1831 2254 176&

270 2281 552 2342 Sequuntur
588 2281 672 2328 fol.
708 2283 808 2328 177
858 2280 1095 2345 μιχαήλου
1134 2278 1405 2330 ἀποστόλου
1444 2286 1530 2328 τοῦ
1569 2280 1830 2344 βυζαντίου

279 2468 321 2521 1)
354 2465 419 2509 Cf.
453 2465 635 2521 Sathas‚
668 2468 910 2522 Νεοελλην.
937 2468 1083 2521 φιλολ.
1118 2481 1160 2522 p.
1189 2469 1287 2508 227.

279 2527 322 2581 2)
352 2523 451 2568 Hoc
475 2524 626 2568 elucet
649 2538 705 2568 ex
727 2524 881 2568 indice
905 2524 1218 2568 bibliothecae
1240 2524 1543 2581 Fuggeranae
1576 2537 1696 2567 anno
1717 2527 1828 2567 1571

159 2582 370 2627 confecto
393 2583 624 2639 hodieque
647 2583 696 2626 in
719 2582 1003 2627 bibliotheca
1027 2583 1188 2626 urbica
1204 2582 1547 2639 Hamburgensi
1564 2585 1830 2626 conservato

159 2641 234 2697 (cf.
266 2641 536 2697 Hoffmann,
584 2642 739 2698 Serap.
763 2641 826 2684 IX
850 2646 934 2685 289
948 2644 1033 2699 sq.)
1073 2642 1122 2685 in
1161 2656 1272 2697 quo,
1319 2643 1373 2685 ut
1402 2641 1672 2696 Meynckius
1715 2641 1831 2683 mihi

161 2700 365 2757 scripsit,
420 2702 563 2744 codex
615 2700 665 2744 in
716 2700 839 2743 hunc
890 2701 1079 2744 modum
1125 2700 1382 2756 descriptus
1437 2702 1527 2744 est:
1581 2715 1626 2743 n.
1660 2703 1718 2744 12
1770 2701 1832 2743 I‘n

162 2759 351 2804 Bretter.
405 2775 454 2816 p.
496 2763 594 2804 374.
657 2761 851 2804 Libanii
901 2760 1258 2804 declamationes.
1335 2760 1554 2804 Eiusdem
1607 2760 1830 2815 epistolae.

165 2818 363 2929 Micchael
399 2820 642 2874 Apostolus
686 2819 900 2862 adversus
931 2820 1156 2863 Pletonem
1198 2854 1205 2861 .
1234 2853 1243 2862 .
1272 2854 1279 2861 .
1320 2818 1495 2875 geschr.
1536 2819 1630 2871 auf
1660 2819 1833 2874 Papier

163 2877 215 2918 in
267 2878 319 2920 ol.

251 2957 446 2990 Lnnnrus
470 2959 527 2991 ed.
550 2958 787 2990 Foerster.
826 2959 877 2990 Π.
1514 2954 1567 2992 13
