2060 3162
190 119 297 172 338
709 117 937 161 LIBANII
969 116 1192 162 ORATIO
1224 117 1374 162 xvm

300 253 421 306 235.
471 252 699 322 ’Ἑμελλε
747 249 808 305 δὲ
854 254 959 323 ἄρα
1004 251 1096 305 καὶ
1143 252 1331 324 ἕτερον
1380 254 1606 324 ἰσχυρὸν
1653 255 1755 307 οὐκ
1799 256 1877 318 εἰς

186 344 400 412 μακρὰν
433 338 666 404 ἀσθενὲς
697 340 1199 410 ἐπιδειχθήσεσθαι.
1268 338 1339 410 ἦν
1369 342 1472 413 γάρ
1510 362 1562 395 τι
1601 344 1878 414 φρούριον

186 431 455 501 καρτερὸν
508 431 599 483 καὶ
651 437 814 482 τοῦτο
864 429 924 483 ἐν
970 432 1120 502 νήσῳ
1175 432 1352 500 ὄχθου
1406 451 1463 484 τε
1516 430 1607 484 καὶ
1661 433 1877 501 τείχους

186 518 361 591 μέτρῳ
401 520 539 590 πρὸς
579 517 709 589 ἀέρα
755 518 926 586 μέσον
973 517 1290 588 ἀνεστηκός,
1338 527 1607 573 τοσοῦτον
1646 516 1716 587 ἦν
1756 519 1874 574 ἑκα-

143 630 162 661 5
187 607 348 676 τέρου
387 609 448 661 τὸ
489 607 645 672 ὕψος.
721 607 782 659 τὸ
830 607 933 675 μὲν
972 604 1075 661 οὖν
1113 607 1257 660 κάτω
1296 609 1441 676 πλὴν
1486 610 1683 678 κομιδῆ
1723 629 1878 672 τινος

150 707 157 712 “
185 703 386 765 μικροῦ
425 695 749 766 περιέζωστο
783 697 1037 749 δονάκων
1067 698 1364 765 πυκνότητι
1394 699 1711 768 κρυπτούσῃ
1743 701 1875 761 τοὺς

183 785 619 855 ὑδρευομένους,
682 787 736 837 οἳ
790 785 883 837 διὰ
936 785 1285 853 καταβάσεως
1340 785 1549 854 ἀδήλου
1602 794 1718 850 τοῖς
1771 785 1873 850 ἔξω

182 875 318 927 κατὰ
356 875 567 942 πολλὴν
605 872 862 937 ἐξουσίαν
909 874 1016 926 ὑπὸ
1064 882 1181 937 ταῖς
1226 883 1338 927 τῶν
1384 875 1637 928 δονάκων
1681 878 1873 945 κόμαις

185 962 422 1032 ἐχρῶντο
473 968 550 1034 τῷ
595 968 837 1034 ποταμῷ,
887 963 948 1015 τὸ
995 971 1171 1032 τεῖχος
1210 960 1271 1015 δὲ
1309 971 1558 1033 κρεῖττον
1596 959 1666 1031 ἦν
1705 985 1871 1034 μηχα-

118 1073 160 1105 10
184 1052 458 1120 νημάτων,
506 1058 668 1104 τοῦτο
717 1047 817 1120 μὲν
855 1049 945 1104 ἐπὶ
982 1053 1157 1120 νήσου
1203 1051 1587 1120 πεποιημένον,
1633 1053 1705 1121 ἣν
1742 1058 1871 1106 εἴσω

181 1148 364 1193 πᾶσαν
412 1134 557 1210 εἶχεν
597 1139 794 1208 αὑτοῦ,
847 1147 1011 1193 τοῦτο
1053 1137 1114 1193 δὲ
1153 1138 1239 1209 ἐφ’
1272 1140 1445 1203 οὕτως
1490 1141 1726 1209 ὑψηλῆς,
1779 1142 1874 1194 καὶ

179 1236 396 1299 προσῆν
434 1230 495 1281 τὸ
541 1230 789 1282 πλίνθον
836 1228 1008 1298 ὀπτὴν
1054 1229 1190 1299 πρὸς
1238 1227 1438 1298 ἑαυτὴν
1485 1229 1743 1301 ἀσφάλτῳ
1785 1231 1872 1282 δε-

182 1316 396 1370 δέσθαι.
474 1317 597 1369 236.
652 1318 684 1386 ἡ
733 1314 834 1386 μὲν
882 1313 986 1370 οὖν
1035 1319 1189 1387 ἰσχὺς
1235 1325 1335 1370 τοῦ
1386 1319 1663 1387 φρουρίου
1712 1334 1871 1371 συνε-

179 1407 414 1473 βούλευε
451 1406 524 1474 μὴ
564 1411 885 1475 πειρᾶσθαι,
931 1407 992 1459 τὸ
1033 1406 1094 1458 δὲ
1139 1404 1511 1477 ἐκδραμόντας
1555 1407 1709 1469 τινὰς
1754 1415 1873 1470 τοῖς

116 1515 155 1548 15
179 1495 416 1564 πρώτοις
456 1502 551 1563 τῆς
590 1503 845 1565 στρατιᾶς
883 1502 1219 1565 προσπεσεῖν
1257 1493 1348 1547 καὶ
1379 1495 1577 1565 μικρὸν
1610 1495 1870 1564 ἀποσχεῖν

177 1591 276 1636 τοῦ
323 1582 414 1636 καὶ
461 1584 559 1636 τὸν
605 1582 832 1652 βασιλέα
881 1592 1087 1653 τρῶσαι
1137 1588 1300 1655 θυμῷ
1354 1584 1491 1654 πρὸς
1543 1585 1872 1654 πολιορκίαν

178 1674 308 1734 τοὺς
346 1674 695 1735 πεπονθότας
733 1668 845 1741 ἦγε.
906 1671 997 1725 καὶ
1030 1674 1083 1725 οἱ
1113 1672 1215 1741 μὲν
1246 1659 1683 1742 προσεκάθηντο,
1725 1671 1869 1742 Πέρ-

90 1773 236 1817 R601
279 1775 370 1813 σαι
409 1761 471 1813 δὲ
510 1762 732 1814 ἄνωθεν
781 1760 1002 1830 ἐγέλων,
1026 1746 1344 1828 ’ἐτώθαζοῆ
1391 1761 1634 1830 ὕβριζον,
1691 1759 1698 1832 Ι
1756 1760 1868 1813 ἐτό-

182 1847 359 1917 ξευον,
399 1847 724 1918 ἐτύγχανον·
767 1855 891 1903 ἴσον
930 1849 1132 1912 αὐτοὺς
1170 1849 1408 1918 ἡγοῦντο
1447 1858 1644 1919 ποιεῖν,
1684 1850 1869 1919 ὥσπερ

110 1958 153 1990 2⁰
177 1935 247 1989 ἂν
287 1938 335 1989 εἰ
380 1938 471 1990 καὶ
516 1938 613 1990 τὸν
661 1938 905 2007 οὐρανὸν
952 1936 1273 2007 ἐπεχείρουν
1321 1936 1479 1991 ἑλεῖν.
1557 1937 1680 1989 237.
1735 1938 1764 1991 ὁ
1804 1935 1867 1990 δὲ

175 2034 396 2095 πρῶτον
435 2022 536 2094 μὲν
575 2024 667 2078 καὶ
706 2025 869 2088 αὐτὸς
903 2025 1127 2096 πέτραις
1164 2026 1254 2078 καὶ
1286 2025 1469 2094 βέλεσι
1501 2035 1612 2078 τῶν
1644 2024 1732 2078 ἐπὶ
1763 2033 1866 2078 τοῦ

293 2191 318 2228 2
351 2186 500 2229 Amm.
526 2184 675 2229 XXIV
699 2190 855 2241 4‚lsq.
903 2185 1084 2229 Zos.111
1103 2189 1158 2229 20
1182 2184 1583 2241 (Maiozamalcha.)
1707 2189 1731 2227 6
1762 2185 1862 2229 Zos.

174 2245 236 2287 ΙΠ
262 2250 332 2299 21,
351 2249 376 2287 3
500 2249 553 2288 12
582 2244 679 2288 Zos.
707 2244 771 2287 Π]
797 2249 908 2299 17‚5

294 2397 317 2435 1
352 2392 530 2448 ἔμελλεν
562 2393 637 2436 La
663 2391 671 2450 Ι
699 2388 745 2435 δ’
773 2392 842 2435 Re
962 2395 988 2435 2
1022 2390 1437 2448 ἐπιδειχθήσεσθαι
1463 2392 1537 2435 La
1570 2391 1650 2435 sed
1683 2393 1789 2448 post
1821 2407 1860 2435 ει

172 2464 248 2493 ras
281 2455 306 2493 2
339 2450 418 2494 litt
569 2456 593 2494 3
628 2450 779 2510 ὄχθησ
805 2452 867 2495 Μ
939 2449 1061 2526 ὄχθῃ
1089 2452 1132 2494 V
1200 2448 1321 2507 ὄχθη
1348 2450 1393 2493 Β
1573 2455 1600 2493 4
1631 2451 1748 2506 πρὸς
1778 2449 1860 2494 τὸν

174 2508 290 2564 ἀέρα
317 2511 359 2553 V
387 2512 393 2564 1
421 2508 593 2565 αἰθέρα
626 2509 783 2554 Gasda
905 2514 956 2552 11
991 2515 1134 2553 αυτοῦ
1167 2509 1229 2552 Μ
1257 2509 1337 2552 sed
1363 2507 1374 2523 ‘
1413 2509 1462 2552 in
1485 2522 1560 2552 ras
1584 2508 1655 2552 m²
1715 2509 1859 2552 αὐτοῦ

174 2569 300 2613 PUI
325 2568 405 2612 sed
436 2569 486 2611 in
516 2569 604 2613 hoc
636 2576 671 2613 ῶ
703 2582 844 2624 supra
875 2575 930 2611 οῦ
961 2568 1045 2623 m³‚
1087 2569 1191 2612 ΜΒ
1222 2568 1323 2611 Mor
1361 2568 1442 2623 qui
1473 2568 1522 2611 in
1552 2581 1685 2624 marg
1714 2566 1859 2610 habet

173 2644 228 2682 γρ
254 2627 406 2671 αὐτῶν
447 2627 454 2685 Ι
497 2625 544 2671 δ’
573 2629 640 2671 Re
813 2632 868 2671 12
899 2627 950 2671 τὸ
982 2627 1031 2670 in
1055 2641 1130 2671 ras
1155 2627 1227 2672 Ρ2
1270 2630 1275 2683 Ι
1319 2626 1464 2684 ὀπτὴν
1496 2628 1542 2671 P
1571 2626 1652 2670 sed
1682 2643 1711 2682 η
1744 2639 1799 2668 ex
1832 2641 1856 2668 ο

175 2699 276 2729 corr
305 2685 355 2728 in
378 2699 452 2729 ras
476 2687 546 2729 m³
675 2691 728 2730 14
762 2683 809 2731 δ’
837 2686 904 2729 Re
1041 2691 1095 2729 15
1127 2687 1323 2741 πρώτοις
1354 2688 1400 2731 Ρ
1427 2686 1509 2730 sed
1540 2685 1672 2735 ώτοις
1702 2684 1750 2727 in
1780 2697 1856 2727 ras

172 2744 242 2787 ιιι8
269 2746 275 2800 Ι
304 2752 518 2799 στρατιᾶς
541 2747 587 2789 P
615 2745 696 2789 sed
721 2763 737 2789 ι
769 2747 816 2789 et
837 2748 856 2757 ⁸
889 2745 939 2788 in
962 2758 1036 2788 ras
1061 2745 1131 2789 m²
1192 2742 1431 2801 στρατείας
1454 2744 1660 2788 BLaUI
1684 2743 1733 2786 in
1765 2757 1856 2798 quo

172 2804 280 2859 post
302 2803 422 2847 hanc
445 2817 603 2847 vocem
627 2818 702 2848 ras
728 2809 783 2848 20
808 2804 904 2848 fere
927 2803 1007 2847 litt
1127 2808 1180 2848 16
1212 2804 1327 2859 πρὸς
1350 2803 1474 2848 inser
1489 2802 1547 2847 1²
1667 2806 1721 2844 17
1745 2797 1857 2858 ἦγεν

177 2862 285 2906 GLa
438 2867 489 2905 19
532 2858 632 2908 ἴσον
665 2864 875 2908 BMoLa
906 2863 1007 2907 Mor
1030 2863 1152 2906 Fabr
1303 2867 1358 2906 20
1409 2862 1524 2906 ἑλεῖν
1555 2862 1590 2904 Ι
1617 2861 1697 2904 sed
1730 2859 1775 2904 ἑλ
1806 2861 1856 2904 in

172 2934 247 2964 ras
272 2920 342 2964 m'
462 2927 514 2964 21
550 2922 691 2972 αὐτὸς
720 2921 910 2977 πέτραις
941 2921 989 2964 in
1022 2936 1096 2965 ras
1132 2921 1194 2966 0²
