2060 3162
668 154 897 200 LIBANII
927 154 1152 199 ORATIO
1185 152 1312 198 XXV
1716 153 1820 205 567

244 293 329 346 63.
378 295 446 346 Τί
473 294 587 357 δαίς
627 292 679 345 οἱ
711 292 1142 360 Λακεδαιμόνιοι
1186 292 1237 344 οἱ
1271 291 1407 344 κατὰ
1437 299 1550 343 τῶν
1583 291 1825 344 εἱλώτων

131 382 390 446 ἐξουσίαν
429 384 625 451 σφίσιν
664 381 854 444 αὐτοῖς
893 380 1212 448 ἀνοίγοντες
1244 380 1427 448 φόνου
1468 378 1558 432 καὶ
1589 380 1715 448 περὶ
1746 373 1827 432 ὧν

134 474 364 542 Κριτίας
408 473 600 540 φησίν,
655 470 735 533 ὡς
783 469 1063 537 μάλιστα
1117 470 1355 521 δοῦλοί
1401 487 1465 521 τε
1516 467 1586 521 ἐν
1622 470 1826 521 Λακε-

133 562 400 629 δαίμονι
437 560 543 612 καὶ
587 557 957 628 ἐλεύθεροι,
996 561 1054 610 τί
1089 556 1138 610 δ’
1170 559 1303 610 ἄλλο
1335 577 1397 626 γε
1427 556 1460 625 ἢ
1494 557 1627 626 ὅπερ
1665 557 1828 619 αὐτὸς

1874 580 1894 609 4

132 649 160 702 ὁ
186 650 414 719 Κριτίας
446 651 635 717 φησίν,
668 649 741 711 ὡς
773 647 1076 710 ἀπιστίας
1107 648 1325 700 εἵνεκα
1360 650 1366 712 1
1401 654 1512 714 τῆς
1544 647 1703 715 πρὸς
1733 659 1776 702 R,
1798 658 1914 702 1186

131 740 283 800 τοὺς
321 738 588 800 εἵλωτας
634 737 912 799 τούτους
958 734 1204 805 ἐξαιρεῖ
1250 732 1368 804 μὲν
1408 735 1827 805 Σπαρτιάτης

133 832 305 880 οἶκοι
351 834 460 895 τῆς
501 826 778 888 ἀσπίδος
824 826 936 878 τὸν
981 826 1304 895 πόρπακα,
1358 830 1552 877 τοῦτο
1601 820 1669 876 δὲ
1711 824 1828 877 οὐκ

132 919 294 986 ἔχων
328 914 334 987 Ι
369 914 473 968 ἐπὶ
511 923 622 984 τῆς
661 916 1002 984 στρατείας
1041 922 1259 967 ποιεῖν
1298 915 1407 967 διὰ
1445 913 1514 965 τὸ
1556 914 1698 966 δεῖν
1737 925 1914 969 RH87

131 1006 444 1068 πολλάκις
485 1002 798 1072 ὀξύτητος
835 1004 903 1056 τὸ
946 1004 1107 1073 δόρυ
1153 1005 1316 1072 ἔχων
1356 1001 1454 1055 ἀεὶ
1495 1001 1828 1071 περιέρχε-

213 1260 229 1269 .
241 1195 422 1311 733)Cri12.
456 1196 513 1239 dc
544 1209 640 1250 rep.
673 1194 842 1239 Laced.
875 1194 930 1238 fr.
957 1198 1010 1237 37
1046 1194 1116 1237 cd.
1143 1193 1273 1237 Diels
1307 1194 1506 1251 (Fragm.
1540 1193 1828 1237 Praesocrat.

134 1271 179 1312 p.
210 1273 234 1298 ο

255 1437 278 1475 1
311 1433 418 1488 post
442 1430 523 1476 δαί
556 1432 743 1490 signum
773 1431 1161 1505 interrogationis
1187 1431 1324 1487 posui
1352 1434 1357 1487 Ι
1386 1430 1438 1475 δὲ
1464 1431 1597 1475 ΜοΒ
1622 1431 1724 1474 Mor
1751 1433 1756 1487 1
1785 1430 1830 1474 οἱ

134 1494 196 1549 (2)
222 1505 297 1535 om
324 1493 408 1536 Mo
432 1491 534 1534 Mor
560 1493 566 1548 Ι
595 1491 792 1535 εἰλώτων
807 1491 932 1535 API
1048 1495 1073 1533 5
1107 1506 1278 1535 ουνεκα
1302 1490 1348 1533 Β
1470 1494 1495 1532 6
1529 1489 1717 1541 εἵλωτας
1739 1490 1835 1535 ΑΡ

135 1551 246 1595 sed
232 1565 282 1594 m
298 1548 421 1595 hoc'
441 1548 517 1594 cx
551 1564 653 1594 con
774 1554 800 1593 8
824 1549 967 1594 verba
990 1550 1100 1593 inde
1125 1549 1184 1593 ab
1211 1548 1287 1593 ἐπὶ
1310 1563 1458 1604 usque
1483 1549 1545 1592 ad
1569 1553 1671 1601 569,
1684 1554 1710 1592 2
1731 1547 1830 1617 ‘gg-¹}-

134 1626 283 1668 φυγεν
315 1610 364 1653 in
395 1610 520 1653 hunc
551 1610 632 1665 qui
665 1609 724 1653 ab
759 1608 974 1653 omnibus
1018 1609 1258 1653 codicibus
1299 1608 1519 1653 abhorret
1557 1610 1605 1653 et
1635 1609 1695 1652 ab
1726 1608 1830 1665 ipso

132 1672 187 1714 ut
209 1670 407 1723 videtur,
433 1670 656 1713 confictus
683 1671 754 1712 est
777 1668 853 1725 (cf.
873 1682 993 1724 quae
1019 1667 1116 1711 dixi
1139 1666 1307 1712 Philol.
1318 1668 1419 1711 LIX
1433 1672 1518 1711 400
1529 1670 1615 1725 sq.)
1639 1668 1830 1712 modum

133 1725 988 1862 {3390*2⁰¹253255303325532322
998 1743 1102 1831 ἀέὶο
1115 1726 1640 1862 ἕεζῖἶῆΐῖἄῖἶὲύᾜῖέῗ
1669 1724 1831 1845 χέοῗίἶῖ

135 1846 429 1923 ἰσχυρότερος
461 1846 676 1891 Εἱλώτων
711 1844 946 1904 ἐσόμενος·
997 1847 1039 1890 εἰ
1070 1845 1227 1903 μέντοι
1260 1843 1427 1891 ἀσπίδι
1459 1844 1578 1919 μόνῃ
1610 1832 1830 1891 νεανικόν

138 1923 183 1951 τι
215 1906 284 1963 εἴη
317 1905 714 1965 μεμηχανημένος·
748 1913 1000 1980 τοιγαροῦν
1032 1905 1277 1963 συμφορὰς
1309 1904 1651 1981 ἐξειργάσαντο,
1683 1905 1831 1960 ἅσπερ

138 1965 320 2011 οἰονται
353 1964 564 2022 ἐνέδραις
601 1973 703 2017 ταῖς
741 1964 855 2020 παρ’
878 1962 1071 2010 ἐκείνων
1102 1963 1421 2023 τετευγμέναις
1461 1962 1829 2038 ρωμαλεωτέρας.

136 2025 298 2083 εἴησαν
329 2023 456 2069 πάνυ
486 2024 645 2070 τοιάδε
675 2032 768 2069 τῶν
808 2024 859 2069 ἐν
891 2023 987 2069 δέει
1025 2024 1268 2083 βιούντων,
1310 2024 1390 2068 καὶ
1422 2024 1480 2081 δὴ
1520 2024 1600 2068 καὶ
1632 2022 1751 2080 μηδέ
1781 2021 1825 2080 γ’

137 2085 431 2130 ἀναπνεῦσαι
463 2083 676 2141 ἐωμένων
707 2084 800 2128 ὑπὸ
828 2082 1093 2140 δεινότητος
1115 2091 1208 2128 τῶν
1233 2085 1394 2136 αὐτοῖς
1417 2081 1830 2139 προσδοκωμένων.

136 2144 211 2188 διὸ
242 2144 352 2194 τοὺς
381 2142 628 2201 μέλλοντας
658 2144 868 2204 ἀριστᾶν,
901 2143 977 2187 καὶ
1003 2143 1345 2198 καθεύδοντας,
1376 2143 1457 2187 καὶ
1483 2143 1831 2219 ἀλλοφρονοῦν-

136 2220 219 2254 τας
250 2203 442 2247 οἰκετῶν
472 2202 635 2259 πομπὴ
667 2204 748 2247 καὶ
779 2189 1047 2258 δορυφορία
1076 2199 1392 2258 ὑπερασπίζει.
1454 2210 1566 2255 πῶς,
1598 2198 1634 2246 ὦ
1665 2203 1834 2252 παῖδες

136 2259 344 2306 Καλλαίσ
374 2278 473 2318 ρ,ου
513 2260 758 2323 ἐλευθερία
796 2265 991 2323 καθαρᾷ
1028 2278 1078 2306 τε
1115 2262 1197 2306 καὶ
1236 2261 1474 2316 εἰλικρινεῖ
1508 2260 1832 2314 ἀπολαύσειεν,

137 2318 208 2372 οἷς
239 2279 516 2367 §animam
548 2324 708 2366 δοῦλοι
739 2321 836 2378 ἅμα
867 2308 1132 2365 Ποσειδῶνι
1163 2324 1348 2378 δεῖγμα·
1394 2321 1474 2364 καὶ
1506 2327 1696 2376 σημεῖον
1729 2318 1831 2373 ἐξά-

138 2396 314 2456 ραντες,
346 2397 418 2425 οτι
449 2378 566 2424 καθ’
596 2378 786 2454 ὁμοίους
814 2379 1013 2438 χρόνους
1044 2396 1184 2437 ομοια
1213 2386 1409 2454 ποιῆσαι
1442 2380 1645 2437 ἔμελλον·
1681 2394 1831 2434 ωσπερ

138 2435 223 2484 οὖν
262 2438 307 2482 οἱ
346 2441 548 2514 βασιλεῖς
584 2436 700 2495 παρ’
729 2440 889 2490 αὐτοῖς
927 2440 981 2484 ου
1022 2438 1221 2495 πάμπαν
1259 2434 1377 2495 ἦσαν
1418 2439 1676 2494 ἐλεύθεροι
1727 2438 1832 2491 ἐξὸν

132 2496 357 2555 Ἐφόροις
387 2498 596 2572 ἄρχοντα
621 2497 764 2554 δῆσαί
793 2515 842 2543 τε
873 2499 952 2543 καὶ
977 2505 1179 2543 κτανεῖν.
1228 2498 1375 2550 οὕτως
1398 2498 1604 2549 ἅπαντες
1625 2499 1831 2552 Σπαρτι-

137 2557 248 2602 άται
278 2555 549 2612 ἐλευθερίας
572 2556 858 2611 ἁπαξαπλῶς
881 2556 1170 2612 ἐκδέδυνται,
1202 2558 1453 2616 βιωσαντες
1477 2557 1526 2601 ἐν
1550 2554 1685 2613 μίσει,
1718 2557 1831 2600 ἀπε-

138 2613 281 2678 χθεία
311 2633 359 2661 τε
390 2617 471 2661 καὶ
503 2616 527 2662 ἔ
551 2619 652 2677 θρα
684 2618 796 2674 μετὰ
837 2624 930 2661 τῶν
959 2616 1272 2672 θεραπόντων
1311 2615 1441 2666 ἵλεως
1480 2615 1532 2661 δὲ
1570 2615 1650 2660 καὶ
1693 2614 1833 2670 ἤπιος

138 2662 346 2733 γενέσθω
394 2676 474 2720 καὶ
577 2682 660 2720 τοῦ
692 2675 809 2749 Διὸς
838 2673 1074 2732 Ηρακλῆς
1119 2674 1362 2732 ἑπομένοις
1398 2681 1454 2732 τῇ
1493 2682 1587 2719 τῶν
1624 2682 1832 2731 ποιητῶν

139 2738 308 2807 διδαχῇ
347 2735 429 2779 καὶ
459 2733 675 2795 παιδεία,
718 2733 856 2808 ἤπερ
869 2738 1099 2793 διηγεῖται
1137 2735 1220 2779 τὸν
1245 2733 1451 2791 Ἡρακλῆ
1483 2734 1831 2779 δουλεύσασθαι

140 2792 359 2839 δουλείαν
404 2794 580 2868 χαλεπὴ
583 2811 610 2837 ν
649 2793 733 2850 τὴν
772 2791 856 2838 ὑπ’
885 2792 1190 2850 Εὐρυσθέως·
1238 2794 1319 2837 καὶ
1365 2792 1423 2849 δὴ
1470 2793 1551 2837 καὶ
1597 2793 1739 2848 ἄλλην
1782 2793 1833 2837 ἐν

138 2850 313 2914 Λυδίᾳ·
361 2852 475 2897 ἀλλὰ
521 2854 602 2897 καὶ
649 2852 790 2904 αὐτὸς
830 2852 854 2897 ὁ
898 2854 1014 2903 Ζεὺς
1054 2855 1060 2910 Ι
1103 2850 1208 2897 Αἰεί
1254 2868 1304 2925 γε
1351 2849 1613 2911 στενάχεσχ’
1644 2849 1723 2896 οθ’
1754 2850 1832 2896 ἑὸν

139 2899 278 2966 φίλον
308 2910 415 2955 υἱὸν
447 2911 592 2967 ὁρῶτο
620 2912 628 2971 Ι
647 2909 819 2969 Ἔργον
842 2911 996 2962 ἀεικὲς
1019 2911 1184 2970 ἔχοντα
1215 2908 1298 2955 ὑπ’
1321 2912 1603 2967 Εὐρυσθῆος
1630 2909 1831 2955 ἀέθλων.

144 2971 150 3029 Ι
186 2968 289 3016 οὐδ’
322 2970 483 3026 αυτὸς,
523 2971 624 3028 ἐμοὶ
663 2974 815 3027 δοκεῖ,
853 2968 1092 3028 Κρονίδης
1129 2967 1345 3021 δουλείας
1383 2970 1521 3028 ζυγὸν
1553 2968 1774 3026 ἐξέφυγεν
