2060 3162
707 138 935 184 LIBANII
967 139 1190 185 ORATIO
1223 139 1372 185 XVIII
1753 140 1860 194 299

171 279 267 331 καὶ
313 277 571 339 πλούτοις
620 277 880 344 ἔθαλλον,
930 274 1116 329 ἔπειτα
1159 272 1304 344 ἦσαν
1351 273 1519 330 οὐδὲν
1565 296 1860 346 μετερρυη-

169 368 353 420 κότων
413 365 557 433 πλὴν
618 364 824 432 ὀλίγων
876 366 1072 434 κομιδῆ
1128 385 1297 418 τινων
1348 375 1459 418 τῶν
1512 362 1614 434 μὲν
1666 367 1745 428 εἰς
1797 366 1864 418 τὰ

179 462 541 525 στρατιωτῶν,
580 463 692 507 τῶν
730 452 779 506 δ’
811 454 888 516 εἰς
923 454 985 506 τὸ
1028 453 1035 525 Ι
1075 453 1213 522 μέγα
1251 454 1561 524 συνέδριον.
1636 456 1766 517 τοὺς
1803 467 1846 510 R
1867 471 1948 510 571

180 541 227 596 δ’
258 539 329 611 ἦν
378 542 567 611 ἕτερόν
615 561 667 594 τι
718 543 779 595 τὸ
830 541 1126 611 δεξόμενον
1175 543 1265 595 καὶ
1317 544 1369 596 oz
1416 539 1517 610 μὲν
1556 541 1864 596 ἐκάθευδόν

177 652 235 685 τε
280 632 371 684 καὶ
409 630 719 702 ἐχαρίζοντο
758 637 834 703 τῷ
882 632 1089 700 σώματι
1135 630 1226 684 καὶ
1272 640 1384 684 τῶν
1431 631 1497 685 οὐ
1544 633 1646 700 τὴν
1692 632 1864 700 αὐτὴν
1911 653 1957 685 5,

178 721 364 783 αὐτοῖς
418 718 700 773 ἐλθόντων
751 719 1073 789 κατεγέλων.
1160 720 1221 772 τὸ
1286 717 1346 772 δὲ
1400 720 1866 788 ὑπολελειμμένον

178 810 371 877 ὀλίγον
410 810 477 863 ὃν
508 808 836 878 ἐβαπτίζετο,
875 807 966 862 καὶ
1004 810 1065 862 τὸ
1098 812 1439 879 λειτουργεῖν
1469 817 1585 872 τοῖς
1614 812 1866 862 πλείοσιν

177 899 256 961 εἰς
287 899 348 950 τὸ
380 906 702 968 προσαιτεῖν
734 897 999 952 ἐτελεύτα.
1081 897 1201 950 147.
1236 900 1415 951 καίτοι
1448 901 1530 961 τίς
1562 897 1663 951 οὐκ
1695 894 1864 966 οἶδεν,

177 988 250 1049 ὡς
303 987 335 1055 ἡ
389 994 485 1054 τῆς
542 989 747 1055 βουλῆς
810 989 965 1056 ι’σχὺς
1026 987 1174 1056 ψυχὴ
1235 987 1442 1049 πόλεώς
1496 985 1667 1051 ἐστιν;
1729 986 1866 1039 ἀλλὰ

178 1076 566 1139 Κωνστάντιος
618 1073 719 1144 μὲν
766 1078 908 1148 λόγῳ
956 1084 1075 1139 ταῖς
1120 1078 1349 1145 βουλαῖς
1402 1078 1631 1144 βοηθῶν
1683 1073 1866 1145 ἔργοις
1890 1097 1932 1129 ιο

176 1159 247 1231 ἦν
285 1163 485 1234 ἐχθρὸς
522 1165 832 1234 μετατιθεὶς
871 1164 1100 1234 ἑτέρωσε
1138 1166 1269 1228 τοὺς
1308 1163 1519 1227 ἐκείνας
1558 1164 1866 1232 φεύγοντας

176 1253 267 1305 καὶ
321 1254 515 1315 διδοὺς
569 1252 812 1316 ἀτελείας
865 1255 1233 1324 παρανόμους.
1317 1250 1560 1326 ἐῴκεσαν
1613 1248 1718 1305 οὗν
1772 1253 1867 1322 ῥυ-

178 1350 296 1403 σοῖς
342 1342 614 1410 γραϊδίοις
668 1342 1006 1412 ἠσθημένοις
1056 1343 1242 1412 ῥάκια,
1296 1341 1388 1395 καὶ
1435 1342 1718 1412 ὠδύροντο
1765 1341 1868 1409 μὲν

1164 1431 1571 1452 ,,,,,
1710 1432 1723 1448 ,

177 1518 518 1572 πεπονθέναι
564 1540 622 1572 τε
660 1521 750 1573 καὶ
789 1521 1019 1589 πάσχειν
1058 1521 1110 1573 οἱ
1150 1521 1485 1588 δικάζοντες,
1532 1522 1766 1588 βοηθεῖν
1806 1515 1866 1571 δὲ
1890 1540 1932 1573 15

178 1608 333 1670 ὄντες
372 1606 580 1674 ἕτοιμοι
619 1611 855 1677 βοηθεῖν
890 1609 992 1661 οὐκ
1032 1602 1195 1678 εἶχον.
1277 1608 1397 1660 148.
1436 1605 1552 1660 ἀλλ’
1586 1609 1697 1661 ἔδει
1735 1603 1866 1660 ποτὲ

178 1694 268 1748 καὶ
308 1697 507 1759 ταύτας
546 1697 646 1765 τὴν
685 1697 868 1750 αὑτῶν
918 1697 1109 1767 ῥώμην
1160 1697 1474 1765 ἀπολαβεῖν.
1551 1697 1612 1749 τὸ
1653 1696 1756 1765 γὰρ
1798 1696 1865 1764 δὴ

178 1787 400 1837 πολλῶν
438 1783 680 1839 ἐπαίνων
730 1783 885 1848 ἄξιον
933 1785 1108 1838 ἐκεῖνο
1158 1787 1377 1855 γράμμα
1422 1786 1483 1838 τὸ
1533 1787 1652 1838 δεῖν
1689 1785 1867 1838 πάντα

180 1873 357 1939 ἄνδρα
394 1873 532 1940 πρὸς
570 1875 782 1942 βουλὴν
820 1877 1009 1927 καλεῖν
1047 1873 1137 1927 καὶ
1175 1870 1349 1942 μηδὲν
1396 1876 1590 1943 ἔχοντα
1638 1874 1866 1943 ἰσχυρὸν

300 2097 352 2135 13
401 2092 506 2136 Her.
540 2092 602 2136 III
637 2097 735 2148 129,
762 2098 787 2136 2
982 2097 1036 2136 18
1085 2092 1194 2137 Cod.
1227 2092 1400 2137 Theod.
1435 2093 1518 2136 XII
1553 2098 1591 2148 1,
1617 2097 1790 2137 50—56

182 2156 233 2195 19
267 2151 408 2195 Thuc.
434 2151 498 2195 ΙΠ
522 2156 564 2206 6,
582 2157 607 2195 2

297 2365 322 2403 2
355 2359 494 2404 πάλιν
526 2359 628 2403 Μοι·
665 2361 671 2416 1
710 2361 878 2415 κομιδῆ
910 2359 961 2403 in
991 2375 1038 2403 m
1041 2373 1126 2463 arog
1155 2359 1280 2404 inser
1305 2359 1412 2404 Mo'
1450 2359 1515 2417 Ιτ
1592 2358 1701 2410 τοὺς
1731 2359 1807 2403 La

180 2425 205 2462 3
238 2416 391 2470 τούςδ’
421 2420 603 2464 ΒΙΜΡ
779 2424 806 2462 4
846 2436 900 2476 γρ
924 2435 969 2462 τι
999 2419 1076 2471 δεξ
1107 2435 1247 2474 μενον
1279 2419 1329 2462 in
1352 2431 1486 2476 marg
1518 2376 1617 2462 ocor
1706 2418 1758 2461 τὸ
1791 2432 1867 2461 om

179 2478 302 2522 Fabr
392 2477 644 2534 δεξάμενον
680 2477 784 2521 coni
815 2477 884 2522 Re
941 2480 947 2534 Ι
1004 2477 1269 2522 ἐκάθευδον
1299 2479 1335 2521 Ι
1371 2434 1486 2522 sedg
1481 2480 1520 2521 θ
1551 2477 1601 2520 in
1631 2490 1706 2520 ras
1740 2475 1808 2520 m²

181 2542 207 2580 5
241 2537 386 2593 αὐτὴν
418 2537 542 2580 inser
564 2537 599 2579 I
606 2536 686 2580 'M
695 2536 712 2561 ²
892 2542 918 2581 6
957 2536 1116 2587 αὐτοῖς
1145 2537 1214 2581 Re
1304 2554 1359 2594 γρ
1385 2535 1504 2580 αὐτὰ
1535 2536 1585 2579 in
1607 2550 1741 2609 marg
1763 2536 1799 2579 I
1805 2534 1823 2561 ¹
1857 2535 1860 2575 ἶ

180 2594 576 2663 ὑπολελειμμένον
589 2595 628 2640 G
654 2596 734 2639 sed
765 2598 812 2639 λε
842 2595 971 2652 prius
1004 2609 1230 2653 suprascr.
1255 2597 1284 2651 f
1455 2599 1480 2638 9
1526 2595 1603 2653 ὡς]
1639 2592 1707 2639 ὅτι
1739 2595 1807 2638 Re

183 2659 238 2698 10
270 2656 459 2713 βουλαῖς
490 2654 656 2710 scripsi
687 2655 876 2698 auctore
907 2653 976 2699 Re
1065 2661 1240 2712 ψυχαῖς
1269 2654 1379 2698 libri
1411 2655 1501 2698 edd
1684 2658 1737 2696 12
1781 2649 1866 2698 οὖν

180 2713 304 2758 inser
338 2714 376 2759 Ο
461 2713 549 2770 γὰρ
576 2715 638 2758 Μ
669 2714 734 2769 (et
758 2714 851 2770 Ba)
900 2714 906 2769 Ι
957 2711 1142 2771 ῤὐσσοῖς
1173 2714 1257 2758 VB
1298 2713 1379 2756 sed
1410 2713 1459 2756 in
1489 2713 1578 2757 hoc
1610 2726 1636 2756 σ
1667 2712 1867 2756 alterum

180 2786 406 2829 suprascr.
432 2771 503 2816 ιη’
623 2776 676 2814 13
707 2770 999 2828 ἠσθημέναις
1027 2773 1096 2816 Re
1137 2775 1144 2830 1
1185 2769 1327 2828 ῤἀκία
1357 2772 1481 2817 LaP
1611 2776 1665 2816 14
1696 2771 1867 2820 αὐτοὺς

181 2831 347 2887 scripsi
379 2833 567 2875 auctore
597 2830 667 2874 Re
750 2831 909 2880 αὐτοῖς
939 2832 1115 2887 (αὑτοῖς
1145 2832 1236 2888 La)
1268 2830 1378 2874 libri
1409 2831 1500 2874 edd
1652 2835 1706 2874 15
1738 2833 1865 2875 δοκι-

175 2889 401 2945 μάζοντες
433 2889 537 2933 coni
561 2888 718 2933 Gasda
840 2893 892 2932 17
925 2889 1096 2941 ταύτας
1126 2889 1195 2934 Re
1255 2897 1402 2934 ταῦτα
1432 2889 1542 2933 libri
1572 2889 1676 2933 Mor
1698 2889 1821 2932 Fabr
1854 2887 1861 2945 l

180 2949 336 2992 αὐτῶν
368 2962 423 2992 ex
455 2949 607 2992 αὐτῶν
640 2962 741 2991 corr
764 2947 836 2992 ΡΒ
895 2949 1049 2992 αὐτῶν
1075 2949 1350 2993 MoVLaM
1376 2948 1478 2992 Mor
1500 2947 1623 2991 Fabr
