2054 3140
662 734 1289 804 PRAEFATIO.
1366 793 1369 797 ,

241 883 398 931 Unius
437 886 556 931 anni
594 884 756 946 spatio
796 881 1077 933 intermisso
1113 887 1304 932 tomum
1343 885 1559 948 primum
1599 886 1822 948 sequitur

131 957 371 1006 secundus
412 974 508 1020 quo
549 960 796 1007 orationes
832 959 1031 1006 Libanii
1070 959 1247 1021 quibus
1288 975 1398 1007 cum
1429 960 1623 1008 Iuliano
1662 963 1821 1009 motu-

131 1048 224 1093 que
269 1032 579 1080 Antiocheno
630 1049 708 1080 res
764 1036 838 1082 est
885 1036 1211 1087 continentur.
1292 1034 1449 1082 Tertii
1493 1036 1654 1097 prima
1701 1035 1823 1084 folia

131 1106 282 1169 prelis
323 1108 585 1155 commissa
626 1110 752 1155 sunt.

241 1180 300 1228 In
346 1182 507 1243 primo
554 1183 689 1229 tomo
738 1198 864 1243 quae
905 1180 958 1229 G.
995 1181 1252 1243 Sohund,
1294 1181 1348 1230 Gr.
1382 1183 1566 1243 Fritz,
1613 1183 1675 1230 H.
1708 1200 1821 1232 van

130 1255 510 1316 Herwerden,
547 1256 602 1303 R.
628 1255 837 1304 Asmus
868 1258 975 1304 iure
1007 1257 1289 1318 iniuriaque
1322 1257 1469 1305 aliter
1500 1257 1647 1306 scribi
1678 1258 1820 1305 insti-

130 1330 270 1378 tuive
308 1331 586 1390 voluerunt,
626 1331 699 1378 de*
722 1332 785 1378 iis
818 1331 1106 1392 disputandi
1146 1332 1276 1379 alius
1310 1333 1404 1379 erit
1434 1332 1585 1380 locus.
1655 1331 1821 1379 Unum

130 1419 246 1452 vero
300 1406 401 1451 iam
455 1419 585 1452 nunc
637 1407 753 1467 peto
804 1408 863 1452 ut
910 1407 1191 1468 corrigatur
1243 1407 1501 1467 peccatum
1556 1406 1707 1467 quod,
1762 1408 1822 1453 ut

131 1478 227 1526 Ed.
263 1477 531 1540 Schnepp
581 1479 718 1526 cand.
743 1473 1332 1543 phil.*Argentoratensis
1372 1482 1587 1540 monuit,
1634 1481 1690 1527 in
1735 1496 1820 1541 ap-

130 1554 360 1613 paratum
414 1554 642 1600 criticum
694 1554 908 1615 irrepsit.
985 1554 1102 1616 Pag.
1140 1555 1243 1602 154
1295 1555 1380 1601 lin.
1423 1555 1453 1601 3
1510 1553 1820 1602 scribendum

133 1628 260 1673 erat:
299 1624 456 1692 ἕτερος
493 1625 635 1675 ΑΟΡ
662 1627 754 1674 edd
831 1643 912 1675 orn
942 1629 1004 1675 B.

243 1699 300 1746 In
345 1701 438 1748 hoc
483 1717 599 1748 vero
646 1703 781 1748 tomo
830 1717 956 1763 quae
1002 1703 1082 1749 vel
1130 1701 1355 1749 addenda
1402 1703 1483 1750 vel
1529 1701 1821 1765 corrigenda

132 1774 253 1820 mihi
291 1775 399 1821 visa
440 1777 554 1821 sunt
593 1775 818 1836 sequenti
856 1775 1069 1839 paginae
1097 1775 1305 1823 tradidi.

244 1892 436 1940 Dabam
475 1892 808 1942 Vratislaviae
848 1895 1012 1943 idibus
1052 1895 1195 1942 Iuliis
1235 1895 1352 1942 anni
1391 1894 1622 1943 MGMIV.

1067 2037 1401 2091 Richardus
1440 2037 1741 2092 Foerster.
