2060 3162
669 157 897 200 LIBANH
929 156 1154 201 ORATIO
1186 157 1314 202 xvn
1716 159 1828 212 213

137 297 298 366 πείρᾳ
368 291 758 361 δεικνυμένων.
859 292 940 344 16.
1010 294 1270 359 βασιλεὺς
1338 291 1590 361 ἐξέπληξε
1660 297 1827 362 λόγου

137 391 322 454 γραφῇ
372 380 497 452 περὶ
547 383 840 450 Βόσπορον
886 381 1064 451 ἄνδρα
1117 382 1215 434 τὸν
1260 381 1371 434 ὑπὸ
1428 381 1670 451 ἀμαθίας
1725 384 1829 453 φά-

138 488 340 527 σκοντα
379 470 622 540 Διογένη
661 475 949 539 μιμεῖσθαι
988 471 1087 523 τὸν
1141 470 1199 523 ἐκ
1239 472 1524 540 Σινώπης,
1580 473 1712 525 ὄντα
1767 470 1829 525 δὲ

137 564 282 631 πλὴν
321 561 598 623 ἀναιδείας
638 559 820 613 οὐδέν.
897 561 1156 628 βασιλεὺς
1204 558 1495 612 ἐπέσταλκε
1543 562 1650 612 σὺν
1697 560 1831 630 ἄμη-

138 652 284 724 χάνω
324 651 510 704 κάλλει
542 650 632 703 καὶ
664 649 1064 721 περιιστάμεθα
1094 649 1190 711 τὰς
1222 647 1523 711 ἐπιστολάς.
1605 650 1687 702 17.
1728 670 1830 719 χω-
1878 673 1896 705 5
1980 703 1986 709 ,

137 751 222 812 ρεῖ
274 743 421 811 παρὰ
485 742 491 811 Ι
556 743 656 810 τὴν
710 739 915 811 μητέρα
968 749 1080 793 τῶν
1134 745 1286 793 θεῶν
1341 741 1418 801 εἰς
1462 741 1730 809 Φρυγίαν.
1770 752 1919 799 R513

137 833 322 884 ἔπειτα
361 830 472 884 ἐκεῖ
510 851 563 884 τι
602 829 732 900 παρ’
772 831 939 899 αὐτῆς
978 829 1218 892 ἀκούσας
1257 828 1545 898 ἐπείγεται.
1624 825 1739 881 εἶτα
1773 828 1832 881 ἐκ

137 923 393 983 Κιλικίας
441 925 609 990 σχολῇ
663 921 954 988 πορεύεται
1003 921 1210 972 δοκοῦν
1262 919 1353 971 καὶ
1400 925 1563 970 τοῦτο
1612 923 1685 989 τῷ
1718 919 1832 970 Διί.

138 1007 268 1079 ἧκεν
308 1011 387 1072 εἰς
425 1010 526 1077 τὴν
564 1009 807 1078 μεγάλην
839 1010 941 1077 τὴν
972 1007 1259 1077 Ἀντιόχου
1300 1009 1466 1060 πόλιν
1497 1007 1530 1075 ἢ
1562 1007 1610 1059 εἰ
1640 1006 1833 1074 βούλει

139 1118 223 1167 γε,
263 1097 619 1167 Ἀλεξάνδρου
667 1105 766 1150 τοῦ
816 1100 986 1167 φίλου
1034 1116 1092 1149 τε
1140 1096 1288 1168 αὐτῷ
1336 1096 1426 1148 καὶ
1474 1095 1575 1148 οὐκ
1634 1094 1832 1157 ἐῶντος
1858 1121 1900 1152 10

138 1187 453 1255 καθεύδειν,
494 1188 676 1255 ὥσπερ
719 1187 788 1255 δή
827 1206 951 1239 τινα
991 1186 1298 1255 στρατηγὸν
1339 1185 1638 1253 στρατηγὸς
1679 1182 1833 1252 Ἀθη-

140 1284 293 1338 ναῖος
330 1274 639 1344 Ἀθηναῖον.
720 1275 803 1327 18.
859 1270 926 1327 οὗ
976 1275 1042 1342 δὴ
1094 1277 1288 1343 μυρίαι
1335 1270 1436 1342 μὲν
1488 1274 1834 1341 δικαζόμεναι

140 1366 307 1432 δίκαι,
346 1368 570 1416 πολλῶν
605 1361 665 1416 δὲ
696 1363 883 1425 θέσεις
914 1365 1116 1431 νόμων,
1155 1364 1390 1430 βιβλίων
1421 1359 1482 1414 δὲ
1514 1359 1835 1430 συγγραφαὶ

139 1453 508 1521 βοηθούντων
556 1457 730 1520 θεοῖς,
783 1452 979 1521 δρόμοι
1031 1448 1092 1504 δὲ
1142 1453 1220 1514 εἰς
1270 1450 1465 1519 τεμένη
1511 1451 1578 1502 τὰ
1623 1447 1724 1518 μὲν
1775 1449 1835 1502 ἐν

139 1549 203 1611 τῇ
250 1543 433 1608 πόλει,
487 1542 553 1592 τὰ
600 1540 660 1593 δὲ
705 1541 811 1609 πρὸ
862 1540 1028 1608 αὐτῆς
1082 1539 1143 1592 ἐν
1196 1541 1489 1607 γηλόφοις,
1544 1539 1609 1590 τὰ
1661 1535 1722 1590 δὲ
1774 1537 1835 1590 ἐν
1859 1561 1902 1594 15

142 1631 331 1698 ἄκροις
364 1631 529 1699 ὄρεσι.
598 1627 689 1681 καὶ
712 1625 891 1681 ὀὐδὲν
923 1628 1065 1681 οὕτω
1099 1628 1338 1697 χαλεπὸν
1371 1623 1505 1680 οὐδὲ
1537 1627 1836 1695 δύσβατον,

143 1719 171 1771 ὃ
212 1720 284 1786 μὴ
335 1722 486 1770 λεῖον
532 1716 710 1771 ἐδόκει
761 1718 904 1770 νεὼν
943 1714 1071 1786 ἔχον
1110 1716 1143 1785 ἢ
1181 1718 1455 1785 πρότερόν
1493 1735 1555 1783 γε
1595 1714 1835 1783 ἐσχηκός.

263 1891 284 1928 1
334 1885 499 1929 Iulian.
526 1898 589 1928 or.
617 1884 735 1941 (VII)
775 1884 892 1939 πρὸς
923 1881 1197 1939 “Ηράκλειον
1240 1883 1435 1928 κυνικὸν
1474 1883 1580 1938 περὶ
1618 1890 1701 1927 τοῦ
1740 1890 1837 1933 πῶς

142 1942 383 1989 κυνιστέον
408 1960 451 2000 p.
470 1948 630 1999 204sq.
680 1943 859 1999 Eunap.
878 1943 1014 1987 fr.18.
1042 1942 1098 1986 cf.
1118 1957 1181 1986 or.
1200 1942 1349 1986 XVIII
1375 1947 1399 1995 ἓ
1421 1947 1501 1985 157
1529 1957 1572 1998 p.
1590 1946 1756 1996 304‚17
1769 1956 1834 1998 sq.

205 2010 255 2047 11
291 2003 412 2046 Plut.
438 2003 597 2047 Them.
626 2008 665 2056 3,
693 2007 717 2046 3
849 2007 903 2046 13
938 2001 994 2046 cf.
1022 2016 1084 2045 or.
1111 2001 1261 2045 XVIII
1291 2017 1336 2058 p.
1364 2006 1463 2055 581,
1484 2006 1536 2044 17
1550 2015 1614 2057 sq.
1634 2002 1687 2045 R.
1750 2001 1838 2048 Iul,

142 2077 213 2120 ep.
242 2067 309 2106 79.
373 2062 581 2121 Theoph.
609 2062 765 2108 chron.
791 2062 811 2105 I
843 2077 887 2118 p.
915 2066 984 2115 52,
1003 2066 1107 2116 4sq.
1142 2061 1212 2104 ed.
1248 2061 1305 2104 de
1337 2060 1470 2106 Boor.

264 2235 316 2273 11
371 2231 678 2286 Θεμιστοκλῆς
725 2229 749 2274 ὁ
793 2229 1051 2281 Νεοκλέους
1092 2228 1317 2287 ῥαθύμως
1358 2230 1410 2274 τὸ
1458 2235 1643 2284 πρῶτον
1690 2230 1847 2287 βιούς,

146 2288 305 2345 ἐπειδὴ
329 2291 562 2345 Περικλῆν
596 2286 690 2334 εἶδε
722 2289 806 2346 τὴν
839 2290 889 2334 ἐν
914 2293 1190 2346 Μαραθῶνι
1222 2288 1373 2348 μάχην
1398 2287 1690 2345 νενικηκότα,
1722 2291 1834 2344 λαμ-

144 2354 269 2400 πρῶς
305 2364 352 2392 τε
385 2347 612 2405 διηγέρθη
651 2349 731 2392 καὶ
772 2346 876 2407 βίον
909 2352 1170 2394 σπουδαῖον
1203 2348 1451 2406 ἀναλαβὼν
1483 2346 1758 2404 θαυμαστός
1786 2363 1835 2393 τε

144 2404 302 2462 γέγονε
334 2407 413 2450 καὶ
443 2407 528 2464 τὴν
559 2409 793 2464 Σαλαμῖνι
825 2406 1091 2465 ναυμαχίαν
1123 2405 1366 2464 νενίκηκεν
1399 2406 1607 2451 P²I²B²

266 2567 286 2604 1
339 2561 551 2620 ἐξέπληξε
589 2564 691 2607 Mor
767 2581 820 2620 γρ
849 2564 1069 2621 ἐπέπληξε
1116 2565 1164 2607 in
1203 2578 1338 2620 marg
1518 2567 1542 2605 2
1591 2561 1672 2606 ὑπ’
1709 2562 1779 2606 Re

147 2623 172 2689 ζ)
208 2621 367 2663 καὶ-
394 2622 634 2674 ἐπιστολάς
666 2623 830 2666 citaviss
859 2623 1020 2667 Thom.
1047 2623 1108 2666 M.
1141 2638 1184 2679 p.
1213 2627 1313 2676 311,
1335 2627 1387 2664 12
1422 2621 1482 2678 μὴ
1515 2620 1648 2679 εἴπῃς
1678 2636 1841 2675 περι-

149 2691 381 2734 ισταμαι
427 2681 522 2724 τὸν
555 2682 738 2726 δεῖνα·
786 2689 886 2732 πῶς
917 2682 1004 2738 γὰρ
1038 2679 1096 2725 ἂν
1122 2681 1146 2725 ὁ
1180 2679 1246 2732 εἷς
1275 2698 1380 2725 τινα
1412 2678 1678 2735 περισταίη,
1721 2679 1841 2722 ἀλλὰ·

148 2738 580 2795 περιιστάμεθα.
642 2740 868 2798 Αιβάνιος
900 2741 948 2785 ἐν
981 2741 1213 2798 ἐπιστολῇ·
1249 2740 1344 2783 καὶ
1375 2742 1467 2782 κτλ.
1539 2766 1542 2767 ⁷
1607 2743 1630 2781 7
1663 2736 1707 2781 τί
1741 2739 1784 2782 V

148 2796 173 2834 8
206 2795 284 2838 καὶ
308 2809 383 2839 om
406 2797 508 2841 Mor
532 2798 613 2841 sed
638 2815 692 2855 γρ
717 2799 797 2842 καὶ
821 2799 870 2842 in
894 2813 1029 2857 marg
1150 2803 1203 2842 13
1228 2799 1275 2842 τὲ
1301 2800 1346 2843 Ρ
1368 2798 1450 2842 sed
1476 2797 1526 2842 δὲ
1544 2799 1605 2853 (2)
1623 2810 1838 2852 suprascr

147 2851 229 2906 ωδ,
263 2855 406 2899 ΜΜο
430 2856 522 2899 edd
646 2862 700 2900 14
731 2873 778 2900 τε
811 2858 856 2901 Ρ
885 2858 967 2901 sed
999 2857 1051 2902 δὲ
1083 2871 1299 2914 suprascr
1328 2857 1411 2910 ωδ,
1445 2856 1535 2899 edd
1659 2860 1712 2899 15
1744 2855 1835 2910 πρὸ

149 2910 290 2966 αὐτῆς
321 2925 395 2956 om
419 2915 465 2958 P
485 2914 587 2958 Mor
644 2915 650 2972 Ι
708 2912 755 2959 δ’
783 2915 851 2958 Re
996 2921 1050 2959 16
1085 2916 1213 2974 οὐδὲ]
1246 2933 1301 2973 γρ
1327 2916 1404 2959 καὶ
1438 2915 1487 2957 in
1510 2927 1644 2970 marg
1676 2913 1778 2956 Mor

151 2971 204 3010 17
237 2970 354 3014 νεὼν
385 2971 434 3014 in
464 2985 540 3016 ras
571 2973 644 3017 Ρ8
671 2974 677 3031 Ι
705 2971 748 3031 γ’
780 2975 1016 3019 AUIBM
