<?xml version="1.0" encoding="UTF-8"?>
<!DOCTYPE html PUBLIC "-//W3C//DTD XHTML 1.0 Transitional//EN"
    "http://www.w3.org/TR/xhtml1/DTD/xhtml1-transitional.dtd">
<html xmlns="http://www.w3.org/1999/xhtml" xml:lang="en" lang="en">
 <head>
  <title>
</title>
<meta http-equiv="Content-Type" content="text/html;charset=utf-8" />
  <meta name='ocr-system' content='tesseract 3.04.00' />
  <meta name='ocr-capabilities' content='ocr_page ocr_carea ocr_par ocr_line ocrx_word'/>
</head>
<body>
  <div class='ocr_page' id='page_1' title='image "./operarecensuitri02libauoft_0460.png"; bbox 0 0 2060 3162; ppageno 0'>
   <div class='ocr_carea' id='block_1_1' title="bbox 211 146 1370 201">
    <p class='ocr_par' dir='ltr' id='par_1_1' title="bbox 211 146 1370 201">
     <span class='ocr_line' id='line_1_1' title="bbox 211 146 1370 201; baseline -0.003 -7"><span class='ocrx_word' id='word_1_1' title='bbox 211 147 321 201; x_wconf 81' lang='grc'><em>450</em></span> <span class='ocrx_word' id='word_1_2' title='bbox 746 147 974 191; x_wconf 83' lang='lat' dir='ltr'><strong>LIBANII</strong></span> <span class='ocrx_word' id='word_1_3' title='bbox 1007 146 1232 191; x_wconf 85' lang='lat' dir='ltr'><strong>ORATIO</strong></span> <span class='ocrx_word' id='word_1_4' title='bbox 1264 147 1370 191; x_wconf 88' lang='lat' dir='ltr'><em>XXI</em></span> 
     </span>
    </p>
   </div>
   <div class='ocr_carea' id='block_1_2' title="bbox 121 281 1904 2220">
    <p class='ocr_par' dir='ltr' id='par_1_2' title="bbox 121 281 1904 2220">
     <span class='ocr_line' id='line_1_2' title="bbox 212 281 1903 354; baseline 0.001 -17"><span class='ocrx_word' id='word_1_5' title='bbox 212 284 364 353; x_wconf 81' lang='grc' dir='ltr'><strong><em>ἐμαῖς</em></strong></span> <span class='ocrx_word' id='word_1_6' title='bbox 403 285 463 337; x_wconf 90' lang='grc' dir='ltr'><em>τὸ</em></span> <span class='ocrx_word' id='word_1_7' title='bbox 506 285 677 350; x_wconf 88' lang='grc' dir='ltr'><em>λόγον</em></span> <span class='ocrx_word' id='word_1_8' title='bbox 716 286 943 336; x_wconf 82' lang='grc' dir='ltr'><em>ἔσεσθαι</em></span> <span class='ocrx_word' id='word_1_9' title='bbox 981 281 1108 351; x_wconf 86' lang='grc' dir='ltr'><em>παρ’</em></span> <span class='ocrx_word' id='word_1_10' title='bbox 1141 282 1275 350; x_wconf 82' lang='grc' dir='ltr'><em>ἐμοῦ</em></span> <span class='ocrx_word' id='word_1_11' title='bbox 1314 293 1430 347; x_wconf 89' lang='grc' dir='ltr'><em>τοῖς</em></span> <span class='ocrx_word' id='word_1_12' title='bbox 1468 285 1748 354; x_wconf 76' lang='grc' dir='ltr'><em>πράγμασι</em></span> <span class='ocrx_word' id='word_1_13' title='bbox 1786 303 1903 339; x_wconf 84' lang='grc' dir='ltr'><em>πει-</em></span> 
     </span>
     <span class='ocr_line' id='line_1_3' title="bbox 213 367 1904 442; baseline 0.001 -17"><span class='ocrx_word' id='word_1_14' title='bbox 213 375 462 442; x_wconf 84' lang='grc' dir='ltr'><em>ρώμενον</em></span> <span class='ocrx_word' id='word_1_15' title='bbox 507 371 599 424; x_wconf 85' lang='grc' dir='ltr'><em>καὶ</em></span> <span class='ocrx_word' id='word_1_16' title='bbox 638 375 768 434; x_wconf 87' lang='grc' dir='ltr'><em>τοὺς</em></span> <span class='ocrx_word' id='word_1_17' title='bbox 814 371 1112 439; x_wconf 79' lang='grc' dir='ltr'><strong><em>ἐσομένους</em></strong></span> <span class='ocrx_word' id='word_1_18' title='bbox 1160 373 1460 441; x_wconf 78' lang='grc' dir='ltr'><em>διδάσκειν,</em></span> <span class='ocrx_word' id='word_1_19' title='bbox 1509 367 1626 436; x_wconf 83' lang='grc' dir='ltr'><em>οἷος</em></span> <span class='ocrx_word' id='word_1_20' title='bbox 1671 374 1803 442; x_wconf 79' lang='grc' dir='ltr'><em>ἡμῖν</em></span> <span class='ocrx_word' id='word_1_21' title='bbox 1842 374 1904 428; x_wconf 83' lang='grc' dir='ltr'><em>ἐν</em></span> 
     </span>
     <span class='ocr_line' id='line_1_4' title="bbox 212 459 1904 534; baseline 0.001 -20"><span class='ocrx_word' id='word_1_22' title='bbox 212 463 310 533; x_wconf 79' lang='grc' dir='ltr'><em>οἴῳ</em></span> <span class='ocrx_word' id='word_1_23' title='bbox 350 468 522 534; x_wconf 79' lang='grc' dir='ltr'><em>καιρῷ</em></span> <span class='ocrx_word' id='word_1_24' title='bbox 558 460 862 529; x_wconf 77' lang='grc' dir='ltr'><em>γεγένησαι.</em></span> <span class='ocrx_word' id='word_1_25' title='bbox 939 463 1248 529; x_wconf 82' lang='grc' dir='ltr'><strong><em>βουλοίμην</em></strong></span> <span class='ocrx_word' id='word_1_26' title='bbox 1298 459 1347 514; x_wconf 87' lang='grc' dir='ltr'><em>δ’</em></span> <span class='ocrx_word' id='word_1_27' title='bbox 1379 460 1449 514; x_wconf 76' lang='grc' dir='ltr'><em>ἂν</em></span> <span class='ocrx_word' id='word_1_28' title='bbox 1488 463 1663 515; x_wconf 84' lang='grc' dir='ltr'><em>εἰπεῖν</em></span> <span class='ocrx_word' id='word_1_29' title='bbox 1701 482 1754 515; x_wconf 93' lang='grc' dir='ltr'><em>τι</em></span> <span class='ocrx_word' id='word_1_30' title='bbox 1791 472 1904 516; x_wconf 83' lang='grc' dir='ltr'><em>τῶν</em></span> 
     </span>
     <span class='ocr_line' id='line_1_5' title="bbox 211 549 1903 618; baseline 0.002 -16"><span class='ocrx_word' id='word_1_31' title='bbox 211 549 612 616; x_wconf 80' lang='grc' dir='ltr'><em>τετελεσμένων</em></span> <span class='ocrx_word' id='word_1_32' title='bbox 670 549 829 613; x_wconf 79' lang='grc' dir='ltr'><em>ἄξιον</em></span> <span class='ocrx_word' id='word_1_33' title='bbox 889 550 978 602; x_wconf 83' lang='grc' dir='ltr'><em>καὶ</em></span> <span class='ocrx_word' id='word_1_34' title='bbox 1042 551 1285 618; x_wconf 87' lang='grc' dir='ltr'><em>δύναμιν</em></span> <span class='ocrx_word' id='word_1_35' title='bbox 1345 551 1621 618; x_wconf 80' lang='grc' dir='ltr'><em>τοσαύτην</em></span> <span class='ocrx_word' id='word_1_36' title='bbox 1675 552 1752 614; x_wconf 87' lang='grc' dir='ltr'><em>εἰς</em></span> <span class='ocrx_word' id='word_1_37' title='bbox 1804 553 1903 605; x_wconf 90' lang='grc' dir='ltr'><em>τὸν</em></span> 
     </span>
     <span class='ocr_line' id='line_1_6' title="bbox 167 639 1903 710; baseline 0.001 -18"><span class='ocrx_word' id='word_1_38' title='bbox 167 659 187 692; x_wconf 85' lang='lat'><strong>5</strong></span> <span class='ocrx_word' id='word_1_39' title='bbox 213 641 383 706; x_wconf 87' lang='grc' dir='ltr'><em>λόγον</em></span> <span class='ocrx_word' id='word_1_40' title='bbox 450 640 599 708; x_wconf 80' lang='grc' dir='ltr'><em>παρὰ</em></span> <span class='ocrx_word' id='word_1_41' title='bbox 658 648 770 691; x_wconf 83' lang='grc' dir='ltr'><em>τῶν</em></span> <span class='ocrx_word' id='word_1_42' title='bbox 833 642 1083 691; x_wconf 84' lang='grc' dir='ltr'><em>Μουσῶν</em></span> <span class='ocrx_word' id='word_1_43' title='bbox 1151 640 1358 708; x_wconf 79' lang='grc' dir='ltr'><em>λαβεῖν,</em></span> <span class='ocrx_word' id='word_1_44' title='bbox 1429 639 1667 710; x_wconf 84' lang='grc' dir='ltr'><em>ὅσηνπερ</em></span> <span class='ocrx_word' id='word_1_45' title='bbox 1738 640 1903 703; x_wconf 85' lang='grc' dir='ltr'><em>αὐτὸς</em></span> 
     </span>
     <span class='ocr_line' id='line_1_7' title="bbox 121 726 1902 797; baseline 0 -15"><span class='ocrx_word' id='word_1_46' title='bbox 121 739 268 783; x_wconf 82' lang='lat' dir='ltr'>R679</span> <span class='ocrx_word' id='word_1_47' title='bbox 309 726 540 797; x_wconf 81' lang='grc' dir='ltr'><em>ἔσχηκας</em></span> <span class='ocrx_word' id='word_1_48' title='bbox 599 728 604 796; x_wconf 92' lang='grc' dir='ltr'>Ι</span> <span class='ocrx_word' id='word_1_49' title='bbox 662 728 738 790; x_wconf 85' lang='grc' dir='ltr'><em>εἰς</em></span> <span class='ocrx_word' id='word_1_50' title='bbox 775 729 836 780; x_wconf 92' lang='grc' dir='ltr'><em>τὸ</em></span> <span class='ocrx_word' id='word_1_51' title='bbox 877 737 1178 796; x_wconf 86' lang='grc' dir='ltr'><em>περισῶσαι</em></span> <span class='ocrx_word' id='word_1_52' title='bbox 1224 729 1325 796; x_wconf 83' lang='grc' dir='ltr'><em>τὴν</em></span> <span class='ocrx_word' id='word_1_53' title='bbox 1370 730 1547 781; x_wconf 90' lang='grc' dir='ltr'><em>πόλιν.</em></span> <span class='ocrx_word' id='word_1_54' title='bbox 1626 729 1673 781; x_wconf 81' lang='grc'><em>2.</em></span> <span class='ocrx_word' id='word_1_55' title='bbox 1731 729 1759 782; x_wconf 88' lang='grc' dir='ltr'>ὁ</span> <span class='ocrx_word' id='word_1_56' title='bbox 1800 729 1902 797; x_wconf 80' lang='grc' dir='ltr'><em>μὲν</em></span> 
     </span>
     <span class='ocr_line' id='line_1_8' title="bbox 211 809 1901 888; baseline 0.001 -20"><span class='ocrx_word' id='word_1_57' title='bbox 211 812 316 869; x_wconf 83' lang='grc' dir='ltr'><em>οὖν</em></span> <span class='ocrx_word' id='word_1_58' title='bbox 354 818 533 885; x_wconf 79' lang='grc' dir='ltr'><em>ὄχλος,</em></span> <span class='ocrx_word' id='word_1_59' title='bbox 575 816 635 869; x_wconf 82' lang='grc' dir='ltr'><em>ἐν</em></span> <span class='ocrx_word' id='word_1_60' title='bbox 674 809 715 888; x_wconf 74' lang='grc' dir='ltr'><em>ᾧ</em></span> <span class='ocrx_word' id='word_1_61' title='bbox 747 817 943 869; x_wconf 82' lang='grc' dir='ltr'><em>πολλοὶ</em></span> <span class='ocrx_word' id='word_1_62' title='bbox 983 816 1084 883; x_wconf 80' lang='grc' dir='ltr'><em>μὲν</em></span> <span class='ocrx_word' id='word_1_63' title='bbox 1117 816 1333 886; x_wconf 79' lang='grc' dir='ltr'><em>ἄνδρες,</em></span> <span class='ocrx_word' id='word_1_64' title='bbox 1370 817 1570 870; x_wconf 84' lang='grc' dir='ltr'><em>πολλαὶ</em></span> <span class='ocrx_word' id='word_1_65' title='bbox 1610 814 1671 870; x_wconf 75' lang='grc' dir='ltr'><em>δὲ</em></span> <span class='ocrx_word' id='word_1_66' title='bbox 1710 827 1901 884; x_wconf 80' lang='grc' dir='ltr'><em>γυναῖ-</em></span> 
     </span>
     <span class='ocr_line' id='line_1_9' title="bbox 210 895 1901 976; baseline 0.001 -19"><span class='ocrx_word' id='word_1_67' title='bbox 210 925 314 974; x_wconf 91' lang='grc' dir='ltr'><em>κες,</em></span> <span class='ocrx_word' id='word_1_68' title='bbox 354 906 530 973; x_wconf 89' lang='grc' dir='ltr'><em>πολλὴ</em></span> <span class='ocrx_word' id='word_1_69' title='bbox 571 902 631 957; x_wconf 76' lang='grc' dir='ltr'><em>δὲ</em></span> <span class='ocrx_word' id='word_1_70' title='bbox 671 908 878 973; x_wconf 92' lang='grc' dir='ltr'><em>νεότης,</em></span> <span class='ocrx_word' id='word_1_71' title='bbox 917 907 1060 957; x_wconf 88' lang='grc' dir='ltr'><em>πολὺ</em></span> <span class='ocrx_word' id='word_1_72' title='bbox 1103 902 1163 958; x_wconf 75' lang='grc' dir='ltr'><em>δὲ</em></span> <span class='ocrx_word' id='word_1_73' title='bbox 1203 895 1388 976; x_wconf 80' lang='grc' dir='ltr'><em>γῆρας,</em></span> <span class='ocrx_word' id='word_1_74' title='bbox 1429 903 1525 974; x_wconf 82' lang='grc' dir='ltr'><em>ἀφ’</em></span> <span class='ocrx_word' id='word_1_75' title='bbox 1559 900 1730 975; x_wconf 86' lang='grc' dir='ltr'><em>οὗπερ</em></span> <span class='ocrx_word' id='word_1_76' title='bbox 1770 909 1901 975; x_wconf 93' lang='grc' dir='ltr'><em>πρό-</em></span> 
     </span>
     <span class='ocr_line' id='line_1_10' title="bbox 210 993 1902 1064; baseline 0.001 -18"><span class='ocrx_word' id='word_1_77' title='bbox 210 1013 372 1064; x_wconf 88' lang='grc' dir='ltr'><em>τερον</em></span> <span class='ocrx_word' id='word_1_78' title='bbox 411 993 703 1047; x_wconf 83' lang='grc' dir='ltr'><em>ἐποιοῦντο</em></span> <span class='ocrx_word' id='word_1_79' title='bbox 743 998 949 1063; x_wconf 82' lang='grc' dir='ltr'><strong><em>χωρίου</em></strong></span> <span class='ocrx_word' id='word_1_80' title='bbox 991 995 1085 1056; x_wconf 80' lang='grc' dir='ltr'><em>τὰς</em></span> <span class='ocrx_word' id='word_1_81' title='bbox 1127 995 1371 1062; x_wconf 79' lang='grc' dir='ltr'><em>ἱκετείας,</em></span> <span class='ocrx_word' id='word_1_82' title='bbox 1411 994 1514 1047; x_wconf 79' lang='grc' dir='ltr'><em>ἀπὸ</em></span> <span class='ocrx_word' id='word_1_83' title='bbox 1553 996 1754 1048; x_wconf 90' lang='grc' dir='ltr'><em>τούτου</em></span> <span class='ocrx_word' id='word_1_84' title='bbox 1794 1003 1902 1048; x_wconf 82' lang='grc' dir='ltr'><em>νῦν</em></span> 
     </span>
     <span class='ocr_line' id='line_1_11' title="bbox 144 1079 1901 1152; baseline 0 -16"><span class='ocrx_word' id='word_1_85' title='bbox 144 1105 186 1136; x_wconf 91' lang='lat'><em>10</em></span> <span class='ocrx_word' id='word_1_86' title='bbox 210 1081 300 1135; x_wconf 86' lang='grc' dir='ltr'><em>καὶ</em></span> <span class='ocrx_word' id='word_1_87' title='bbox 340 1083 436 1145; x_wconf 79' lang='grc' dir='ltr'><em>τὰς</em></span> <span class='ocrx_word' id='word_1_88' title='bbox 474 1081 560 1135; x_wconf 81' lang='grc' dir='ltr'><em>ἐπὶ</em></span> <span class='ocrx_word' id='word_1_89' title='bbox 601 1092 715 1146; x_wconf 89' lang='grc' dir='ltr'><em>τοῖς</em></span> <span class='ocrx_word' id='word_1_90' title='bbox 755 1082 1075 1152; x_wconf 78' lang='grc' dir='ltr'><em>δεδομένοις</em></span> <span class='ocrx_word' id='word_1_91' title='bbox 1121 1084 1405 1152; x_wconf 84' lang='grc' dir='ltr'><em>εὐφημίας.</em></span> <span class='ocrx_word' id='word_1_92' title='bbox 1483 1083 1547 1146; x_wconf 74' lang='grc' dir='ltr'><em>ἃς</em></span> <span class='ocrx_word' id='word_1_93' title='bbox 1591 1079 1662 1151; x_wconf 77' lang='grc' dir='ltr'><em>ἦν</em></span> <span class='ocrx_word' id='word_1_94' title='bbox 1699 1083 1800 1152; x_wconf 90' lang='grc' dir='ltr'><em>μέν</em></span> <span class='ocrx_word' id='word_1_95' title='bbox 1840 1098 1901 1136; x_wconf 87' lang='grc' dir='ltr'><em>σε</em></span> 
     </span>
     <span class='ocr_line' id='line_1_12' title="bbox 209 1171 1902 1241; baseline 0.001 -17"><span class='ocrx_word' id='word_1_96' title='bbox 209 1172 436 1225; x_wconf 89' lang='grc' dir='ltr'><em>κάλλιον</em></span> <span class='ocrx_word' id='word_1_97' title='bbox 489 1173 734 1241; x_wconf 90' lang='grc' dir='ltr'><em>παρόντα</em></span> <span class='ocrx_word' id='word_1_98' title='bbox 789 1171 1048 1241; x_wconf 87' lang='grc' dir='ltr'><em>δέχεσθαι</em></span> <span class='ocrx_word' id='word_1_99' title='bbox 1104 1173 1236 1239; x_wconf 80' lang='grc' dir='ltr'><em>μετὰ</em></span> <span class='ocrx_word' id='word_1_100' title='bbox 1289 1181 1384 1241; x_wconf 81' lang='grc' dir='ltr'><em>τῆς</em></span> <span class='ocrx_word' id='word_1_101' title='bbox 1439 1181 1629 1241; x_wconf 83' lang='grc' dir='ltr'><em>φωνῆς</em></span> <span class='ocrx_word' id='word_1_102' title='bbox 1687 1173 1902 1240; x_wconf 85' lang='grc' dir='ltr'><em>ὁρῶντα</em></span> 
     </span>
     <span class='ocr_line' id='line_1_13' title="bbox 208 1258 1899 1331; baseline 0.001 -18"><span class='ocrx_word' id='word_1_103' title='bbox 208 1261 299 1313; x_wconf 86' lang='grc' dir='ltr'><em>καὶ</em></span> <span class='ocrx_word' id='word_1_104' title='bbox 359 1261 461 1328; x_wconf 87' lang='grc' dir='ltr'><em>τὴν</em></span> <span class='ocrx_word' id='word_1_105' title='bbox 510 1270 624 1313; x_wconf 86' lang='grc' dir='ltr'><em>τῶν</em></span> <span class='ocrx_word' id='word_1_106' title='bbox 678 1261 944 1330; x_wconf 90' lang='grc' dir='ltr'><em>σωμάτων</em></span> <span class='ocrx_word' id='word_1_107' title='bbox 997 1263 1236 1329; x_wconf 90' lang='grc' dir='ltr'><em>κίνησιν,</em></span> <span class='ocrx_word' id='word_1_108' title='bbox 1300 1268 1468 1331; x_wconf 81' lang='grc' dir='ltr'><em>φοιτᾷ</em></span> <span class='ocrx_word' id='word_1_109' title='bbox 1529 1258 1590 1314; x_wconf 77' lang='grc' dir='ltr'><em>δὲ</em></span> <span class='ocrx_word' id='word_1_110' title='bbox 1648 1266 1778 1323; x_wconf 79' lang='grc' dir='ltr'><em>ἴσως</em></span> <span class='ocrx_word' id='word_1_111' title='bbox 1832 1262 1899 1315; x_wconf 84' lang='grc' dir='ltr'><em>οὐ</em></span> 
     </span>
     <span class='ocr_line' id='line_1_14' title="bbox 208 1347 1900 1419; baseline 0.002 -18"><span class='ocrx_word' id='word_1_112' title='bbox 208 1351 405 1419; x_wconf 87' lang='grc' dir='ltr'><em>μικρόν</em></span> <span class='ocrx_word' id='word_1_113' title='bbox 442 1369 495 1402; x_wconf 90' lang='grc' dir='ltr'><em>τι</em></span> <span class='ocrx_word' id='word_1_114' title='bbox 536 1361 626 1402; x_wconf 92' lang='grc' dir='ltr'><em>σοι</em></span> <span class='ocrx_word' id='word_1_115' title='bbox 664 1349 754 1402; x_wconf 79' lang='grc' dir='ltr'><em>καὶ</em></span> <span class='ocrx_word' id='word_1_116' title='bbox 795 1351 887 1403; x_wconf 83' lang='grc' dir='ltr'><em>διὰ</em></span> <span class='ocrx_word' id='word_1_117' title='bbox 917 1359 1030 1402; x_wconf 82' lang='grc' dir='ltr'><em>τῶν</em></span> <span class='ocrx_word' id='word_1_118' title='bbox 1062 1349 1325 1418; x_wconf 81' lang='grc' dir='ltr'><em>ἀγγέλων.</em></span> <span class='ocrx_word' id='word_1_119' title='bbox 1404 1350 1451 1402; x_wconf 83' lang='grc'><em>3.</em></span> <span class='ocrx_word' id='word_1_120' title='bbox 1493 1348 1598 1418; x_wconf 78' lang='grc' dir='ltr'><em>ἐγὼ</em></span> <span class='ocrx_word' id='word_1_121' title='bbox 1634 1347 1694 1402; x_wconf 74' lang='grc' dir='ltr'><em>δὲ</em></span> <span class='ocrx_word' id='word_1_122' title='bbox 1725 1370 1900 1404; x_wconf 85' lang='grc' dir='ltr'><em>κεκοι-</em></span> 
     </span>
     <span class='ocr_line' id='line_1_15' title="bbox 208 1435 1902 1509; baseline 0.001 -19"><span class='ocrx_word' id='word_1_123' title='bbox 208 1439 429 1507; x_wconf 83' lang='grc' dir='ltr'><em>νώνηκα</em></span> <span class='ocrx_word' id='word_1_124' title='bbox 475 1435 577 1506; x_wconf 74' lang='grc' dir='ltr'><em>μὲν</em></span> <span class='ocrx_word' id='word_1_125' title='bbox 617 1438 846 1501; x_wconf 84' lang='grc' dir='ltr'><em>ἐκείνοις</em></span> <span class='ocrx_word' id='word_1_126' title='bbox 885 1448 996 1491; x_wconf 83' lang='grc' dir='ltr'><em>τῶν</em></span> <span class='ocrx_word' id='word_1_127' title='bbox 1034 1438 1274 1507; x_wconf 80' lang='grc' dir='ltr'><em>ἡδίστων</em></span> <span class='ocrx_word' id='word_1_128' title='bbox 1313 1439 1446 1508; x_wconf 78' lang='grc' dir='ltr'><em>ἡμῖν</em></span> <span class='ocrx_word' id='word_1_129' title='bbox 1491 1442 1642 1507; x_wconf 84' lang='grc' dir='ltr'><em>βοῶν</em></span> <span class='ocrx_word' id='word_1_130' title='bbox 1679 1447 1902 1509; x_wconf 80' lang='grc' dir='ltr'><em>πρᾶγμα</em></span> 
     </span>
     <span class='ocr_line' id='line_1_16' title="bbox 146 1528 1901 1597; baseline 0.001 -18"><span class='ocrx_word' id='word_1_131' title='bbox 146 1547 186 1580; x_wconf 84' lang='lat'><em>15</em></span> <span class='ocrx_word' id='word_1_132' title='bbox 211 1535 319 1580; x_wconf 84' lang='grc' dir='ltr'><em>νῦν</em></span> <span class='ocrx_word' id='word_1_133' title='bbox 356 1536 578 1596; x_wconf 82' lang='grc' dir='ltr'><em>πρῶτον</em></span> <span class='ocrx_word' id='word_1_134' title='bbox 628 1528 938 1595; x_wconf 82' lang='grc' dir='ltr'><em>πεποιηκὼς</em></span> <span class='ocrx_word' id='word_1_135' title='bbox 977 1536 1070 1596; x_wconf 80' lang='grc' dir='ltr'><em>τῆς</em></span> <span class='ocrx_word' id='word_1_136' title='bbox 1112 1529 1319 1597; x_wconf 82' lang='grc' dir='ltr'><em>δωρεᾶς</em></span> <span class='ocrx_word' id='word_1_137' title='bbox 1364 1535 1529 1581; x_wconf 90' lang='grc' dir='ltr'><em>τοῦτο</em></span> <span class='ocrx_word' id='word_1_138' title='bbox 1577 1529 1901 1597; x_wconf 79' lang='grc' dir='ltr'><em>πειθούσης,</em></span> 
     </span>
     <span class='ocr_line' id='line_1_17' title="bbox 211 1614 1900 1687; baseline 0.001 -19"><span class='ocrx_word' id='word_1_139' title='bbox 211 1615 239 1668; x_wconf 91' lang='grc' dir='ltr'><em>ὃ</em></span> <span class='ocrx_word' id='word_1_140' title='bbox 281 1614 330 1668; x_wconf 89' lang='grc' dir='ltr'><em>δ’</em></span> <span class='ocrx_word' id='word_1_141' title='bbox 362 1616 463 1669; x_wconf 90' lang='grc' dir='ltr'><em>οὐκ</em></span> <span class='ocrx_word' id='word_1_142' title='bbox 503 1619 585 1668; x_wconf 81' lang='grc' dir='ltr'><em>ἔνι</em></span> <span class='ocrx_word' id='word_1_143' title='bbox 625 1617 726 1685; x_wconf 82' lang='grc' dir='ltr'><em>μὲν</em></span> <span class='ocrx_word' id='word_1_144' title='bbox 765 1616 1028 1685; x_wconf 87' lang='grc' dir='ltr'><em>γενέσθαι</em></span> <span class='ocrx_word' id='word_1_145' title='bbox 1068 1618 1217 1687; x_wconf 80' lang='grc' dir='ltr'><em>παρὰ</em></span> <span class='ocrx_word' id='word_1_146' title='bbox 1255 1626 1367 1670; x_wconf 82' lang='grc' dir='ltr'><em>τῶν</em></span> <span class='ocrx_word' id='word_1_147' title='bbox 1405 1620 1643 1685; x_wconf 83' lang='grc' dir='ltr'><em>πολλῶν,</em></span> <span class='ocrx_word' id='word_1_148' title='bbox 1683 1616 1900 1684; x_wconf 87' lang='grc' dir='ltr'><em>γένοιτο</em></span> 
     </span>
     <span class='ocr_line' id='line_1_18' title="bbox 210 1703 1902 1778; baseline 0 -20"><span class='ocrx_word' id='word_1_149' title='bbox 210 1703 256 1758; x_wconf 85' lang='grc' dir='ltr'><em>δ’</em></span> <span class='ocrx_word' id='word_1_150' title='bbox 291 1704 361 1758; x_wconf 75' lang='grc' dir='ltr'><em>ἂν</em></span> <span class='ocrx_word' id='word_1_151' title='bbox 405 1703 531 1774; x_wconf 85' lang='grc' dir='ltr'><em>παρ’</em></span> <span class='ocrx_word' id='word_1_152' title='bbox 563 1704 724 1774; x_wconf 83' lang='grc' dir='ltr'><em>ἐμοῦ,</em></span> <span class='ocrx_word' id='word_1_153' title='bbox 771 1704 919 1758; x_wconf 85' lang='grc' dir='ltr'><em>τοῦτ’</em></span> <span class='ocrx_word' id='word_1_154' title='bbox 950 1705 1144 1778; x_wconf 74' lang='grc' dir='ltr'><em>ᾠήθην</em></span> <span class='ocrx_word' id='word_1_155' title='bbox 1198 1707 1319 1759; x_wconf 78' lang='grc' dir='ltr'><em>δεῖν</em></span> <span class='ocrx_word' id='word_1_156' title='bbox 1363 1710 1696 1774; x_wconf 89' lang='grc' dir='ltr'><em>προσθεῖναι</em></span> <span class='ocrx_word' id='word_1_157' title='bbox 1741 1706 1902 1775; x_wconf 91' lang='grc' dir='ltr'><em>χάριν</em></span> 
     </span>
     <span class='ocr_line' id='line_1_19' title="bbox 210 1793 1900 1864; baseline 0.001 -18"><span class='ocrx_word' id='word_1_158' title='bbox 210 1794 367 1856; x_wconf 86' lang='grc' dir='ltr'><em>εἰδὼς</em></span> <span class='ocrx_word' id='word_1_159' title='bbox 405 1802 521 1856; x_wconf 90' lang='grc' dir='ltr'><em>τοῖς</em></span> <span class='ocrx_word' id='word_1_160' title='bbox 558 1799 715 1856; x_wconf 82' lang='grc' dir='ltr'><em>θεοῖς</em></span> <span class='ocrx_word' id='word_1_161' title='bbox 752 1803 852 1847; x_wconf 87' lang='grc' dir='ltr'><em>τοῦ</em></span> <span class='ocrx_word' id='word_1_162' title='bbox 889 1794 1048 1863; x_wconf 82' lang='grc' dir='ltr'><em>δόξης</em></span> <span class='ocrx_word' id='word_1_163' title='bbox 1089 1808 1179 1847; x_wconf 92' lang='grc' dir='ltr'><em>σοι</em></span> <span class='ocrx_word' id='word_1_164' title='bbox 1222 1794 1409 1861; x_wconf 87' lang='grc' dir='ltr'><em>μέλειν</em></span> <span class='ocrx_word' id='word_1_165' title='bbox 1441 1793 1561 1847; x_wconf 83' lang='grc' dir='ltr'><em>ἀντὶ</em></span> <span class='ocrx_word' id='word_1_166' title='bbox 1596 1795 1900 1864; x_wconf 86' lang='grc' dir='ltr'><em>χρημάτων.</em></span> 
     </span>
     <span class='ocr_line' id='line_1_20' title="bbox 210 1878 1901 1952; baseline 0 -17"><span class='ocrx_word' id='word_1_167' title='bbox 210 1881 429 1945; x_wconf 79' lang='grc' dir='ltr'><em>ἐκείνως</em></span> <span class='ocrx_word' id='word_1_168' title='bbox 467 1883 568 1952; x_wconf 81' lang='grc' dir='ltr'><em>μὲν</em></span> <span class='ocrx_word' id='word_1_169' title='bbox 608 1884 712 1951; x_wconf 81' lang='grc' dir='ltr'><em>γὰρ</em></span> <span class='ocrx_word' id='word_1_170' title='bbox 754 1884 854 1936; x_wconf 85' lang='grc' dir='ltr'><em>οὐκ</em></span> <span class='ocrx_word' id='word_1_171' title='bbox 894 1882 964 1936; x_wconf 77' lang='grc' dir='ltr'><em>ἂν</em></span> <span class='ocrx_word' id='word_1_172' title='bbox 1003 1878 1153 1952; x_wconf 84' lang='grc' dir='ltr'><em>εἶχον</em></span> <span class='ocrx_word' id='word_1_173' title='bbox 1191 1883 1541 1952; x_wconf 83' lang='grc' dir='ltr'><em>ἀμείβεσθαι,</em></span> <span class='ocrx_word' id='word_1_174' title='bbox 1586 1890 1694 1936; x_wconf 89' lang='grc' dir='ltr'><em>νῦν</em></span> <span class='ocrx_word' id='word_1_175' title='bbox 1733 1882 1811 1950; x_wconf 88' lang='grc' dir='ltr'><em>δέ,</em></span> <span class='ocrx_word' id='word_1_176' title='bbox 1851 1885 1901 1935; x_wconf 81' lang='grc' dir='ltr'><em>εἰ</em></span> 
     </span>
     <span class='ocr_line' id='line_1_21' title="bbox 144 1970 1476 2040; baseline 0 -16"><span class='ocrx_word' id='word_1_177' title='bbox 144 1992 187 2024; x_wconf 78' lang='lat'><em>20</em></span> <span class='ocrx_word' id='word_1_178' title='bbox 210 1972 300 2024; x_wconf 79' lang='grc' dir='ltr'><em>καὶ</em></span> <span class='ocrx_word' id='word_1_179' title='bbox 340 1973 412 2040; x_wconf 85' lang='grc' dir='ltr'><em>μὴ</em></span> <span class='ocrx_word' id='word_1_180' title='bbox 454 1972 588 2024; x_wconf 82' lang='grc' dir='ltr'><em>ὅσον</em></span> <span class='ocrx_word' id='word_1_181' title='bbox 630 1971 802 2035; x_wconf 78' lang='grc' dir='ltr'><em>ἄξιον.</em></span> <span class='ocrx_word' id='word_1_182' title='bbox 845 1970 962 2025; x_wconf 82' lang='grc' dir='ltr'><em>ἀλλ’</em></span> <span class='ocrx_word' id='word_1_183' title='bbox 994 1972 1264 2040; x_wconf 81' lang='grc' dir='ltr'><em>ἀποδοίην</em></span> <span class='ocrx_word' id='word_1_184' title='bbox 1304 1973 1374 2024; x_wconf 79' lang='grc' dir='ltr'><em>ἄν</em></span> <span class='ocrx_word' id='word_1_185' title='bbox 1411 1991 1476 2024; x_wconf 91' lang='grc' dir='ltr'><em>τι.</em></span> 
     </span>
     <span class='ocr_line' id='line_1_22' title="bbox 320 2056 1900 2130; baseline 0.001 -19"><span class='ocrx_word' id='word_1_186' title='bbox 320 2060 368 2112; x_wconf 91' lang='grc'><em>4.</em></span> <span class='ocrx_word' id='word_1_187' title='bbox 409 2062 481 2112; x_wconf 88' lang='grc' dir='ltr'><em>Εἰ</em></span> <span class='ocrx_word' id='word_1_188' title='bbox 515 2060 617 2126; x_wconf 83' lang='grc' dir='ltr'><em>μὲν</em></span> <span class='ocrx_word' id='word_1_189' title='bbox 649 2056 752 2113; x_wconf 80' lang='grc' dir='ltr'><em>οὖν</em></span> <span class='ocrx_word' id='word_1_190' title='bbox 792 2060 1050 2113; x_wconf 79' lang='grc' dir='ltr'><em>ἁπάντων</em></span> <span class='ocrx_word' id='word_1_191' title='bbox 1088 2071 1199 2113; x_wconf 83' lang='grc' dir='ltr'><em>τῶν</em></span> <span class='ocrx_word' id='word_1_192' title='bbox 1237 2062 1383 2129; x_wconf 81' lang='grc' dir='ltr'><em>παρὰ</em></span> <span class='ocrx_word' id='word_1_193' title='bbox 1420 2061 1600 2113; x_wconf 89' lang='grc' dir='ltr'><em>πάντα</em></span> <span class='ocrx_word' id='word_1_194' title='bbox 1638 2061 1737 2113; x_wconf 91' lang='grc' dir='ltr'><em>τὸν</em></span> <span class='ocrx_word' id='word_1_195' title='bbox 1775 2062 1900 2130; x_wconf 89' lang='grc' dir='ltr'><em>χρό-</em></span> 
     </span>
     <span class='ocr_line' id='line_1_23' title="bbox 210 2145 1898 2220; baseline 0 -19"><span class='ocrx_word' id='word_1_196' title='bbox 210 2168 312 2201; x_wconf 92' lang='grc' dir='ltr'><em>νον</em></span> <span class='ocrx_word' id='word_1_197' title='bbox 374 2148 520 2220; x_wconf 76' lang='grc' dir='ltr'><em>αὐτῷ</em></span> <span class='ocrx_word' id='word_1_198' title='bbox 575 2149 976 2218; x_wconf 87' lang='grc' dir='ltr'><em>πεπραγμένων</em></span> <span class='ocrx_word' id='word_1_199' title='bbox 1039 2150 1296 2215; x_wconf 86' lang='grc' dir='ltr'><em>βούλοιτό</em></span> <span class='ocrx_word' id='word_1_200' title='bbox 1351 2168 1457 2215; x_wconf 84' lang='grc' dir='ltr'><em>τις,</em></span> <span class='ocrx_word' id='word_1_201' title='bbox 1521 2145 1562 2201; x_wconf 83' lang='grc' dir='ltr'><em>ὦ</em></span> <span class='ocrx_word' id='word_1_202' title='bbox 1617 2150 1898 2217; x_wconf 89' lang='grc' dir='ltr'><em>παρόντες,</em></span> 
     </span>
    </p>
   </div>
   <div class='ocr_carea' id='block_1_3' title="bbox 331 2365 1899 2426">
    <p class='ocr_par' dir='ltr' id='par_1_3' title="bbox 331 2365 1899 2426">
     <span class='ocr_line' id='line_1_24' title="bbox 331 2365 1899 2426; baseline 0.001 -16"><span class='ocrx_word' id='word_1_203' title='bbox 331 2372 352 2410; x_wconf 94' lang='grc'><em>1</em></span> <span class='ocrx_word' id='word_1_204' title='bbox 387 2367 468 2412; x_wconf 88' lang='grc' dir='ltr'><em>τὸν</em></span> <span class='ocrx_word' id='word_1_205' title='bbox 501 2369 577 2412; x_wconf 87' lang='lat' dir='ltr'><em>La</em></span> <span class='ocrx_word' id='word_1_206' title='bbox 605 2368 610 2426; x_wconf 96' lang='grc' dir='ltr'>Ι</span> <span class='ocrx_word' id='word_1_207' title='bbox 638 2366 802 2424; x_wconf 80' lang='grc' dir='ltr'><em>λόγους</em></span> <span class='ocrx_word' id='word_1_208' title='bbox 827 2368 870 2409; x_wconf 88' lang='grc' dir='ltr'><em>Β</em></span> <span class='ocrx_word' id='word_1_209' title='bbox 898 2369 904 2423; x_wconf 95' lang='grc' dir='ltr'>Ι</span> <span class='ocrx_word' id='word_1_210' title='bbox 934 2369 1119 2422; x_wconf 80' lang='lat' dir='ltr'><em>„malim</em></span> <span class='ocrx_word' id='word_1_211' title='bbox 1151 2365 1382 2421; x_wconf 79' lang='grc' dir='ltr'><em>ἕψεσθαι“</em></span> <span class='ocrx_word' id='word_1_212' title='bbox 1411 2367 1478 2409; x_wconf 81' lang='lat' dir='ltr'><em>Re</em></span> <span class='ocrx_word' id='word_1_213' title='bbox 1514 2371 1519 2422; x_wconf 86' lang='grc' dir='ltr'>Ι</span> <span class='ocrx_word' id='word_1_214' title='bbox 1555 2368 1840 2424; x_wconf 82' lang='grc' dir='ltr'><em>πειρώμενον</em></span> <span class='ocrx_word' id='word_1_215' title='bbox 1873 2382 1899 2412; x_wconf 82' lang='grc' dir='ltr'><em>ο</em></span> 
     </span>
    </p>
   </div>
   <div class='ocr_carea' id='block_1_4' title="bbox 209 2424 1899 2836">
    <p class='ocr_par' dir='ltr' id='par_1_4' title="bbox 209 2424 1899 2778">
     <span class='ocr_line' id='line_1_25' title="bbox 209 2424 1897 2483; baseline 0 -13"><span class='ocrx_word' id='word_1_216' title='bbox 209 2434 439 2483; x_wconf 83' lang='grc' dir='ltr'><em>πειρῶμαι</em></span> <span class='ocrx_word' id='word_1_217' title='bbox 471 2441 571 2470; x_wconf 83' lang='lat' dir='ltr'>corr</span> <span class='ocrx_word' id='word_1_218' title='bbox 594 2426 706 2481; x_wconf 84' lang='lat' dir='ltr'><em>La²‚</em></span> <span class='ocrx_word' id='word_1_219' title='bbox 738 2426 788 2469; x_wconf 90' lang='lat' dir='ltr'><em>in</em></span> <span class='ocrx_word' id='word_1_220' title='bbox 815 2424 1102 2481; x_wconf 80' lang='grc' dir='ltr'><em>πειρωμένου</em></span> <span class='ocrx_word' id='word_1_221' title='bbox 1136 2440 1237 2469; x_wconf 82' lang='lat' dir='ltr'>corr</span> <span class='ocrx_word' id='word_1_222' title='bbox 1261 2425 1329 2468; x_wconf 79' lang='grc' dir='ltr'><em>Β2</em></span> <span class='ocrx_word' id='word_1_223' title='bbox 1450 2431 1474 2468; x_wconf 99' lang='grc'><strong>2</strong></span> <span class='ocrx_word' id='word_1_224' title='bbox 1510 2426 1550 2469; x_wconf 84' lang='grc' dir='ltr'><em>εἰ</em></span> <span class='ocrx_word' id='word_1_225' title='bbox 1578 2428 1661 2469; x_wconf 92' lang='lat' dir='ltr'><em>Mo</em></span> <span class='ocrx_word' id='word_1_226' title='bbox 1685 2426 1786 2470; x_wconf 80' lang='lat' dir='ltr'><em>Mor</em></span> <span class='ocrx_word' id='word_1_227' title='bbox 1817 2427 1897 2482; x_wconf 88' lang='lat' dir='ltr'><em>qui</em></span> 
     </span>
     <span class='ocr_line' id='line_1_26' title="bbox 211 2483 1899 2542; baseline 0 -14"><span class='ocrx_word' id='word_1_228' title='bbox 211 2483 239 2541; x_wconf 82' lang='grc' dir='ltr'>ἢ</span> <span class='ocrx_word' id='word_1_229' title='bbox 266 2485 337 2528; x_wconf 84' lang='lat' dir='ltr'><em>vel</em></span> <span class='ocrx_word' id='word_1_230' title='bbox 360 2486 439 2528; x_wconf 83' lang='grc' dir='ltr'><em>καὶ</em></span> <span class='ocrx_word' id='word_1_231' title='bbox 471 2486 577 2529; x_wconf 80' lang='lat' dir='ltr'>coni</span> <span class='ocrx_word' id='word_1_232' title='bbox 697 2490 724 2528; x_wconf 89' lang='lat'>4</span> <span class='ocrx_word' id='word_1_233' title='bbox 757 2485 823 2535; x_wconf 84' lang='grc' dir='ltr'><em>εἰς</em></span> <span class='ocrx_word' id='word_1_234' title='bbox 846 2485 926 2529; x_wconf 91' lang='grc' dir='ltr'><em>τὸν</em></span> <span class='ocrx_word' id='word_1_235' title='bbox 951 2483 1086 2542; x_wconf 80' lang='grc' dir='ltr'><em>λόγον</em></span> <span class='ocrx_word' id='word_1_236' title='bbox 1112 2499 1187 2528; x_wconf 88' lang='grc'><strong>0111</strong></span> <span class='ocrx_word' id='word_1_237' title='bbox 1213 2486 1281 2528; x_wconf 84' lang='lat' dir='ltr'><em>Va</em></span> <span class='ocrx_word' id='word_1_238' title='bbox 1402 2491 1425 2527; x_wconf 83' lang='lat'>5</span> <span class='ocrx_word' id='word_1_239' title='bbox 1458 2484 1516 2528; x_wconf 79' lang='grc' dir='ltr'><em>τὰ</em></span> <span class='ocrx_word' id='word_1_240' title='bbox 1538 2485 1669 2539; x_wconf 82' lang='grc' dir='ltr'><em>παρὰ</em></span> <span class='ocrx_word' id='word_1_241' title='bbox 1694 2486 1779 2530; x_wconf 92' lang='lat' dir='ltr'><em>Mo</em></span> <span class='ocrx_word' id='word_1_242' title='bbox 1795 2485 1899 2528; x_wconf 83' lang='lat' dir='ltr'><em>Mor</em></span> 
     </span>
     <span class='ocr_line' id='line_1_27' title="bbox 215 2542 1896 2602; baseline 0 -15"><span class='ocrx_word' id='word_1_243' title='bbox 215 2543 220 2602; x_wconf 97' lang='grc' dir='ltr'>Ι</span> <span class='ocrx_word' id='word_1_244' title='bbox 257 2542 519 2600; x_wconf 85' lang='grc' dir='ltr'><em>ὁπόσηνπερ</em></span> <span class='ocrx_word' id='word_1_245' title='bbox 547 2546 615 2589; x_wconf 87' lang='lat' dir='ltr'><em>Va</em></span> <span class='ocrx_word' id='word_1_246' title='bbox 736 2549 760 2586; x_wconf 87' lang='lat'>6</span> <span class='ocrx_word' id='word_1_247' title='bbox 795 2546 903 2587; x_wconf 76' lang='lat' dir='ltr'><em>ante</em></span> <span class='ocrx_word' id='word_1_248' title='bbox 929 2543 951 2587; x_wconf 86' lang='grc' dir='ltr'>ὁ</span> <span class='ocrx_word' id='word_1_249' title='bbox 986 2544 1109 2600; x_wconf 89' lang='lat' dir='ltr'>quod</span> <span class='ocrx_word' id='word_1_250' title='bbox 1140 2544 1327 2600; x_wconf 70' lang='lat' dir='ltr'>scripsit</span> <span class='ocrx_word' id='word_1_251' title='bbox 1348 2544 1418 2585; x_wconf 78' lang='lat' dir='ltr'><em>m⁸</em></span> <span class='ocrx_word' id='word_1_252' title='bbox 1448 2544 1522 2587; x_wconf 84' lang='lat' dir='ltr'><em>lac</em></span> <span class='ocrx_word' id='word_1_253' title='bbox 1547 2549 1572 2586; x_wconf 89' lang='lat'><strong>3</strong></span> <span class='ocrx_word' id='word_1_254' title='bbox 1598 2544 1678 2587; x_wconf 71' lang='lat' dir='ltr'>litt</span> <span class='ocrx_word' id='word_1_255' title='bbox 1701 2558 1896 2599; x_wconf 81' lang='lat' dir='ltr'>quarum</span> 
     </span>
     <span class='ocr_line' id='line_1_28' title="bbox 209 2602 1897 2661; baseline 0.001 -16"><span class='ocrx_word' id='word_1_256' title='bbox 209 2602 379 2646; x_wconf 76' lang='lat' dir='ltr'>ultima</span> <span class='ocrx_word' id='word_1_257' title='bbox 411 2617 544 2647; x_wconf 81' lang='lat' dir='ltr'>erasa</span> <span class='ocrx_word' id='word_1_258' title='bbox 567 2605 602 2647; x_wconf 92' lang='lat' dir='ltr'><strong><em>I</em></strong></span> <span class='ocrx_word' id='word_1_259' title='bbox 739 2608 765 2647; x_wconf 86' lang='lat'>8</span> <span class='ocrx_word' id='word_1_260' title='bbox 796 2602 959 2661; x_wconf 86' lang='grc' dir='ltr'><em>πολλὴ]</em></span> <span class='ocrx_word' id='word_1_261' title='bbox 991 2602 1108 2658; x_wconf 84' lang='grc' dir='ltr'><em>πολὴ</em></span> <span class='ocrx_word' id='word_1_262' title='bbox 1136 2604 1179 2646; x_wconf 92' lang='lat' dir='ltr'><strong><em>V</em></strong></span> <span class='ocrx_word' id='word_1_263' title='bbox 1205 2603 1286 2646; x_wconf 83' lang='lat' dir='ltr'><em>sed</em></span> <span class='ocrx_word' id='word_1_264' title='bbox 1309 2620 1337 2658; x_wconf 86' lang='grc' dir='ltr'><em>η</em></span> <span class='ocrx_word' id='word_1_265' title='bbox 1371 2603 1419 2645; x_wconf 89' lang='lat' dir='ltr'><em>in</em></span> <span class='ocrx_word' id='word_1_266' title='bbox 1443 2617 1518 2646; x_wconf 80' lang='lat' dir='ltr'><em>ras</em></span> <span class='ocrx_word' id='word_1_267' title='bbox 1542 2603 1611 2645; x_wconf 81' lang='lat' dir='ltr'><em>m²</em></span> <span class='ocrx_word' id='word_1_268' title='bbox 1754 2608 1778 2646; x_wconf 83' lang='lat'>9</span> <span class='ocrx_word' id='word_1_269' title='bbox 1811 2610 1897 2647; x_wconf 83' lang='grc' dir='ltr'><em>νῦν</em></span> 
     </span>
     <span class='ocr_line' id='line_1_29' title="bbox 210 2661 1897 2718; baseline 0.001 -14"><span class='ocrx_word' id='word_1_270' title='bbox 210 2661 260 2704; x_wconf 87' lang='lat' dir='ltr'><em>in</em></span> <span class='ocrx_word' id='word_1_271' title='bbox 283 2675 417 2718; x_wconf 85' lang='lat' dir='ltr'>marg</span> <span class='ocrx_word' id='word_1_272' title='bbox 440 2663 538 2706; x_wconf 81' lang='lat' dir='ltr'><em>La²</em></span> <span class='ocrx_word' id='word_1_273' title='bbox 662 2667 715 2706; x_wconf 90' lang='lat'><em>10</em></span> <span class='ocrx_word' id='word_1_274' title='bbox 747 2661 983 2717; x_wconf 78' lang='grc' dir='ltr'><em>δεομένοις</em></span> <span class='ocrx_word' id='word_1_275' title='bbox 1015 2664 1089 2706; x_wconf 82' lang='lat' dir='ltr'><em>La</em></span> <span class='ocrx_word' id='word_1_276' title='bbox 1101 2663 1168 2706; x_wconf 91' lang='lat' dir='ltr'><em>Va</em></span> <span class='ocrx_word' id='word_1_277' title='bbox 1197 2665 1201 2716; x_wconf 94' lang='grc' dir='ltr'>Ι</span> <span class='ocrx_word' id='word_1_278' title='bbox 1230 2661 1312 2718; x_wconf 83' lang='grc' dir='ltr'><em>μέν</em></span> <span class='ocrx_word' id='word_1_279' title='bbox 1340 2663 1378 2706; x_wconf 82' lang='lat'><em>0</em></span> <span class='ocrx_word' id='word_1_280' title='bbox 1405 2663 1486 2705; x_wconf 78' lang='lat' dir='ltr'><em>sed</em></span> <span class='ocrx_word' id='word_1_281' title='bbox 1518 2679 1544 2705; x_wconf 91' lang='grc' dir='ltr'><em>ν</em></span> <span class='ocrx_word' id='word_1_282' title='bbox 1577 2662 1670 2705; x_wconf 86' lang='lat' dir='ltr'><em>add</em></span> <span class='ocrx_word' id='word_1_283' title='bbox 1694 2677 1726 2704; x_wconf 75' lang='lat' dir='ltr'><em>n</em></span> <span class='ocrx_word' id='word_1_284' title='bbox 1786 2676 1897 2705; x_wconf 87' lang='lat' dir='ltr'><em>num</em></span> 
     </span>
     <span class='ocr_line' id='line_1_30' title="bbox 211 2719 1837 2778; baseline 0.001 -15"><span class='ocrx_word' id='word_1_285' title='bbox 211 2720 294 2776; x_wconf 80' lang='grc' dir='ltr'><em>μὲν</em></span> <span class='ocrx_word' id='word_1_286' title='bbox 326 2720 414 2764; x_wconf 71' lang='grc' dir='ltr'><em>ἄνῖ)</em></span> <span class='ocrx_word' id='word_1_287' title='bbox 568 2727 620 2764; x_wconf 86' lang='grc'><em>12</em></span> <span class='ocrx_word' id='word_1_288' title='bbox 656 2720 916 2778; x_wconf 83' lang='grc' dir='ltr'><em>συμμίκτων</em></span> <span class='ocrx_word' id='word_1_289' title='bbox 950 2722 1050 2764; x_wconf 78' lang='lat' dir='ltr'><em>Mor</em></span> <span class='ocrx_word' id='word_1_290' title='bbox 1088 2723 1092 2778; x_wconf 99' lang='grc' dir='ltr'>Ι</span> <span class='ocrx_word' id='word_1_291' title='bbox 1130 2719 1174 2765; x_wconf 84' lang='grc' dir='ltr'><em>δ’</em></span> <span class='ocrx_word' id='word_1_292' title='bbox 1203 2722 1271 2764; x_wconf 82' lang='lat' dir='ltr'><em>Re</em></span> <span class='ocrx_word' id='word_1_293' title='bbox 1416 2726 1469 2764; x_wconf 86' lang='lat'><em>13</em></span> <span class='ocrx_word' id='word_1_294' title='bbox 1503 2720 1719 2776; x_wconf 84' lang='grc' dir='ltr'><em>μικράντι</em></span> <span class='ocrx_word' id='word_1_295' title='bbox 1753 2723 1837 2764; x_wconf 90' lang='lat' dir='ltr'><em>Mo</em></span> 
     </span>
    </p>

    <p class='ocr_par' dir='ltr' id='par_1_5' title="bbox 211 2778 1895 2836">
     <span class='ocr_line' id='line_1_31' title="bbox 211 2778 1895 2836; baseline 0 -14"><span class='ocrx_word' id='word_1_296' title='bbox 211 2786 386 2835; x_wconf 85' lang='grc' dir='ltr'><em>μικρῶν</em></span> <span class='ocrx_word' id='word_1_297' title='bbox 417 2778 462 2823; x_wconf 86' lang='grc' dir='ltr'><em>τί</em></span> <span class='ocrx_word' id='word_1_298' title='bbox 492 2780 594 2822; x_wconf 89' lang='lat' dir='ltr'><em>Mor</em></span> <span class='ocrx_word' id='word_1_299' title='bbox 636 2781 716 2824; x_wconf 80' lang='lat' dir='ltr'><em>sed</em></span> <span class='ocrx_word' id='word_1_300' title='bbox 749 2798 803 2836; x_wconf 82' lang='grc' dir='ltr'><em>γρ</em></span> <span class='ocrx_word' id='word_1_301' title='bbox 829 2779 993 2836; x_wconf 87' lang='grc' dir='ltr'><em>μικρόν</em></span> <span class='ocrx_word' id='word_1_302' title='bbox 1033 2797 1075 2823; x_wconf 87' lang='grc' dir='ltr'><em>τι</em></span> <span class='ocrx_word' id='word_1_303' title='bbox 1116 2780 1165 2822; x_wconf 82' lang='lat' dir='ltr'><em>in</em></span> <span class='ocrx_word' id='word_1_304' title='bbox 1196 2794 1331 2836; x_wconf 85' lang='lat' dir='ltr'>marg</span> <span class='ocrx_word' id='word_1_305' title='bbox 1512 2784 1565 2822; x_wconf 86' lang='lat'><em>15</em></span> <span class='ocrx_word' id='word_1_306' title='bbox 1612 2779 1895 2836; x_wconf 84' lang='grc' dir='ltr'><em>πεποιηκὼς]</em></span> 
     </span>
    </p>
   </div>
   <div class='ocr_carea' id='block_1_5' title="bbox 211 2836 1897 3014">
    <p class='ocr_par' dir='ltr' id='par_1_6' title="bbox 211 2836 1897 3014">
     <span class='ocr_line' id='line_1_32' title="bbox 212 2836 1895 2893; baseline -0.001 -12"><span class='ocrx_word' id='word_1_307' title='bbox 212 2839 418 2892; x_wconf 78' lang='lat' dir='ltr'><em>„videtur</em></span> <span class='ocrx_word' id='word_1_308' title='bbox 447 2840 519 2882; x_wconf 82' lang='lat' dir='ltr'><em>hic</em></span> <span class='ocrx_word' id='word_1_309' title='bbox 550 2840 693 2883; x_wconf 78' lang='lat' dir='ltr'><em>deesse</em></span> <span class='ocrx_word' id='word_1_310' title='bbox 725 2839 986 2893; x_wconf 83' lang='grc' dir='ltr'><em>ἀσύνηθες“</em></span> <span class='ocrx_word' id='word_1_311' title='bbox 1020 2839 1087 2882; x_wconf 81' lang='lat' dir='ltr'><em>Re</em></span> <span class='ocrx_word' id='word_1_312' title='bbox 1226 2843 1278 2882; x_wconf 80' lang='lat'><em>16</em></span> <span class='ocrx_word' id='word_1_313' title='bbox 1323 2836 1397 2881; x_wconf 81' lang='grc' dir='ltr'><em>ὅδ’</em></span> <span class='ocrx_word' id='word_1_314' title='bbox 1429 2839 1472 2881; x_wconf 92' lang='grc' dir='ltr'><em>Ρ</em></span> <span class='ocrx_word' id='word_1_315' title='bbox 1500 2839 1581 2881; x_wconf 76' lang='lat' dir='ltr'><em>sed</em></span> <span class='ocrx_word' id='word_1_316' title='bbox 1606 2837 1617 2852; x_wconf 89' lang='lat'><strong><em>‘</em></strong></span> <span class='ocrx_word' id='word_1_317' title='bbox 1642 2837 1691 2880; x_wconf 92' lang='lat' dir='ltr'><em>in</em></span> <span class='ocrx_word' id='word_1_318' title='bbox 1714 2850 1788 2880; x_wconf 83' lang='lat' dir='ltr'><em>ras</em></span> <span class='ocrx_word' id='word_1_319' title='bbox 1812 2839 1895 2892; x_wconf 71' lang='lat' dir='ltr'><em>m3,</em></span> 
     </span>
     <span class='ocr_line' id='line_1_33' title="bbox 211 2896 1892 2954; baseline 0 -14"><span class='ocrx_word' id='word_1_320' title='bbox 211 2897 440 2941; x_wconf 85' lang='lat' dir='ltr'><strong><em>IMOBM</em></strong></span> <span class='ocrx_word' id='word_1_321' title='bbox 557 2902 610 2940; x_wconf 83' lang='lat'><em>17</em></span> <span class='ocrx_word' id='word_1_322' title='bbox 645 2897 696 2942; x_wconf 80' lang='grc' dir='ltr'><em>δὲ</em></span> <span class='ocrx_word' id='word_1_323' title='bbox 719 2900 794 2942; x_wconf 88' lang='lat' dir='ltr'><em>La</em></span> <span class='ocrx_word' id='word_1_324' title='bbox 821 2900 827 2954; x_wconf 97' lang='grc' dir='ltr'>Ι</span> <span class='ocrx_word' id='word_1_325' title='bbox 856 2896 914 2941; x_wconf 76' lang='grc' dir='ltr'><em>διν</em></span> <span class='ocrx_word' id='word_1_326' title='bbox 940 2897 1047 2948; x_wconf 80' lang='grc' dir='ltr'><em>ἴσως</em></span> <span class='ocrx_word' id='word_1_327' title='bbox 1073 2899 1140 2941; x_wconf 88' lang='lat' dir='ltr'><em>Va</em></span> <span class='ocrx_word' id='word_1_328' title='bbox 1264 2901 1315 2939; x_wconf 85' lang='lat'><em>19</em></span> <span class='ocrx_word' id='word_1_329' title='bbox 1349 2898 1519 2941; x_wconf 81' lang='grc' dir='ltr'><em>ἐκεῖνοι</em></span> <span class='ocrx_word' id='word_1_330' title='bbox 1543 2897 1644 2939; x_wconf 90' lang='lat' dir='ltr'><em>Mor</em></span> <span class='ocrx_word' id='word_1_331' title='bbox 1672 2896 1752 2951; x_wconf 91' lang='lat' dir='ltr'><em>qui</em></span> <span class='ocrx_word' id='word_1_332' title='bbox 1778 2896 1892 2940; x_wconf 78' lang='grc' dir='ltr'><em>ἐκεῖ-</em></span> 
     </span>
     <span class='ocr_line' id='line_1_34' title="bbox 213 2954 1897 3014; baseline 0.001 -16"><span class='ocrx_word' id='word_1_333' title='bbox 213 2971 294 3005; x_wconf 87' lang='grc' dir='ltr'><em>νος</em></span> <span class='ocrx_word' id='word_1_334' title='bbox 325 2957 428 2998; x_wconf 83' lang='lat' dir='ltr'>coni</span> <span class='ocrx_word' id='word_1_335' title='bbox 491 2955 645 3014; x_wconf 81' lang='grc' dir='ltr'><em>ἐκείνῃ</em></span> <span class='ocrx_word' id='word_1_336' title='bbox 678 2957 783 3000; x_wconf 83' lang='lat' dir='ltr'>coni</span> <span class='ocrx_word' id='word_1_337' title='bbox 814 2957 881 2999; x_wconf 81' lang='lat' dir='ltr'><em>Re</em></span> <span class='ocrx_word' id='word_1_338' title='bbox 909 2959 914 3014; x_wconf 98' lang='grc' dir='ltr'>Ι</span> <span class='ocrx_word' id='word_1_339' title='bbox 942 2954 987 3001; x_wconf 80' lang='grc' dir='ltr'><em>δ’</em></span> <span class='ocrx_word' id='word_1_340' title='bbox 1016 2957 1083 3000; x_wconf 82' lang='lat' dir='ltr'><em>Re</em></span> <span class='ocrx_word' id='word_1_341' title='bbox 1236 2961 1290 2998; x_wconf 93' lang='grc'><em>22</em></span> <span class='ocrx_word' id='word_1_342' title='bbox 1324 2957 1446 2999; x_wconf 82' lang='grc' dir='ltr'><em>αὑτῶ</em></span> <span class='ocrx_word' id='word_1_343' title='bbox 1478 2954 1786 3011; x_wconf 85' lang='grc' dir='ltr'><em>πεπραμένων</em></span> <span class='ocrx_word' id='word_1_344' title='bbox 1810 2956 1897 2999; x_wconf 87' lang='lat' dir='ltr'><em>Mo</em></span> 
     </span>
    </p>
   </div>
  </div>
 </body>
</html>
