2060 3162
906 821 1048 875 XVI.

247 958 420 1009 Oratio
460 960 700 1022 inscripta
737 958 860 1026 πρὸς
892 957 1159 1024 Ἀντιοχέας
1197 957 1306 1024 περὶ
1345 966 1431 1024 τῆς
1470 966 1557 1008 τοῦ
1587 957 1824 1024 βασιλέως

126 1032 281 1100 ὀργῆς
318 1034 469 1096 paulo
516 1035 630 1096 post
669 1035 895 1096 quintam
935 1033 1174 1082 decimam
1214 1035 1399 1096 scripta
1411 1027 1453 1099 ¹)
1503 1034 1605 1082 fere
1644 1033 1822 1082 iisdem

127 1125 327 1172 quoque
382 1111 532 1170 atque
586 1108 676 1156 illa
729 1109 848 1156 fatis
901 1123 992 1156 usa
1047 1110 1133 1156 est.
1217 1108 1395 1170 Itaque
1449 1109 1691 1156 maximus
1747 1110 1822 1156 est

133 1198 365 1231 numerus
405 1197 576 1230 eorum
615 1182 838 1231 codicum
877 1183 964 1244 qui
994 1183 1270 1244 utramque,
1307 1198 1489 1244 parvus
1529 1197 1698 1230 eorum
1736 1184 1823 1244 qui

131 1258 428 1305 alterutram
468 1257 735 1305 continent.

246 1330 433 1388 Quibus
466 1346 582 1378 vero
615 1332 717 1379 sive
748 1331 946 1393 integra
985 1330 1087 1378 sive
1126 1346 1302 1378 manca
1342 1328 1538 1378 servata
1578 1332 1651 1378 est
1691 1329 1822 1378 codi-

135 1420 214 1453 ces
253 1405 309 1451 hi
347 1406 463 1452 sunt
503 1405 594 1452 33:

248 1481 292 1526 1.
334 1477 652 1526 Chisianus
691 1477 735 1524 R
758 1477 832 1525 VI
856 1479 923 1525 43
967 1470 1061 1543 (=
1096 1471 1156 1544 C)
1197 1493 1320 1525 saec.
1353 1473 1550 1542 XIsXH
1588 1477 1671 1525 fol.
1702 1478 1822 1525 165.

131 1552 260 1600 Vide
298 1555 334 1599 t.
359 1552 385 1599 Ι
421 1568 469 1613 p.
498 1553 566 1599 10
584 1567 654 1613 sq.
733 1550 945 1599 Contuli.

247 1627 293 1672 2.
325 1625 700 1673 Monacensis
725 1641 795 1687 gr.
816 1625 938 1685 483,
957 1625 1078 1672 olim
1092 1624 1415 1689 Augustanus
1434 1618 1528 1692 (=
1543 1618 1612 1691 A)
1637 1640 1759 1673 saec.
1778 1625 1823 1672 X

133 1699 219 1748 fol.
255 1699 338 1746 86.
414 1698 540 1746 Vide
579 1701 615 1746 t.
640 1699 665 1745 Ι
703 1715 750 1760 p.
779 1699 845 1746 15
865 1713 934 1760 sq.
1014 1697 1228 1746 Contuli.

249 1773 295 1820 3.
334 1772 667 1819 Vaticanus
706 1772 1024 1820 Palatinus
1065 1789 1136 1836 gr.
1172 1773 1276 1820 282
1319 1765 1412 1839 (=
1446 1771 1507 1838 P)
1550 1788 1673 1821 saec.
1705 1772 1823 1820 XIV

133 1846 324 1894 fol.66.
385 1844 511 1893 Vide
550 1848 585 1893 t.
610 1845 635 1892 Ι
673 1862 719 1907 p.
755 1847 823 1893 20
842 1861 911 1907 sq.
990 1844 1203 1895 Contuli.

249 1922 295 1967 4.
349 1919 678 1968 Vaticanus
717 1936 795 1982 gr.
831 1920 900 1968 84
956 1935 1084 1968 anno
1127 1921 1266 1968 1425
1323 1921 1536 1983 scriptus
1582 1920 1666 1968 fol.
1703 1921 1822 1968 182.

134 1993 262 2041 Vide
300 1996 336 2041 t.
361 1993 386 2040 Ι
424 2010 471 2055 p.
504 1995 610 2041 415
629 2009 700 2056 sq.
778 1992 993 2042 Contuli.

249 2069 295 2115 5.
356 2067 622 2115 Patmius
674 2069 776 2115 471
844 2082 968 2115 saec.
1017 2067 1133 2116 XIV
1194 2068 1278 2116 fol.
1329 2069 1474 2116 209&
1551 2067 1678 2115 Vide
1724 2071 1759 2116 t.
1793 2067 1824 2114 ,Ι

134 2158 182 2203 p.
217 2142 368 2203 41sq.
409 2144 458 2189 et
499 2143 582 2189 69.

251 2216 296 2262 6.
321 2215 764 2263 Laurentianus
788 2215 928 2263 LVII
947 2216 1013 2263 27
1042 2231 1171 2264 anno
1193 2217 1332 2265 1392
1360 2217 1572 2277 scriptus
1597 2216 1681 2264 fol.
1703 2216 1823 2264 508.

126 2288 262 2336 Vide
301 2292 335 2336 t.
363 2289 388 2335 I
425 2306 472 2351 p.
507 2291 574 2338 59
590 2304 660 2352 sq.

254 2364 299 2410 7.
338 2362 596 2410 Urbinas
628 2380 707 2427 gr.
729 2363 830 2411 126
852 2356 946 2429 (=
958 2356 1028 2428 U)
1055 2378 1183 2410 anno
1205 2364 1344 2412 1316
1364 2364 1576 2425 scriptus
1599 2364 1683 2411 fol.
1704 2362 1824 2412 206.

137 2435 264 2484 Vide
303 2438 338 2483 t.
363 2436 389 2483 I
426 2453 473 2499 p.
513 2438 615 2484 216
636 2452 706 2498 sq.
785 2435 997 2485 Contuli.

249 2511 295 2558 8.
335 2509 820 2558 Vindobonensis
860 2510 1001 2572 phil.
1034 2527 1112 2574 gr.
1145 2508 1310 2558 XCIII
1350 2503 1530 2577 (=V)
1573 2525 1696 2559 saec.
1730 2510 1825 2558 XII

139 2583 223 2632 fol.
260 2585 342 2631 61.
418 2583 543 2632 Vide
579 2586 614 2631 t.
640 2584 664 2631 Ι
701 2600 749 2646 p.
784 2584 851 2631 35
867 2599 937 2645 sq.
1018 2583 1231 2632 Contuli.

121 2671 124 2674 ⁴
251 2660 298 2706 9.
329 2657 666 2705 Marcianus
698 2657 942 2719 append.
967 2655 1127 2705 XC12
1161 2651 1256 2723 (=
1274 2651 1323 2723 Ι)
1353 2672 1476 2705 saec.
1493 2657 1611 2705 XIV
1635 2657 1718 2706 fol.
1740 2658 1824 2704 62.

135 2729 265 2776 Vide
302 2732 339 2778 t.
363 2731 387 2777 Ι
425 2747 472 2792 p.
508 2732 610 2778 217
631 2746 701 2793 sq.
779 2729 991 2778 Contuli.

255 2873 298 2926 1)
339 2869 608 2915 Orationem
640 2883 788 2926 aeque
820 2871 962 2926 atque
994 2871 1347 2915 antecedentem
1376 2883 1537 2915 revera
1567 2884 1661 2915 non
1691 2870 1827 2914 habi·

134 2928 238 2970 tam
269 2942 368 2973 esse
400 2929 566 2973 asserit
597 2928 808 2973 Socrates
838 2928 882 2971 h.
910 2928 1020 2972 eccl.
1045 2929 1110 2972 III
1136 2934 1189 2972 17
1222 2929 1297 2986 (cf.
1332 2942 1473 2986 supra
1502 2944 1548 2985 p.
1569 2932 1684 2984 114).
