2072 3162
724 173 953 218 LIBANH
983 172 1206 217 ORATIO
1238 172 1344 215 xm
1806 171 1877 224 69

192 311 580 381 Διοσκούρους
618 311 842 363 ἄνωθεν
881 308 939 362 ἐκ
970 316 1165 362 κοινοῦ
1197 310 1601 376 βουλευτηρίου
1634 306 1879 374 πέμψαν-

192 419 285 463 τες
324 397 636 467 ἐξήρπασαν
672 405 772 451 τοῦ
811 398 1126 451 κλυδωνίου
1165 398 1226 450 τὸ
1265 400 1477 450 πλοῖον.

309 488 391 540 17.
427 491 433 553 Ι
468 486 578 540 Καὶ
615 485 771 540 ταυτὶ
811 485 929 554 μέν,
976 487 1048 548 ὡς
1087 485 1235 554 ἐνῆν,
1281 485 1515 552 μάλιστα
1553 485 1780 547 σκιάσας
1817 497 1967 540 R410

195 578 435 646 διῆλθον
480 575 542 630 ἐν
580 569 622 648 ᾧ
667 590 756 629 σοι
794 578 976 646 τρόπῳ
1015 575 1377 644 χαριούμενος
1415 573 1592 645 ᾔδειν·
1646 578 1878 642 μεγαλο-

195 667 396 734 ψυχίας
435 666 539 733 γὰρ
581 666 648 733 δὴ
688 666 978 734 περιουσίᾳ
1016 662 1106 716 καὶ
1145 672 1261 726 τοῖς
1298 664 1619 732 ἠδικηκόσιν
1666 658 1744 716 ὧν
1790 661 1882 715 πέ-
1928 681 1948 715 5

200 758 420 816 πονθας
458 753 640 823 ήφίεις
678 754 778 822 τὴν
816 754 1047 821 μνήμην.
1126 750 1154 804 ὃ
1202 751 1529 821 πειράσομαι
1575 748 1676 819 μὲν
1715 750 1775 803 ἐν
1814 757 1888 823 τῷ
1967 737 1973 742 ’

198 844 340 914 λόγῳ
380 843 697 911 φυλάττειν,
738 842 839 894 οὐκ
879 840 1099 894 ἐώντων
1141 841 1202 894 δὲ
1240 844 1519 902 παντελῶς
1556 848 1667 892 τῶν
1712 858 1885 909 πραγ-

198 931 386 1000 μάτων
425 933 561 983 ἔστω
603 931 917 999 συγγνώμη.

313 1019 395 1072 18.
445 1019 628 1072 Πάλιν
658 1020 853 1072 τοίνυν
884 1016 1263 1087 ἐνεθυμήθην,
1303 1017 1387 1070 ὅτι
1417 1018 1506 1070 καὶ
1538 1017 1641 1069 ὅσα
1673 1029 1760 1068 σοι
1791 1024 1886 1084 τῆς

195 1115 352 1176 τιμῆς
391 1107 650 1178 ἀφαιρεῖν
689 1106 886 1176 ἐδόκει,
924 1107 1014 1159 καὶ
1045 1115 1216 1160 ταῦτα
1246 1114 1341 1175 τῆς
1372 1108 1661 1168 καλλίονος
1691 1106 1886 1175 μοίρας
1910 1126 1953 1158 10

195 1193 268 1265 ἦν
315 1197 502 1268 γνώμῃ
548 1203 714 1250 θεῶν.
792 1196 882 1249 ὅτε
928 1203 1069 1264 γοῦν
1116 1195 1403 1266 ἀφηρέθης
1448 1196 1549 1264 τὴν
1593 1201 1692 1247 τοῦ
1731 1194 1887 1262 βαδί-

200 1288 313 1350 ζειν
343 1285 468 1339 ὅποι
494 1287 829 1354 βουληθείης
861 1283 1134 1353 ἐξουσίαν,
1167 1283 1227 1338 ἐν
1258 1284 1491 1356 τοιούτῳ
1523 1285 1703 1355 χωρίῳ
1735 1302 1887 1336 κατε-

196 1375 476 1442 κλείσθης,
515 1373 604 1443 ἐφ’
636 1374 665 1427 ὃ
704 1375 920 1436 πάντως
959 1373 1029 1426 ἂν
1068 1374 1297 1444 ἔδραμες
1330 1371 1577 1436 ἐξουσίας
1607 1371 1886 1441 ὑπαρχού-

203 1476 313 1532 σης.
369 1464 445 1526 εἰς
476 1464 581 1533 γὰρ
612 1465 714 1532 τὴν
752 1462 1114 1533 ἀρχαιοτάτην
1152 1461 1242 1515 καὶ
1276 1461 1604 1529 σοφωτάτην
1634 1458 1726 1513 καὶ
1757 1465 1886 1512 θεο-

200 1551 533 1620 φιλεστάτην
594 1552 685 1604 καὶ
730 1552 925 1619 κοινὴν
973 1549 1253 1620 ἐρωμένην
1310 1550 1626 1618 ἀνθρώπων
1680 1568 1738 1601 τε
1791 1546 1882 1601 καὶ
1908 1569 1949 1602 15

198 1644 369 1707 θεῶν,
392 1640 488 1702 τὰς
502 1638 751 1708 Ἀθήνας,
775 1638 1036 1707 ἐπέμπου,
1061 1638 1151 1692 καὶ
1175 1640 1563 1708 παραπλήσιον
1585 1634 1672 1706 ἦν,
1705 1639 1886 1707 ὥσπερ

202 1726 272 1779 ἂν
311 1729 359 1780 εἰ
405 1728 566 1796 δίκην
614 1728 858 1780 ἀπαιτῶν
904 1727 1000 1780 ἕνα
1046 1737 1159 1780 τῶν
1202 1728 1461 1780 Φαιάκων
1492 1725 1780 1789 Ἀλκίνους
1827 1724 1888 1779 ἐν

201 1822 278 1888 τῷ
311 1818 464 1887 κήπῳ
503 1815 798 1886 καθείρξας
837 1813 994 1885 εἶχεν.
1074 1815 1155 1867 19.
1197 1814 1441 1884 ἐγίγνετο
1476 1817 1543 1884 δὴ
1582 1815 1747 1868 ταύτὸ
1789 1816 1888 1867 σόν

202 1923 260 1957 τε
297 1905 389 1957 καὶ
426 1911 524 1973 τῆς
561 1907 772 1967 πόλεως
809 1904 1017 1975 κέρδος.
1095 1905 1165 1956 σύ
1203 1924 1261 1957 τε
1300 1906 1404 1974 γὰρ
1446 1903 1616 1973 ἑώρας
1655 1904 1757 1972 τὴν
1794 1904 1888 1956 πό-

202 1996 292 2046 λιν
329 1994 363 2062 ή
408 2013 466 2046 τε
511 1994 668 2056 πόλις
721 1992 910 2047 ἐκτᾶτο
966 1994 1251 2062 σύμμαχον
1305 1992 1566 2061 ἀνάγκαις
1617 1992 1886 2062 ἀγράφοις
1910 2013 1953 2047 20

202 2090 323 2145 ταῖς
361 2080 450 2134 ἀπ’
491 2082 709 2145 εὐνοίας
746 2081 1175 2151 κατειλημμένον
1215 2079 1276 2136 εὖ
1315 2091 1498 2135 ποιεῖν
1538 2083 1629 2134 διὰ
1667 2081 1888 2133 πάντων

324 2262 379 2300 14
410 2257 528 2302 Plat.
555 2258 672 2301 Tim.
704 2273 749 2314 p.
777 2262 833 2300 24
852 2257 898 2301 c.
960 2257 1153 2301 Aristid.
1185 2259 1218 2301 t.
1243 2257 1264 2299 1
1289 2261 1359 2312 58,
1378 2261 1483 2312 5sq.
1509 2256 1562 2299 D.

328 2426 351 2464 1
385 2419 673 2477 Διοσκόρους
703 2421 739 2463 Ι
764 2420 844 2463 sed
877 2436 901 2463 ο
937 2420 987 2463 in
1017 2432 1092 2462 ras
1117 2419 1187 2463 m²
1307 2423 1332 2462 3
1381 2418 1632 2470 συσκιάσας
1662 2421 1695 2463 Ι
1722 2419 1803 2463 sed
1834 2433 1890 2463 συ

204 2538 330 2582 inser
360 2537 443 2593 ω’,
474 2539 608 2583 ΒΜο
772 2542 799 2580 4
832 2481 1042 2593 ἓήλξὲἴ
1072 2539 1157 2582 Mo
1322 2542 1347 2581 5
1380 2536 1438 2594 δὴ
1472 2550 1546 2580 om
1576 2537 1644 2580 Re
1802 2541 1826 2580 6
1860 2536 1889 2593 ἠ

207 2611 348 2653 supra
388 2597 412 2641 ὀ
451 2596 500 2640 in
541 2595 690 2653 ὀφίεις
722 2597 807 2641 Mo
896 2595 1051 2653 ὑφίεις
1086 2597 1189 2640 Mor
1244 2597 1250 2653 Ι
1307 2597 1434 2653 κάγὼ
1476 2596 1598 2639 inter
1640 2596 1722 2653 μὲν
1762 2598 1808 2639 et
1840 2596 1890 2640 ἐν

205 2655 596 2713 interponendum
628 2655 731 2700 coni
763 2655 831 2698 Re
982 2660 1036 2698 13
1071 2654 1094 2700 ὃ
1126 2656 1177 2699 in
1206 2669 1281 2699 ras
1312 2655 1370 2700 1²
1402 2657 1449 2699 et
1480 2669 1535 2699 ex
1566 2651 1600 2698 ὧ
1634 2668 1734 2698 corr
1764 2654 1833 2699 A2

208 2739 243 2787 ὦ
286 2745 436 2790 ΠΒΜ
492 2739 556 2789 ὧν
588 2744 673 2788 Mo
714 2743 720 2802 Ι
763 2731 954 2794 πάντως)
979 2744 1064 2788 Mo
1194 2748 1249 2787 14
1280 2744 1360 2787 καὶ
1392 2739 1667 2800 σοφωτάτην
1700 2757 1774 2787 om
1808 2744 1892 2787 Mo

274 2808 326 2847 16
358 2806 486 2847 θεῶν
510 2809 596 2859 γῆν
619 2802 702 2854 τὰς
725 2801 761 2846 S
780 2802 883 2845 Mor
1003 2807 1056 2846 17
1090 2800 1149 2846 ἂν
1174 2802 1222 2845 in
1247 2803 1335 2858 γὰρ
1365 2815 1466 2845 corr
1488 2801 1593 2847 Mo’·
1715 2806 1768 2845 18
1801 2799 1892 2858 ἐγί-

211 2877 317 2905 νετο
350 2862 395 2906 V
463 2861 640 2919 ἐγένετο
673 2861 763 2904 edd
805 2861 811 2919 Ι
854 2859 905 2905 δὲ
937 2861 974 2905 S
994 2861 1085 2904 edd
1126 2861 1132 2919 Ι
1174 2862 1345 2906 ταυτὸν
1386 2862 1555 2907 UBMo
1587 2863 1634 2904 et
1664 2863 1700 2904 I
1724 2861 1805 2904 sed
1843 2860 1891 2902 in

206 2919 297 2963 hoc
326 2937 354 2965 ν
385 2934 568 2964 erasum
719 2924 772 2963 19
805 2918 975 2975 κράτος
1004 2921 1050 2964 Β
1082 2921 1130 2964 et
1160 2937 1215 2977 γρ
1255 2921 1305 2963 in
1334 2933 1468 2976 marg
1498 2919 1600 2963 Mor
1635 2920 1643 2978 1
1683 2918 1893 2975 ἑώρακας

209 2978 296 3023 Mo
416 2983 469 3022 21
503 2980 533 3022 ἀ
566 2992 707 3035 supra
739 2978 761 3022 ἐ
790 2979 840 3021 in
872 2976 945 3023 ἐπ’
975 2977 1083 3023 Mo'
