2060 3162
220 153 327 205 378
754 152 981 197 LIBANTI
1011 152 1235 197 ORATIO
1267 153 1372 196 XIX

333 294 399 340 57
440 291 492 341 τὸ
533 291 651 342 αὑτό
691 286 787 359 (IV
806 294 946 341 1027
965 286 1031 357 R)
1073 287 1150 359 (in
1183 305 1349 358 marg:
1394 286 1605 361 Collata)

331 366 466 424 τίνας
505 362 567 414 ἂν
605 364 734 414 εἲποι
771 365 948 431 λόγους
987 363 1012 415 ὃ
1051 366 1223 432 χείρων
1261 364 1475 426 ἀκούσας
1519 366 1573 416 έν
1611 373 1675 415 τῶ
1714 370 1904 433 παρθε-

218 446 340 488 νῶνι
378 433 505 488 εἶναι
543 438 628 489 τὸν
667 437 859 505 ἄχιλλέα

332 514 428 562 57Υ
989 511 1209 579 ἀχιλλεὺς
1247 511 1615 581 ἀφαιρούμενος
1659 512 1751 578 τὴν
1796 514 1904 580 βρι-

219 586 368 650 σηίδα

333 661 399 709 58
788 659 1033 725 πολυξένη
1071 659 1364 726 κελευομένη
1394 660 1527 728 παρὰ
1557 669 1655 711 τῶν
1686 660 1904 725 έλλήνων

218 734 507 798 κομίζεσθαι
545 738 642 783 κτλ.
682 728 759 802 (in
796 753 958 800 marg:
1002 731 1212 802 Collata)

797 808 972 873 μήδεια
1009 816 1284 875 γαμοῦντος
1322 806 1487 874 ἑτέραν
1527 808 1724 869 ἰάσονος

335 883 430 930 58*
796 883 957 950 πόρνη
990 882 1354 950 σωφρονήσασα
1387 878 1461 950 (in
1492 900 1653 949 marg:
1690 877 1900 950 Collata)

796 955 951 1016 δειλὸς
982 957 1287 1021 θεασάμενος
1318 957 1532 1021 πόλεμον
1562 956 1616 1007 ἐν
1651 962 1714 1026 τῷ
1741 957 1903 1025 οἰκείῳ

220 1029 341 1099 οἴκῳ
381 1028 716 1096 γεγραμμένον

334 1105 400 1154 59
796 1104 953 1164 δειλὸς
992 1105 1293 1170 φιλάργυρος
1331 1103 1489 1170 εὑρὼν
1527 1105 1731 1170 χρύσεον
1761 1106 1905 1168 ξίφος

221 1174 295 1241 (in
325 1194 488 1243 marg:
531 1172 751 1245 (Iollam)

799 1249 824 1301 ὁ
864 1250 1093 1317 μενέλαος
1139 1251 1319 1317 μαθὼν
1363 1251 1473 1319 περὶ
1520 1260 1607 1318 τῆς
1652 1259 1740 1302 τοῦ
1786 1250 1905 1318 ἀγα-

221 1323 464 1389 μέμνονος
500 1329 721 1391 τελευτῆς
761 1321 836 1394 (in
867 1343 1029 1392 marg:
1068 1321 1340 1394 Impressa)
1353 1320 1394 1394 1)

334 1401 429 1448 59*
800 1399 1053 1464 μενοικεὺς
1083 1398 1205 1467 ὑπὲρ
1237 1400 1380 1465 νίκης
1411 1408 1497 1466 τῆς
1527 1400 1761 1466 πατρίδος
1791 1397 1907 1450 ἓαυ-

219 1472 305 1523 τὸν
342 1471 627 1536 ἀποσφάξαι
662 1474 961 1539 βουλόμενος

335 1549 404 1597 60
797 1546 1035 1608 ὀδυσσεὺς
1072 1548 1125 1598 ἐν
1163 1553 1228 1616 τῷ
1267 1548 1524 1608 κύκλωπος
1561 1548 1781 1616 σπηλαίῳ
1819 1566 1908 1597 κα-

221 1621 496 1684 ταληφθείς

334 1696 429 1744 60*
799 1693 1037 1755 ὀδυσσεὺς
1074 1694 1198 1763 πρὸς
1235 1695 1320 1746 τὸν
1351 1695 1585 1746 κύκλωπα
1623 1694 1753 1762 ὁρῶν
1791 1693 1907 1756 τοὺς

221 1766 443 1835 ἑταίρους
481 1767 713 1819 ἐσθίοντα

798 1841 1037 1903 ὀδυσσεὺς
1075 1842 1190 1903 τοὺς
1229 1850 1509 1910 μνηστῆρας
1547 1841 1734 1893 ἀνελών

335 1918 401 1964 61
466 1916 701 1982 ἔκφρασις
738 1918 1028 1982 πεζομαχίας
1068 1912 1163 1984 (γρ.
1188 1915 1422 1981 πολέμου·
1465 1933 1704 1980 suprascr.
1728 1910 1824 1984 ΜΞ)

336 1992 431 2038 61*
799 1998 996 2057 γραφῆς
1058 1986 1153 2058 (γρ.
1201 1990 1355 2055 αὐλῆς
1415 2007 1656 2055 suprascr.
1695 1985 1790 2057 ΜΒ)
1853 1989 1908 2040 ἐν

224 2063 557 2130 βουλευτηρίω

337 2138 403 2185 62
802 2138 988 2203 δρόμου
1027 2145 1124 2186 τῶν
1161 2135 1338 2204 ἡρώων

337 2213 432 2258 62*
801 2209 951 2275 ἄλλης
988 2218 1185 2278 γραφῆς
1223 2210 1276 2260 έν
1315 2211 1646 2278 βουλευτηρίω

800 2285 1057 2334 καλανδῶν

339 2360 433 2407 63ν
803 2356 963 2422 μέθης

800 2431 942 2498 ἔαρος
980 2439 1297 2498 συγγραφικῶ
1336 2439 1600 2498 χαρακτῆρι

340 2507 408 2554 64
470 2504 610 2565 θέσις
647 2505 692 2555 εἰ
727 2503 969 2572 γαμητέον

340 2580 434 2628 65*
471 2578 815 2645 πρεσβευτικὸς
856 2573 1002 2645 (πρὸς
1038 2578 1154 2638 τοὺς
1192 2586 1347 2644 τρῶας
1385 2596 1624 2643 suprascr.
1647 2573 1742 2646 m2)
1781 2575 1905 2644 ὑπὲρ

226 2659 311 2716 τῆς
350 2651 532 2717 ἕλε’νης,
571 2653 713 2719 λόγος
750 2660 961 2718 πρῶτοςτ
1002 2651 1231 2716 μενέλαος

340 2727 435 2774 68*
472 2728 614 2792 λόγος
645 2726 879 2791 δεύτερος.
925 2726 1269 2792 πρεσβευτικὸς
1300 2727 1422 2793 πρὸς
1451 2725 1566 2786 τοὺς
1595 2733 1753 2793 τρῶας
1782 2722 1904 2790 ὑπὲρ

226 2805 313 2863 τῆς
351 2797 537 2863 ἕλένηςε
578 2798 815 2859 ὀδυσσεύς

347 2957 388 3011 1)
436 2955 593 3000 Editio
626 2955 902 3000 Morelliana
940 2955 1077 2999 huius
1110 2955 1385 3012 ethopoeiae
1417 2968 1538 2998 anno
1571 2957 1684 2999 1603
1715 2952 1906 3010 prodiit.
