2060 3162
244 126 277 178 2
282 125 351 177 86
735 123 960 167 LIBANH
992 122 1218 168 ORATIO
1250 123 1399 169 XVIII

242 278 445 321 ποντος
505 261 739 328 ἤρχοντο
803 260 1059 328 καθαρὰν
1119 259 1344 326 αἵματος
1406 259 1552 331 αὐτῷ
1607 260 1708 327 τὴν
1741 262 1934 328 Δνίκην

242 346 648 415 ἐπηγγελμένον
703 347 792 398 καὶ
854 355 1259 415 παραινοῦντος
1320 347 1637 415 ἐπείγεσθαι
1698 355 1797 400 τοῦ
1857 350 1930 416 μή

242 456 365 488 τινα
402 439 668 503 τολμῆσαι
707 436 921 505 μακρὰν
953 435 1188 498 ἀπόντος
1226 437 1327 504 τὴν
1357 439 1644 504 βασιλείαν
1677 435 1931 506 ἁρπάσαι.

246 524 363 576 119.
406 523 802 591 ἀναγινώσκων
840 527 1035 577 τοίνυν
1074 525 1164 576 καὶ
1195 525 1294 577 τὸν
1324 526 1564 591 πόλεμον
1603 524 1749 594 ὁρῶν
1786 524 1931 577 οὕτω

197 632 216 665 5
241 613 414 680 καλὴν
466 612 557 666 καὶ
610 615 819 665 πολλοῦ
873 632 1024 674 τινος
1079 611 1237 676 ἀξίαν
1298 615 1536 681 λαβόντα
1597 615 1782 683 κρίσιν
1839 614 1930 666 καὶ

239 702 501 769 τελευτὴν
548 700 769 753 ἀκούων
815 700 1123 770 ἀνθρώπου
1179 702 1312 763 συὸς
1359 701 1556 772 ἀγρίου
1605 702 1792 768 θυμὸν
1843 700 1922 754 ἐπ’

241 789 413 842 αὐτὸν
450 786 672 857 ἔχοντος
712 789 814 842 οὐκ
854 788 943 842 ε’πὶ
981 793 1187 859 θοίνην
1226 788 1316 842 καὶ
1349 791 1519 842 πότον
1556 788 1648 843 καὶ
1689 791 1783 852 τὰς
1823 789 1930 842 ἀπὸ

239 886 350 929 τῶν
403 880 585 945 μίμων
638 877 842 946 ἡδονὰς
896 876 1183 948 ἐτράπετο,
1238 876 1354 931 ἀλλ’
1402 877 1775 947 ἐκβεβηκότων
1827 876 1931 947 μὲν

240 974 350 1017 τῶν
388 974 665 1035 χρησμῶν,
713 974 811 1034 γῆς
850 963 911 1018 δὲ
950 965 1041 1019 καὶ
1080 967 1356 1035 θαλάττης
1394 965 1488 1019 ὑπ’
1520 966 1665 1039 αὐτῷ
1707 986 1929 1035 γεγενη-

174 1074 216 1106 10
240 1052 430 1122 μένης,
485 1053 910 1121 ἀντιβλέποντος
965 1051 1026 1107 δὲ
1077 1054 1334 1123 οὐδενός,
1391 1054 1513 1118 ἑνὸς
1564 1052 1625 1107 δὲ
1672 1049 1814 1107 εἶναι
1864 1056 1931 1106 τὰ

238 1142 416 1194 πάντα
461 1142 685 1195 πάντων
736 1142 1176 1211 ὁμολογούντων,
1233 1144 1400 1196 οὐδὲν
1452 1140 1512 1196 δὲ
1559 1142 1931 1211 ἀναγκασθεὶς

239 1225 318 1282 ὧν
358 1230 459 1282 οὐκ
500 1229 757 1298 ἐβούλετο
800 1231 1022 1300 δρᾶσαι,
1071 1232 1294 1284 πάντων
1334 1232 1395 1284 δὲ
1441 1232 1588 1303 αὐτῷ
1634 1233 1930 1300 βασιλείων

240 1318 605 1390 ἀνεῳγμένων
651 1321 729 1381 εἰς
774 1325 994 1390 θρῆνον
1040 1319 1350 1388 κατηνέχθη
1396 1318 1488 1372 καὶ
1536 1319 1748 1389 δάκρυα
1794 1320 1930 1372 κατὰ

239 1417 350 1459 τῶν
405 1409 609 1475 λογίων
663 1406 825 1478 ἔρρει.
907 1408 1026 1461 120.
1081 1407 1172 1461 καὶ
1225 1405 1393 1461 οὐδὲν
1445 1404 1517 1477 ἦν
1573 1409 1930 1478 ἰσχυρότερον

174 1515 214 1548 15
239 1503 334 1563 τῆς
381 1497 623 1564 φύσεως,
675 1495 792 1549 ἀλλ’
824 1496 1073 1566 ἐρώτημα
1117 1506 1336 1567 πρῶτον
1377 1496 1405 1549 ὁ
1446 1497 1639 1566 νεκρὸς
1689 1495 1780 1549 καὶ
1818 1502 1927 1548 ποῦ

238 1585 298 1636 τὸ
339 1593 493 1652 σῶμα
531 1583 621 1637 καὶ
662 1587 710 1638 εἰ
748 1593 965 1652 τιμᾶται
1004 1587 1070 1654 τὰ
1109 1587 1305 1638 εἰκότα.
1375 1585 1550 1647 οὕτως
1588 1582 1658 1653 ’ἦν
1697 1584 1929 1653 χρηστὸς

238 1671 363 1742 περὶ
410 1674 508 1725 τὸν
554 1674 619 1725 τὰ
665 1681 765 1726 τοῦ
807 1672 1086 1743 Κρέοντος
1132 1673 1202 1727 ἂν
1241 1672 1321 1726 ἐπ’
1355 1674 1501 1745 αὐτῷ
1535 1673 1928 1741 μιμησάμενον.

150 1772 191 1816 R
213 1777 297 1816 562
375 1761 464 1812 καὶ
497 1761 598 1813 οὐκ
633 1761 877 1814 ἐνταῦθα
907 1764 972 1814 τὰ
1002 1763 1138 1832 πρὸς
1168 1764 1267 1815 τὸν
1293 1764 1584 1831 οἰχόμενον
1616 1763 1770 1828 ἔστη,
1792 1760 1928 1812 ἀλλὰ

239 1847 437 1916 κατέβη
477 1846 578 1915 μὲν
617 1850 694 1911 εἰς
732 1850 830 1902 τὸν
866 1849 1059 1916 λιμένα
1097 1859 1191 1918 τῆς
1230 1850 1467 1917 μεγάλης
1504 1851 1714 1911 πόλεως
1751 1849 1929 1901 πάντα

173 1958 216 1990 20
241 1935 463 2005 ἀγείρας
501 1938 599 1989 τὸν
647 1937 858 2006 ὅμιλον,
914 1941 991 1990 ἔτι
1040 1935 1101 1990 δὲ
1147 1937 1506 2005 κομιζομένου
1555 1938 1648 1990 διὰ
1693 1944 1788 2004 τῆς
1825 1941 1928 1988 θα-

242 2024 437 2092 λάττης
498 2022 729 2094 ᾤμωζεν.
807 2026 983 2093 ἥψατο
1047 2023 1107 2078 δὲ
1169 2035 1294 2078 ταῖν
1356 2034 1542 2094 χεροῖν
1603 2032 1698 2091 τῆς
1754 2029 1925 2092 σοροῦ

239 2112 417 2165 πάντα
455 2114 733 2178 βασιλείας
772 2113 1021 2181 σύμβολα
1059 2114 1204 2180 πλὴν
1242 2120 1336 2180 τῆς
1374 2112 1650 2180 χλαμύδος
1702 2111 1927 2180 ἀπορρί-

362 2246 413 2284 17
449 2241 585 2298 Soph.
612 2242 718 2285 Ant.
748 2245 831 2285 198
846 2256 911 2296 sq.

362 2351 383 2387 1
419 2344 613 2403 ἤρχοντο
647 2345 696 2388 in
721 2344 882 2403 ἤρχετο
915 2358 1017 2388 corr
1035 2346 1095 2388 Μ
1105 2344 1122 2368 ²
1246 2350 1267 2387 1
1303 2345 1426 2401 αὐτῷ
1452 2371 1506 2377 —-
1533 2349 1557 2386 2
1583 2350 1927 2399 παραινοῦντος

242 2417 315 2447 om
335 2406 418 2448 Mo
533 2410 555 2447 1
581 2404 665 2461 τὴν
690 2402 824 2461 νίκην
850 2403 975 2463 αὐτῷ
990 2404 1034 2447 V
1132 2408 1159 2446 4
1185 2404 1545 2460 ἀναγιγνώσκων
1562 2403 1637 2447 La
1745 2406 1771 2445 8
1796 2400 1925 2456 ἐτρά-

240 2521 350 2549 πετο
368 2507 403 2549 Ι
420 2507 500 2550 sed
526 2523 546 2550 ε
572 2520 712 2563 supra
737 2524 766 2550 α
783 2506 853 2549 m²
914 2479 1125 2560 ἐτρῖπετο
1144 2507 1228 2550 Mo
1283 2505 1491 2560 ἐτρέπετο
1513 2506 1669 2550 OBLa
1687 2504 1787 2547 Mor
1804 2503 1926 2546 Fabr

301 2568 326 2606 9
360 2571 442 2622 γῆς
473 2564 542 2622 δὲ]
577 2567 657 2611 καὶ
688 2571 773 2622 γῆς
796 2566 894 2610 PU
1008 2569 1062 2607 10
1094 2561 1142 2607 δ’
1174 2565 1477 2609 OBMoLaU
1501 2563 1591 2607 edd
1619 2564 1625 2621 Ι
1653 2560 1699 2607 δ’
1730 2562 1921 2619 ΟΕαΠΙ

243 2619 364 2667 εἶναι
380 2623 505 2667 inser
521 2623 579 2669 Of
668 2629 720 2667 11
740 2621 785 2668 δ’
811 2623 1053 2667 GLaURe
1148 2628 1199 2666 12
1220 2623 1304 2667 οὐκ
1321 2622 1445 2666 inser
1460 2621 1547 2666 Μ2
1573 2622 1579 2680 Ι
1607 2619 1653 2665 δ’
1679 2620 1930 2665 OMoLaU

243 2681 334 2724 edd
426 2686 479 2725 15
504 2682 674 2728 litteris
691 2679 734 2726 λ’
756 2683 965 2738 ἐρώτημα
978 2681 1147 2737 incipit
1163 2681 1242 2725 fol.
1256 2686 1339 2725 189
1358 2695 1504 2736 eoque
1521 2694 1677 2723 rursus
1696 2679 1925 2733 scriptura

243 2740 438 2794 antiqua
453 2741 502 2784 in
522 2741 559 2785 0
656 2746 709 2785 16
735 2741 776 2785 εἰ
800 2754 875 2784 om
894 2742 956 2785 M
977 2741 983 2797 Ι
1011 2735 1069 2796 ἦν
1090 2741 1126 2784 Ο
1147 2741 1228 2783 sed
1246 2757 1272 2783 ν
1298 2741 1392 2783 add
1407 2754 1429 2784 s
1521 2743 1573 2782 17
1599 2745 1680 2782 τοῦ
1698 2737 1822 2780 inser
1838 2736 1895 2781 1²
1915 2737 1920 2795 Ι

242 2798 386 2841 αὐτὸν
405 2799 465 2841 Μ
565 2804 617 2843 18
643 2799 700 2843 τὰ
724 2799 848 2843 inser
864 2799 936 2843 P³
997 2813 1072 2842 om
1095 2800 1225 2843 VIM
1231 2799 1274 2843 U
1293 2800 1358 2854 (eb
1374 2800 1467 2854 Ba)
1568 2801 1620 2840 19
1646 2794 1815 2853 κατέβη
1841 2795 1923 2850 μὲν

242 2857 344 2901 Mor
375 2858 455 2900 sed
487 2875 541 2912 γρ
566 2857 822 2916 κατέβημεν
846 2857 895 2900 in
919 2870 1051 2912 marg
1172 2862 1228 2900 20
1261 2855 1440 2914 ἐγείρας
1463 2856 1548 2900 Mo
1575 2855 1582 2914 Ι
1608 2860 1690 2911 τῆς
1712 2854 1837 2898 inser
1852 2852 1924 2897 Ρ2

303 2931 376 2958 om
403 2917 610 2960 VLaIM
615 2917 658 2960 U
685 2918 750 2972 (et
781 2917 873 2972 Ba)
903 2919 909 2973 Ι
936 2915 1176 2972 θαλάσσης
1199 2918 1289 2960 IM
1408 2920 1461 2958 21
1494 2921 1575 2971 τῆς
1599 2911 1832 2972 βασιλείας
1854 2912 1923 2955 ΒΘ
