2060 3162
204 127 312 180 306
693 125 920 170 LIBANII
952 125 1175 170 ORATIO
1206 124 1356 170 XVIII

201 283 305 326 τως
343 257 511 324 αὖθις
554 262 927 331 παρεσκεύασε
972 262 1039 314 τὰ
1082 269 1194 314 τῶν
1231 264 1484 315 Μουσῶν
1530 266 1758 331 χλοῆσαι
1793 261 1887 315 καὶ
1936 302 1940 307 -

202 354 266 404 τὰ
305 352 378 414 ὡς
417 349 638 418 ἀληθῶς
677 351 874 420 ἄριστα
910 349 1173 402 κάλλιστα
1209 355 1547 419 νομισθῆναι
1576 349 1668 403 καὶ
1707 352 1779 420 μὴ
1817 353 1885 404 τὰ

200 449 315 502 τοῖς
369 440 591 501 δούλοις
652 439 1001 509 προσήκοντα
1053 446 1165 490 τῶν
1218 446 1333 501 τοῖς
1386 437 1704 509 ἐλευθέροις
1756 457 1886 509 πρε-

198 530 419 581 πόντων
458 528 738 581 δύνασθαι
776 530 981 580 πλεῖον.

155 638 173 670 5
315 616 431 669 161.
483 618 680 669 Καίτοι
727 618 785 668 τί
828 618 1012 682 μεῖζον
1058 620 1202 668 εἴποι
1247 634 1328 678 τις
1367 614 1436 668 ἂν
1481 624 1579 670 τοῦ
1619 619 1789 680 θεούς
1826 637 1883 670 τε

196 703 287 757 καὶ
340 710 491 758 θεῶν
546 705 729 774 δῶρον
781 705 843 758 τὸ
896 703 1173 772 μέγιστον,
1227 706 1356 767 τοὺς
1406 706 1629 774 λόγους,
1684 705 1743 758 ἐκ
1787 714 1884 775 τῆς

197 791 423 863 ἐσχάτης
455 793 669 863 ἀτιμίας
703 794 779 856 εἰς
810 794 871 846 τὸ
904 797 1171 862 τιμᾶσθαι
1209 801 1548 863 προαγαγεῖν
1577 794 1885 863 παρέχοντα

195 878 297 950 μὲν
335 882 505 935 αὑτὸν
544 882 634 935 διὰ
672 882 848 950 πάσης
885 889 979 950 τῆς
1017 884 1240 949 πορείας
1280 891 1592 951 σοφισταῖς,
1630 881 1881 952 ἐκτρεπό-

193 989 364 1037 μενον
395 967 456 1023 δὲ
486 979 579 1040 τῆς
611 971 832 1033 εὐθείας
864 969 999 1023 ὁδοῦ
1029 971 1167 1023 κατὰ
1192 969 1335 1023 θέαν
1368 971 1547 1040 ἱερῶν,
1589 969 1883 1038 ἐνεγκόντα

128 1082 172 1113 10
197 1055 258 1112 δὲ
297 1058 498 1130 ῥᾳδίως
535 1054 834 1128 καὶμῆκος
874 1058 1010 1112 ὁδοῦ
1041 1057 1132 1111 καὶ
1163 1060 1501 1127 χαλεπότητα
1532 1057 1623 1111 καὶ
1654 1060 1882 1122 θάλπος.

198 1147 316 1199 162.
357 1143 424 1200 οὗ
466 1148 533 1216 δὴ
571 1146 662 1200 καὶ
701 1147 874 1215 μέγαν
911 1154 1007 1215 τῆς
1046 1147 1325 1214 εὐσεβείας
1355 1146 1455 1200 τὸν
1485 1148 1693 1214 μισθὸν
1723 1147 1880 1215 ἠνέγ-

193 1255 323 1290 κατο
371 1238 539 1305 γνοὺς
585 1237 733 1305 παρὰ
777 1245 889 1289 τῶν
936 1236 1135 1289 αὐτόθι
1183 1236 1480 1304 δαιμόνων,
1535 1235 1618 1288 ὅτι
1664 1255 1721 1287 τε
1767 1235 1880 1289 ἐπι-

192 1326 518 1393 βουλεύοιτο
550 1324 640 1378 καὶ
671 1326 788 1394 ἥτις
819 1324 852 1393 ἡ
887 1326 1141 1395 σωτηρία.
1211 1325 1302 1378 διὰ
1332 1332 1496 1377 τοῦτο
1530 1332 1623 1392 τῆς
1654 1327 1879 1394 πορείας

192 1415 289 1468 τὸν
347 1414 571 1483 ῥυθμὸν
623 1415 977 1483 μεθαρμόσας
1031 1420 1243 1467 θᾶττον
1296 1412 1328 1481 ἢ
1383 1415 1634 1483 πρόσθεν
1688 1413 1879 1485 ἐχώρει

129 1525 171 1557 15
193 1501 283 1556 καὶ
323 1502 583 1572 διέφευγε
620 1504 722 1571 τὴν
761 1501 1005 1573 ἐνέδραν.

304 1591 422 1643 163.
462 1590 575 1644 Καὶ
607 1590 796 1660 ἐπιβὰς
822 1593 1034 1661 Συρίας
1072 1590 1204 1661 χρέα
1231 1610 1289 1643 τε
1329 1591 1497 1653 λύσας
1537 1599 1654 1653 ταῖς
1685 1593 1878 1644 πόλεσι

188 1680 279 1733 καὶ
333 1680 526 1749 φανεὶς
575 1678 637 1733 ἐν
685 1678 932 1749 τεμένεσι
984 1678 1077 1732 καὶ
1127 1683 1312 1733 λαλῶν
1362 1682 1688 1746 βουλευταῖς
1739 1680 1877 1746 πρὸς

189 1767 370 1821 ἕδεσιν
410 1769 627 1838 ὥρμησε
677 1769 779 1837 μὲν
825 1768 998 1831 εὐθὺς
1045 1767 1134 1821 ἐπὶ
1178 1769 1280 1836 τὴν
1329 1771 1563 1838 Περσῶν
1608 1771 1878 1837 τιμωρίαν

98 1869 245 1912 3577
295 1855 386 1909 καὶ
426 1857 527 1910 οὐκ
564 1855 720 1925 ἠξίου
771 1855 991 1925 μέλλειν
1037 1854 1155 1909 οὐδ’
1189 1855 1250 1909 ἐν
1290 1864 1355 1926 τῇ
1405 1855 1655 1927 καθέδρᾳ
1712 1855 1718 1926 Ι
1774 1857 1876 1924 τὴν

121 1966 165 1997 20
190 1945 339 2013 ὥραν
394 1945 655 2012 ἀναλοῦν,
711 1945 952 1998 ὁπλιτῶν
1006 1941 1068 1998 δὲ
1121 1945 1212 1997 καὶ
1265 1945 1447 1997 ἵππων
1502 1944 1874 2013 ἀπειρηκότων

187 2030 278 2085 καὶ
318 2034 519 2102 μικρὰν
566 2033 871 2085 αἰτούντων
919 2032 1197 2102 ἀναβολὴν
1237 2034 1384 2084 ἄκων
1428 2031 1545 2100 μέν,
1593 2031 1667 2093 ὡς
1704 2030 1774 2084 ἂν
1811 2030 1874 2083 ἐν

308 2161 792 2216 9ΑΠ1111ὛΧΧΠ95

187 2295 254 2346 gr.
274 2283 358 2322 219
393 2280 664 2337 apographo
689 2278 1043 2336 Langbainiano
1078 2279 1151 2336 (cf.
1176 2294 1220 2335 p.
1241 2282 1343 2336 226)
1366 2280 1427 2323 Io.
1457 2278 1716 2335 christoph.
1743 2278 1879 2322 Wolf

187 2340 234 2381 in
259 2338 445 2382 Libanii
478 2339 714 2394 sophistae
747 2338 1049 2395 epistolarum
1082 2338 1234 2382 adhuc
1264 2352 1357 2382 non
1385 2338 1618 2381 editarum
1649 2338 1872 2382 centuriis

186 2398 373 2454 Lipsiae
407 2402 517 2441 1711
544 2412 588 2453 p.
610 2401 843 2440 301—310
876 2399 947 2453 (=
966 2396 1119 2454 Wolf>
1240 2402 1265 2439 3
1297 2405 1394 2447 τοῖς
1424 2399 1484 2454 (2)
1516 2398 1641 2442 inser
1672 2397 1733 2440 12
1794 2411 1869 2440 om

191 2456 360 2500 OBMo
373 2457 506 2500 VPU
622 2461 648 2499 4
681 2454 818 2500 πλέον
846 2457 888 2500 V
1003 2460 1027 2498 5
1058 2457 1160 2514 τοῦ]
1192 2472 1243 2499 το
1269 2470 1373 2499 cum
1396 2469 1557 2500 rasura
1584 2462 1696 2499 1—-2
1728 2455 1806 2498 litt
1831 2456 1876 2500 U

247 2519 270 2557 7
303 2522 618 2572 προσαγαγεῖν
660 2516 958 2560 MoLaIMP
998 2515 1078 2558 sed
1116 2515 1165 2557 in
1197 2515 1269 2558 his
1301 2515 1480 2559 duobus
1513 2530 1539 2559 σ
1571 2529 1771 2566 erasum,
1805 2516 1871 2570 (et

187 2575 281 2630 Ba)
311 2573 445 2616 Wolf
472 2574 593 2618 Fabr
759 2578 813 2617 10
846 2572 898 2618 δὲ
930 2588 1003 2617 0111
1030 2575 1073 2617 V
1247 2579 1301 2617 13
1334 2578 1550 2619 διατοῦτο
1582 2549 1813 2618 BVIM'P

188 2637 243 2676 14
273 2632 354 2675 τὸν
387 2629 571 2688 ρυθμὸν
595 2634 630 2676 Ι
653 2633 735 2676 sed
767 2649 821 2677 ον
846 2634 893 2676 eb
916 2635 1016 2688 υθμ
1047 2632 1095 2675 in
1119 2646 1193 2676 ras
1216 2633 1287 2676 m²
1313 2634 1319 2690 Ι
1348 2632 1646 2690 μεθαρμόσας
1678 2633 1752 2676 La
1785 2632 1866 2674 sed

186 2691 309 2746 μεθ’
297 2706 345 2734 ln
362 2705 474 2734 rass
581 2697 635 2735 15
653 2689 762 2748 διὲφ
764 2709 821 2749 υγ
824 2650 1016 2735 εΨοΠμ
1010 2694 1015 2747 Ι
1045 2692 1238 2747 ἕνεδραν
1258 2693 1503 2736 VLaFabr
1606 2697 1658 2734 16
1685 2688 1866 2745 Συρίαν

185 2749 308 2793 Fabr
334 2751 340 2807 Ι
367 2765 414 2793 τε
438 2750 596 2808 λύσας]
620 2709 821 2800 τελέσαςγ
825 2750 946 2793 Fabr
974 2751 979 2806 Ι
1006 2748 1194 2796 πόλεσιν
1211 2753 1286 2795 La
1403 2756 1456 2794 17
1481 2749 1714 2823 τεμένεσιν
1732 2750 1806 2793 La

188 2813 242 2852 18
276 2807 425 2853 ἔθεσιν
450 2822 506 2852 ex
531 2809 680 2853 ἔδεσιν
706 2824 805 2853 corr
829 2808 897 2852 B2
958 2807 1121 2853 ’ἔδεσιν
1146 2812 1181 2853 Ι
1243 2810 1392 2855 ἔδεσιν
1418 2810 1503 2854 Mo
1565 2806 1772 2864 ωρμησεν
1788 2809 1866 2852 La

189 2868 194 2926 l
229 2866 313 2922 μὲν
338 2881 412 2911 om
437 2868 510 2911 La
538 2870 544 2923 Ι
572 2867 655 2923 τὴν
678 2875 770 2912 τῶν
795 2869 905 2912 LaI
908 2868 952 2912 U
974 2868 1096 2911 Fabr
1118 2869 1187 2911 Re
1308 2873 1361 2912 19
1395 2865 1497 2912 οὐδ’
1528 2867 1605 2942 vL
1616 2866 1754 2910 οὐδὲν
1780 2868 1865 2911 Mo

245 2931 301 2970 20
333 2925 395 2981 ὥρ
428 2925 503 2970 La
535 2926 615 2969 sed
648 2929 766 2970 acub.
800 2941 822 2971 s
854 2929 900 2970 et
929 2929 1037 2983 post
1068 2944 1092 2981 ρ
1125 2940 1285 2970 rasura
1318 2933 1343 2970 2
1374 2927 1454 2971 litt
1479 2929 1486 2983 Ι
1514 2926 1639 2970 ὦσαν
1664 2926 1709 2969 Β
