2060 3162
674 140 901 186 LIBANH
933 139 1156 186 ORATIO
1188 139 1273 184 XX
1717 140 1829 192 425

145 282 307 331 λῦσαι
345 278 596 330 θάνατον
634 276 724 329 καὶ
767 275 1040 347 “Ηρακλῆς
1078 283 1174 347 μιᾷ
1213 296 1321 329 τινι
1361 277 1599 344 γυναικί,
1640 274 1726 329 σοὶ
1767 273 1828 329 δὲ

144 366 268 435 περὶ
289 367 443 436 ’ὅλην
484 373 647 418 τοῦτο
687 365 990 434 πέπρακται
1020 368 1211 418 πόλιν·
1249 366 1319 434 ἣν
1351 365 1499 427 ὅστις
1531 364 1829 433 ἀναβεβιω-

145 455 298 508 κέναι
368 454 548 523 λέγοι,
618 459 794 516 καλῶς
856 453 926 506 ἂν
994 453 1159 522 λέγοι.
1242 461 1512 506 τοσοῦτον
1573 458 1827 522 εἴργαστο

147 545 392 613 δρασμὸν
431 543 460 597 ὁ
501 545 678 612 φόβος
717 543 784 596 οὐ
831 551 934 596 σοῦ
982 544 1212 611 φεύγειν
1258 542 1690 611 ἀναγκάσαντος,
1735 550 1830 611 τῆς

144 632 206 684 δὲ
259 633 642 702 προσηκούσης
696 633 958 701 τιμωρίας
1010 639 1110 684 τοῦ
1165 630 1339 693 δέους.
1416 630 1445 683 ὃ
1492 632 1729 698 παύσας,
1785 627 1827 684 ὦ
1875 650 1896 683 5

141 723 389 789 βασιλεῦ,
430 722 634 790 μεστὴν
674 716 841 783 αὖθις
881 720 1147 789 σωμάτων
1186 718 1468 789 ἀπέφηνας
1512 721 1614 788 τὴν
1651 721 1828 772 πόλιν.

254 811 301 862 9.
358 812 411 862 Γ
404 811 527 878 νοίη
578 808 627 862 δ’
660 811 729 862 ἄν
775 829 881 876 τις,
932 809 1092 877 ἡλίκα
1139 807 1396 876 δέδωκεν,
1443 810 1490 861 εἰ
1530 811 1829 877 λογίσαιτο,

143 900 316 961 πόσος
370 898 439 951 ἂν
484 895 554 966 ἦν
602 898 748 970 αὐτῷ
798 900 961 966 λόγος
1014 896 1265 950 ἐπιθέντι
1310 898 1411 966 τὴν
1465 896 1830 966 ὀφειλομένην

144 988 321 1056 δίκην,
369 987 441 1055 ἣν
491 992 548 1039 εἴ
592 1007 675 1050 τις
726 985 985 1056 ᾐτιάσατο
1035 988 1300 1054 λαβόντα,
1355 986 1706 1056 συκοφάντης
1760 985 1830 1038 ἂν

142 1072 224 1144 ἦν.
287 1073 356 1144 ἦν
397 1074 446 1128 δ’
480 1075 549 1128 ἂν
586 1075 619 1143 ἡ
652 1078 1006 1144 προσήκουσα
1040 1077 1162 1143 δίκη
1203 1077 1347 1128 πολὺ
1378 1075 1480 1143 μὲν
1513 1067 1659 1143 αἷμα,
1698 1078 1829 1127 πολ-
1854 1096 1898 1129 10

143 1163 231 1217 λοὶ
272 1162 332 1218 δὲ
371 1166 582 1234 νεκροί,
631 1166 894 1234 δήμευσις
931 1174 1042 1217 τῶν
1089 1166 1284 1232 ὄντων,
1331 1163 1697 1233 ἐκβεβλῆσθαι
1735 1172 1830 1233 τῆς

144 1254 346 1315 οἰκείας
398 1252 487 1306 καὶ
540 1252 665 1322 μηδ’
697 1253 1042 1306 ἀποθανόντι
1088 1262 1331 1322 μετεῖναι
1376 1249 1648 1326 πατρῴων
1696 1273 1830 1321 μνη-

144 1342 344 1410 μάτων.
426 1342 506 1394 10.
549 1343 596 1394 εἰ
636 1343 705 1410 δή
743 1362 824 1404 τις
860 1341 1259 1408 ἐπελαμβάνετο
1291 1343 1522 1410 τούτων,
1560 1342 1622 1394 τὸ
1656 1344 1829 1410 στόμα

143 1428 213 1482 ἂν
245 1429 602 1499 ἐνεφράττετο
638 1428 645 1501 Ι
680 1438 842 1483 τοῦτο
873 1427 975 1499 μὲν
1005 1440 1123 1492 ταῖς
1153 1433 1540 1499 βλασφημίαις,
1572 1438 1736 1483 τοῦτο
1768 1443 1811 1486 R
1832 1447 1917 1487 657

144 1515 205 1571 δὲ
243 1527 362 1581 ταῖς
400 1520 607 1571 εἰκόσιν
639 1518 784 1572 οὕτω
819 1522 1062 1581 πολλαῖς.
1140 1519 1278 1589 πρὸς
1315 1520 1419 1589 γὰρ
1461 1519 1528 1587 δὴ
1568 1520 1667 1572 τὸν
1705 1520 1827 1572 ἄτο-
1853 1540 1896 1573 15

143 1625 251 1660 πον
290 1606 502 1660 ἐκεῖνον
540 1603 611 1675 ἦν
642 1605 712 1659 ἂν
742 1614 816 1680 τῷ
842 1610 1057 1676 βασιλεῖ
1088 1607 1293 1675 λέγειν·
1334 1609 1664 1677 ἄνθρωπε,
1703 1617 1830 1660 τῶν

145 1696 443 1764 ῥημάτων
504 1696 620 1749 οὐκ
682 1695 982 1765 ἀκήκοας;
1043 1698 1196 1758 τοὺς
1257 1695 1650 1765 ἑλκομένους
1712 1696 1829 1749 οὐκ

145 1781 339 1848 εἷδες;
401 1785 456 1837 εἰ
509 1785 627 1853 γὰρ
689 1783 838 1854 περὶ
893 1787 1096 1853 μόνον
1148 1785 1261 1838 τὸν
1320 1786 1643 1853 νεώτερον
1703 1794 1830 1837 τῶν

142 1874 394 1926 παίδων
424 1871 596 1925 ταῦτ’
626 1869 704 1940 ἧν
735 1873 1168 1942 ἠσελγημένα,
1208 1873 1440 1943 φέρειν
1471 1875 1625 1926 ἔδει·
1665 1875 1719 1927 εἰ
1760 1874 1830 1927 δὲ

141 1963 525 2030 πρόσκειται
572 1959 687 2028 μὲν
726 1962 754 2015 ὁ
794 1963 1263 2032 πρεσβύτερος,
1308 1964 1512 2034 τούτῳ
1553 1963 1621 2016 δὲ
1659 1963 1691 2031 ἡ
1731 1983 1827 2016 τε-
1851 1985 1896 2016 20

142 2058 373 2118 κοῦσα,
427 2058 498 2121 τῇ
545 2052 821 2121 τεκούσῃ
871 2048 939 2104 δὲ
985 2050 1131 2120 ἐγώ,
1185 2050 1290 2104 καὶ
1337 2052 1405 2104 τὸ
1454 2053 1529 2121 δὴ
1579 2051 1829 2104 τούτων

142 2137 634 2210 ἀφορητότερον
672 2139 840 2210 ἐμοί,
886 2141 1000 2194 τὸν
1041 2140 1232 2194 ἱππέα
1278 2142 1392 2194 τὸν
1428 2139 1671 2210 πατέρα
1717 2141 1828 2193 τὸν

142 2225 298 2295 ἐμὸν
345 2228 512 2300 αὐτῷ
557 2230 725 2301 ἵππω
773 2232 1299 2298 κατενεγκόντες,
1354 2230 1565 2297 ὥσπερ
1614 2227 1681 2282 ἐν
1729 2230 1828 2282 ἱπ-

263 2362 316 2400 19
349 2358 479 2402 Dem.
507 2373 543 2403 c.
570 2359 683 2403 Mid.
708 2375 751 2416 p.
779 2365 879 2414 521,
899 2365 924 2403 2

262 2481 287 2518 3
320 2474 440 2532 λέγει
466 2478 551 2520 VT
572 2479 578 2533 Ι
604 2476 709 2535 λέγη
735 2480 809 2522 Ρα
836 2481 841 2534 Ι
870 2477 1114 2535 εἰργάσατο
1140 2478 1327 2522 ΡαΒΜ
1443 2482 1470 2519 4
1502 2475 1675 2533 δρόμον
1699 2478 1767 2522 Re

143 2538 168 2577 5
201 2542 282 2578 τοῦ
315 2532 451 2585 δέους
483 2536 611 2580 VRe
699 2536 752 2580 τὸ
784 2535 890 2587 δέος
918 2537 1088 2592 reliqui
1111 2537 1220 2580 libri
1254 2537 1335 2581 sed
1367 2536 1416 2579 in
1445 2543 1527 2580 τοῦ
1559 2534 1695 2586 δέους
1726 2551 1828 2580 corr

148 2593 218 2647 ΟΒ,
244 2594 346 2637 Mor
484 2598 507 2636 ⁷
540 2592 747 2645 δέδωκας
777 2595 879 2639 Mor
911 2597 992 2639 sed
1023 2613 1076 2652 γρ
1102 2594 1305 2641 δέδωκεν
1336 2595 1385 2638 in
1408 2608 1542 2652 marg
1673 2601 1726 2639 12
1760 2596 1826 2639 οἰ-

143 2649 272 2702 κείας
294 2652 362 2695 Re
425 2650 577 2704 οἰκίας
605 2653 716 2697 libri
740 2654 841 2697 Mor
878 2657 884 2711 Ι
922 2655 981 2711 μὴ
1008 2652 1054 2700 δ’
1074 2656 1386 2699 AVIPaBM
1422 2658 1428 2711 Ι
1470 2655 1696 2710 πατρώων
1721 2655 1766 2698 Β

146 2715 199 2754 13
242 2711 292 2755 δὲ
325 2710 384 2765 δή
417 2711 521 2754 coni
551 2711 634 2765 Re,
666 2711 719 2756 δέ
751 2712 954 2757 Sintenis
1118 2719 1171 2757 15
1212 2713 1298 2770 γὰρ
1331 2726 1406 2756 om
1430 2713 1533 2756 Mor
1690 2718 1744 2757 16
1776 2714 1827 2758 ἐν

144 2769 247 2813 Mor
369 2774 423 2813 18
455 2768 600 2825 μόνον
631 2771 712 2815 τὸν
737 2772 961 2827 νεώτερον
985 2774 1020 2817 Ι
1044 2773 1126 2817 sed
1156 2771 1302 2829 μόνον
1331 2772 1414 2816 τὸν
1445 2787 1495 2817 νε
1526 2771 1577 2815 in
1599 2786 1674 2816 ras
1697 2771 1767 2816 m²

147 2832 200 2871 19
233 2826 293 2873 ἂν
325 2831 433 2872 ante
464 2824 523 2885 ἦν
555 2829 689 2883 PaU‚
722 2830 846 2875 inser
877 2830 933 2874 1²
956 2831 1022 2875 Re
1187 2837 1241 2875 21
1275 2828 1320 2874 δ’
1349 2830 1416 2874 Re
1455 2833 1460 2887 Ι
1498 2830 1689 2876 πάντων
1720 2831 1825 2875 τού-

142 2903 236 2930 των
268 2888 341 2931 Ρα
363 2887 432 2931 Re
583 2893 638 2931 22
681 2887 1034 2946 ἀφορητότατον
1074 2890 1178 2934 coni
1209 2890 1277 2933 Re
1309 2890 1447 2933 Anim
1598 2895 1653 2933 23
1693 2906 1826 2934 κατε·

146 2944 386 3002 νεγκόντες
417 2945 541 2990 ’ἵππω
567 2949 597 2990 Ι
