2060 3162
277 120 383 172 154
827 118 1054 163 LIBANII
1086 116 1308 164 ORATIO
1341 118 1426 163 XV

269 254 495 309 ἐπειδὰν
562 263 1020 325 προαπαντῶντες
1088 252 1355 324 ἐρωτῶσι·
1423 255 1842 323 πεπείκαμεν,
1912 251 1954 307 ὦ

268 343 665 414 πρεσβευτά;
704 345 762 395 τί
797 341 1198 412 άποκρίνωμαι;
1248 344 1598 412 προσωπείου
1639 363 1731 411 μοι
1773 343 1954 411 δεήσει

267 434 389 484 τότε
443 432 475 500 ἢ
529 432 598 500 νὴ
639 433 753 484 Δία
806 450 884 499 γε,
947 431 1146 494 νυκτὸς
1200 432 1277 493 εἰς
1329 432 1430 500 τὴν
1483 432 1705 484 εἴσοδον
1758 439 1955 502 καιροῦ

268 521 609 589 κρύπτοντος
670 519 1109 589 φοινισσομένην·
1165 520 1411 589 παρειάν.
1489 525 1630 573 οἴκοι
1686 517 1747 573 δὲ
1805 522 1956 588 γενό-

223 629 243 661 5
269 629 439 677 μενον
479 608 684 678 ἀνάγκη
726 606 1133 679 καθειργμένον
1170 607 1374 677 μένειν,
1413 609 1486 671 ὡς
1518 608 1617 661 οὐκ
1659 609 1792 661 οἴσω
1828 611 1956 671 τοὺς

269 699 347 760 εἰς
386 694 476 764 ἐμὲ
515 696 816 766 βλέποντας
855 697 1179 760 δεικνύντας
1216 706 1331 759 τοῖς
1378 696 1543 760 πέλας
1589 697 1687 750 τὸν
1732 695 1956 766 ἡττημέ-

268 806 383 839 νον.
461 786 547 839 84.
587 785 725 839 ἀλλὰ
763 787 867 856 γὰρ
902 788 1053 839 ἔστιν
1091 787 1224 855 ἡμῖν
1263 787 1362 855 ὄρη
1402 787 1609 854 μεγάλα
1648 787 1738 839 καὶ
1769 786 1956 854 ὑψηλὰ

267 875 356 927 καὶ
397 875 575 943 λάσια,
617 873 942 945 ἀνθρακέων
979 875 1151 927 τινῶν
1190 875 1352 944 δῆμοι
1392 872 1483 927 καὶ
1523 875 1695 944 ἄντρα
1733 873 1822 927 καὶ
1863 894 1955 927 κα-

267 964 447 1031 λύβαι.
523 964 670 1034 παρὰ
719 964 952 1027 τούτους
1001 962 1110 1032 ἥξω
1161 962 1530 1032 μεταθέμενος
1575 963 1818 1032 τοῦνομα
1864 961 1955 1016 καὶ

201 1074 245 1105 10
271 1053 473 1121 στολὴν
504 1052 836 1120 μεταλλάξας
866 1052 956 1106 καὶ
991 1053 1093 1106 ὅσα
1132 1051 1201 1105 ἂν
1234 1051 1322 1123 ἐξῇ
1354 1061 1465 1105 τῶν
1495 1050 1619 1122 περὶ
1651 1053 1711 1105 τὸ
1742 1053 1956 1121 πρόσω-

266 1158 387 1193 πον.
478 1140 723 1194 ἐνταῦθα
774 1140 854 1194 ἐπ’
905 1140 1130 1212 ἐρημίας
1180 1143 1429 1210 κείσομαι
1480 1142 1666 1210 πόρρω
1718 1148 1811 1208 τῆς
1861 1142 1956 1192 πό-

267 1233 418 1296 λεως,
457 1231 527 1298 ἣν
567 1230 667 1283 οὐκ
705 1228 870 1299 ἔσχον
910 1229 1118 1299 ὀνῆσαι.

379 1316 463 1370 85.
519 1322 789 1389 Χορηγῶν
842 1316 944 1388 μὲν
997 1318 1266 1387 ἐγενόμην
1321 1320 1565 1387 ἔκγονος,
1615 1314 1656 1370 ὦ
1712 1320 1955 1386 βασιλεῦ,

270 1417 530 1476 χορηγεῖν
569 1407 631 1460 δὲ
663 1408 827 1470 αὐτὸς
864 1407 972 1460 ὑπὸ
1005 1416 1099 1476 τῆς
1138 1408 1314 1477 Τύχης
1346 1405 1650 1475 ἐκωλύθην.
1727 1405 1957 1476 αἰσχρὸν

200 1516 243 1548 15
270 1495 331 1547 δὲ
371 1498 465 1564 ζῆν
502 1492 675 1564 μηδὲν
714 1491 774 1549 εὖ
815 1505 998 1549 ποιεῖν
1035 1497 1136 1565 τὴν
1175 1496 1347 1549 αὑτοῦ
1381 1495 1707 1564 δυνάμενον.
1771 1493 1954 1562 ἐπειδὴ

265 1585 461 1636 τοίνυν
499 1594 610 1638 τῶν
650 1595 970 1655 τερπουσῶν
1005 1588 1368 1655 λειτουργιῶν
1401 1582 1806 1652 ἀπολέλειμμ-αι,
1847 1584 1956 1636 δεῖ-

268 1671 364 1734 ξόν
402 1692 467 1741 με
505 1681 569 1743 τῇ
623 1675 869 1744 σωζούσῃ
926 1674 1410 1742 φιλοτιμούμενον.
1489 1672 1573 1725 86.
1622 1673 1710 1725 καὶ
1749 1674 1824 1741 μή
1861 1691 1954 1738 μοι

267 1760 465 1829 λεγέτω
519 1781 601 1824 τις
654 1763 756 1831 τὴν
810 1760 871 1815 ἐν
917 1764 1144 1833 Κιλικίᾳ
1196 1762 1564 1832 παρασκευήν.
1649 1762 1955 1829 βουλήθητι

176 1862 325 1906 3483
364 1851 558 1919 μόνον,
598 1849 688 1903 καὶ
727 1851 904 1903 πάντα
944 1850 1143 1915 ἕψεται.
1187 1848 1193 1921 Ι
1236 1850 1397 1903 πέντε
1436 1850 1652 1919 ἡμερῶν
1691 1849 1750 1901 τὸ
1790 1845 1956 1918 ἔργον

200 1959 243 1991 20
267 1937 357 1990 καὶ
411 1941 668 2007 καμήλων
729 1940 796 1992 οὐ
855 1943 1092 1992 πολλῶν.
1170 1935 1312 2002 εἶδες
1373 1940 1511 2008 ἡμᾶς
1563 1938 1953 2006 ἠσθενηκότας,

260 2026 372 2096 ὅρα
411 2024 501 2079 καὶ
542 2027 781 2096 δύναμιν
820 2029 1056 2096 ἔχοντας.
1128 2028 1259 2096 λάβε
1289 2037 1486 2096 πεῖραν
1525 2034 1623 2079 τοῦ
1660 2027 1826 2078 τόκου
1859 2031 1954 2092 τῆς

269 2123 383 2184 γῆς,
424 2113 609 2183 ἐπειδὴ
651 2114 740 2168 καὶ
780 2125 891 2168 τῶν
930 2114 1210 2168 ἐναντίων.
1288 2123 1395 2167 νῦν
1435 2120 1552 2183 εἴσῃ
1592 2122 1806 2181 σαφῶς,
1847 2116 1958 2172 εἴτε

268 2206 459 2266 κακιάς
497 2199 566 2272 ἧν
606 2208 712 2256 εἴτε
752 2205 1048 2272 δυστυχίας
1089 2202 1283 2256 ἐκεῖνα.

389 2348 720 2405 13cf.sslp
747 2352 888 2403 8011

389 2487 410 2524 1
444 2489 833 2538 προαπαντῶντες
862 2481 929 2525 Re
1007 2488 1423 2537 προσαπαντῶντες
1455 2482 1857 2536 (προσαπαιτῶτες
1889 2479 1931 2523 U
1935 2481 1950 2534 )

267 2539 378 2584 libri
408 2541 519 2584 Fen·
543 2540 644 2584 Mor
764 2546 788 2584 2
822 2542 1166 2596 ἀποκρινοῦμαι
1189 2541 1225 2583 Ι
1250 2539 1331 2583 sed
1364 2546 1417 2582 οῦ
1450 2539 1498 2581 in
1521 2552 1596 2581 ras
1628 2537 1697 2580 m²
1757 2535 1951 2592 ἀποκρί-

270 2615 409 2654 νομαι
433 2600 543 2642 Ferr
566 2599 667 2643 Mor
787 2604 812 2642 9
845 2599 974 2655 παρὰ
991 2626 1045 2632 -—
1064 2597 1156 2655 ἥξω
1181 2599 1298 2642 citat
1320 2598 1438 2642 Plan
1461 2597 1540 2641 fol
1562 2601 1670 2640 104
1792 2602 1840 2639 11
1877 2597 1951 2640 ἐν-

267 2655 410 2700 ταῦθ’
439 2658 507 2702 Re
659 2663 714 2702 14
746 2656 791 2703 δ’
827 2659 895 2702 Re
1049 2663 1102 2701 14
1143 2658 1332 2715 αἰσχρὸν
1365 2684 1419 2689 -
1457 2661 1508 2700 15
1541 2654 1803 2710 δυνάμενον
1836 2655 1951 2698 citat

270 2716 438 2760 omisso
468 2716 519 2761 δὲ
543 2717 701 2760 Macar
725 2716 802 2761 fol.
822 2721 877 2760 88
1017 2722 1069 2760 15
1102 2720 1184 2773 ζῆν
1215 2719 1321 2760 τινὰ
1352 2716 1511 2759 Macar
1537 2717 1543 2771 1
1572 2714 1715 2757 αὑτοῦ
1747 2711 1950 2768 πατρίδα

270 2774 429 2818 Macar
551 2779 604 2818 18
636 2774 705 2826 τίς
729 2778 869 2820 ΙΒΜ
