2060 3162
264 127 373 180 320
783 127 1011 171 LIBANII
1042 127 1264 171 ORATIO
1296 128 1444 172 XVIII

265 265 366 331 τὴν
419 264 703 329 βασιλείαν
756 261 959 330 αὔξειν,
1022 261 1159 315 ἀλλὰ
1210 264 1271 316 τὸ
1325 263 1532 333 μηδένα
1592 274 1703 317 τῶν
1756 264 1944 338 ἐκείνῳ

176 365 216 408 R
238 369 321 408 586
363 350 779 419 συγγινομένων
817 352 960 419 <μὴ>
999 352 1169 405 αὐτὸν
1207 353 1352 421 ἔχειν
1388 356 1600 419 μᾶλλον
1657 355 1662 421 Ι
1719 352 1944 422 ἢ’κεῖνα

264 441 565 508 θαυμάσαι.
628 440 747 492 191.
789 439 903 493 ἐπεὶ
933 438 1025 492 καὶ
1056 441 1158 508 τὴν
1189 440 1430 509 ἁλουργῆ
1465 442 1713 510 χλαμύδα
1744 441 1946 511 φέρων,

265 530 336 596 ἣν
375 529 478 581 οὐκ
517 524 586 595 ἧν
623 530 990 596 βασιλεύοντα
1027 530 1098 598 μὴ
1139 538 1351 599 φορεῖν,
1391 531 1464 592 ὡς
1503 531 1671 584 οὐδὲν
1707 539 1819 596 τῶν
1856 532 1948 583 ἄλ-

223 638 242 669 5
268 622 380 670 λων
423 616 802 686 διαφέρουσαν
849 620 1060 686 ἔφερεν.
1137 619 1346 671 οὔκουν
1392 618 1561 672 αὑτὸν
1605 621 1948 688 περιεσκόπει

268 716 462 776 φορῶν
494 707 625 759 οὐδὲ
657 705 940 774 ἐβασάνιζε
970 707 1160 775 βαφὴν
1184 707 1315 760 οὐδὲ
1337 709 1531 774 βελτίω
1558 708 1742 775 λαβὼν
1765 708 1948 776 ἡγεῖτο

267 794 553 863 γεγονέναι
593 797 825 863 βελτίων
864 795 997 848 οὐδὲ
1034 796 1136 863 τὴν
1171 795 1399 866 ἀρίστην
1438 798 1676 865 ἄριστος,
1715 797 1847 849 οὐδὲ
1885 805 1949 866 τῇ

267 891 363 951 τῆς
395 886 559 953 χρόας
590 884 869 953 ὑπερβολῇ
903 892 997 952 τῆς
1029 883 1195 953 ἀρχῆς
1218 886 1319 952 τὴν
1343 885 1700 951 εὐδαιμονίαν
1724 883 1950 954 ἐμέτρει,

270 971 386 1025 ἀλλ’
419 971 597 1025 ἐκεῖνο
637 972 738 1040 μὲν
776 973 928 1040 ἠφίει
966 974 1206 1040 βαφεῦσι
1245 971 1335 1026 καὶ
1374 973 1645 1042 ὑφάνταις
1678 974 1707 1025 ὅ
1739 994 1791 1026 τι
1821 974 1952 1042 βού-

205 1082 246 1114 10
271 1064 457 1114 λοιντο
499 1061 655 1130 δρᾶν,
696 1061 859 1123 αὐτὸς
899 1057 960 1113 δὲ
1000 1060 1061 1114 ἐν
1095 1069 1159 1131 τῇ
1192 1070 1285 1130 τῆς
1316 1065 1636 1130 φρονήσεως
1675 1068 1824 1132 φορᾷ
1862 1060 1952 1114 καὶ

270 1157 334 1219 τῇ
374 1159 484 1202 τῶν
523 1151 737 1202 πόλεων
775 1148 992 1202 ἐκεῖθεν
1031 1149 1267 1219 ὠφελείᾳ
1311 1150 1530 1218 ὑψηλήν
1568 1169 1624 1202 τε
1671 1149 1806 1222 ᾤετο
1853 1152 1953 1219 τὴν

270 1240 556 1306 βασιλείαν
602 1246 783 1290 ποιεῖν
831 1237 920 1290 καὶ
969 1240 1060 1291 διὰ
1106 1239 1319 1291 τούτων
1373 1235 1513 1291 εἶναι
1568 1241 1953 1308 λαμπρότερος.

275 1327 393 1378 192.
427 1328 605 1393 ἔμεινε
638 1324 698 1379 δὲ
730 1328 818 1379 καὶ
850 1326 878 1379 ὁ
908 1327 1111 1396 χρυσὸς
1141 1326 1266 1396 περὶ
1297 1336 1360 1396 τῇ
1393 1331 1604 1397 κεφαλῇ
1636 1332 1788 1380 θεῶν
1811 1327 1954 1380 οὕτω

272 1417 544 1483 γνόντων·
608 1413 678 1468 δι’
713 1415 760 1484 ὅ,
815 1420 981 1484 θεῶν,
1027 1410 1201 1483 οἶμαι,
1255 1414 1344 1468 καὶ
1385 1424 1548 1468 τοῦτο
1589 1415 1806 1468 εἰδέναι.
1884 1417 1957 1477 ὡς

207 1525 248 1558 15
273 1503 483 1566 ἐκεῖνός
522 1524 583 1572 γε
622 1505 723 1556 οὐκ
762 1504 1006 1572 ὀλιγάκις
1038 1505 1291 1573 ὥρμησεν
1322 1506 1566 1574 ἄχρυσον
1597 1512 1819 1573 ποιῆσαι
1857 1505 1957 1572 τὴν

273 1595 535 1662 κεφαλήν,
577 1591 694 1646 ἀλλ’
725 1590 795 1661 ἣν
835 1593 1072 1659 ἀμείνων
1113 1593 1141 1646 ὁ
1181 1594 1424 1646 κωλύων.

388 1682 507 1734 193.
540 1681 596 1733 Ὁ
635 1683 835 1750 χρυσὸς
875 1678 935 1734 δὲ
976 1677 1138 1752 οὗτος
1177 1680 1449 1751 άνέμνησέ
1484 1701 1549 1748 με
1581 1691 1802 1750 χρυσῶν
1841 1694 1957 1734 στε-

273 1771 469 1838 φάνων
520 1770 617 1832 οὓς
666 1771 721 1822 αἱ
767 1768 868 1837 μὲν
914 1773 1101 1833 πόλεις
1140 1773 1380 1839 ἔπεμπον
1420 1771 1511 1822 διὰ
1549 1769 1832 1839 πρέσβεων
1870 1769 1958 1822 ἀλ-

277 1861 442 1927 λήλας
486 1859 931 1927 ὑπερβάλλουσαι
975 1865 1050 1931 τῷ
1092 1865 1335 1931 σταθμῷ,
1383 1860 1575 1927 χιλίων
1624 1853 1785 1920 οὗτος
1833 1872 1958 1910 στα-

210 1967 252 1998 20
276 1949 474 2016 τήρων,
530 1949 814 2015 δισχιλίων
866 1948 927 2000 δὲ
980 1946 1210 2014 ἐκεῖνος,
1266 1948 1478 1999 τούτων
1526 1947 1554 2000 ὁ
1602 1945 1727 2015 παρ’
1760 1945 1959 2016 ἑτέρων

274 2034 448 2087 ἕλκων
479 2035 661 2087 πλέον.
718 2036 746 2087 ὁ
773 2033 834 2087 δὲ
859 2034 1176 2103 ἐπιτιμήσας
1207 2042 1279 2107 τῷ
1306 2034 1531 2103 μεγέθει
1565 2044 1754 2103 σαφῶς
1785 2035 1958 2101 εἰδώς,

277 2124 349 2185 ὡς
388 2123 489 2175 οὐκ
528 2124 659 2175 ἄνευ
700 2126 875 2176 πόνου
916 2125 981 2175 τὰ
1019 2131 1243 2175 τοιαῦτα
1284 2122 1621 2190 συλλέγοιτο,
1667 2127 1959 2190 νομοθετεῖ

399 2347 420 2385 1
471 2341 599 2394 ἄξειν
641 2342 678 2386 Ο
721 2342 767 2384 et
812 2341 859 2383 in
908 2341 1066 2393 αὔξειν
1107 2355 1207 2384 corr
1246 2341 1314 2383 B²
1371 2344 1375 2395 Ι
1433 2341 1484 2384 τὸ
1533 2341 1582 2383 in
1622 2340 1706 2400 ras]
1738 2340 1808 2384 P3
1897 2347 1958 2384 τῶ

280 2403 351 2445 La
476 2406 500 2443 2
534 2399 872 2457 συγγινομένων
906 2402 951 2444 Ρ
979 2401 1060 2443 sed
1093 2417 1137 2443 ιν
1169 2399 1217 2442 in
1244 2413 1320 2443 ras
1352 2400 1421 2442 m8
1482 2398 1851 2456 συγγιγνομένων
1875 2401 1907 2442 Ι

281 2458 629 2517 συγγενομένων
657 2460 701 2503 U
734 2461 738 2515 Ι
774 2459 834 2516 μὴ
866 2458 1053 2512 inserui,
1087 2457 1115 2514 ἢ
1147 2459 1270 2502 Fabr
1297 2463 1301 2514 Ι
1331 2459 1474 2503 αὑτὸν
1506 2460 1573 2502 Re
1601 2459 1608 2517 Ι
1636 2457 1663 2514 ἢ
1697 2473 1772 2502 om
1795 2457 1918 2501 Fabr
1951 2460 1958 2515 Ι

281 2527 414 2563 κεῖνα
434 2518 819 2563 GMoLaIMPU
875 2518 1089 2562 ssuszvaV
1145 2518 1201 2561 τὰ
1224 2518 1377 2562 ἐκεῖνα
1394 2518 1516 2561 Fabr
1577 2519 1754 2562 ἐκεῖνον
1771 2517 1877 2560 coni
1893 2517 1960 2560 Re

341 2582 365 2620 3
399 2579 601 2634 ἁλουργῆ
633 2579 737 2621 ILa
769 2576 824 2620 cf.
859 2577 919 2620 ad.
950 2592 994 2633 p.
1023 2582 1091 2630 22,
1118 2581 1143 2619 8
1265 2583 1290 2620 5
1323 2577 1467 2622 αὐτὸν
1492 2578 1604 2621 ΒΜ
1719 2581 1744 2620 6
1778 2577 1962 2630 „malim

282 2637 365 2693 τὴν
397 2636 584 2693 βαφὴν“
616 2637 685 2680 Re
806 2640 830 2678 9
864 2637 1092 2693 βαφεῦσιν
1119 2636 1203 2680 Mo
1231 2640 1235 2690 Ι
1265 2634 1335 2680 ὅτι
1359 2638 1470 2680 ΒΜ
1588 2640 1639 2678 11
1672 2651 1719 2678 τε
1751 2635 1800 2676 in
1830 2648 1963 2691 marg

282 2697 405 2738 inser
436 2697 470 2738 I
479 2696 494 2719 ²
615 2700 667 2738 12
712 2702 863 2739 ποιεῖν
895 2709 970 2738 om
1001 2695 1123 2738 Fabr
1171 2696 1177 2753 Ι
1227 2695 1367 2745 αὐτὸς
1398 2697 1505 2738 ante
1549 2693 1628 2738 διὰ
1666 2693 1963 2736 inserendum

283 2755 386 2797 coni
419 2755 485 2798 Re
572 2760 625 2797 13
659 2754 708 2798 ἐν
741 2754 783 2798 U
946 2758 998 2796 14
1031 2751 1096 2798 δι’
1127 2751 1150 2797 ὅ
1183 2754 1347 2810 scripsi
1431 2753 1505 2798 διὸ
1537 2752 1647 2795 libri
1677 2751 1800 2795 Fabr
1830 2753 1877 2795 et
1908 2769 1962 2807 γρ

283 2813 384 2856 Mor
415 2813 495 2868 qui
527 2813 575 2855 in
606 2815 737 2857 textu
767 2813 911 2856 habet
943 2815 994 2855 ut
1024 2812 1091 2855 Re
1125 2812 1205 2856 διὰ
1232 2816 1237 2866 Ι
1266 2811 1441 2856 εἰδέναι
1473 2813 1507 2855 Ι
1537 2811 1619 2853 sed
1651 2826 1691 2854 ει
1723 2813 1770 2854 et
1801 2826 1883 2854 ενα
1914 2810 1963 2852 in

283 2885 359 2915 ras
383 2871 451 2914 m²
575 2877 626 2915 15
659 2889 708 2930 γε
739 2871 915 2915 inserui
938 2885 963 2915 e
991 2873 1288 2917 VLaIMPU
1407 2876 1458 2914 16
1492 2870 1516 2913 ὁ
1543 2896 1596 2902 -
1625 2874 1678 2912 17
1704 2876 1884 2927 χρυσῶν
1913 2869 1962 2911 in

285 2944 417 2987 marg
452 2930 557 2974 M0‘2
677 2935 732 2974 20
765 2931 814 2974 δὲ
847 2931 971 2973 inser
1002 2930 1058 2974 12
