2060 3162
634 136 861 180 LIBANII
893 136 1116 181 ORATIO
1148 136 1298 180 xxm
1700 137 1807 190 497

121 291 314 336 σαντες
354 274 415 326 δὲ
454 274 652 343 λῃστὰς
701 271 920 343 ἑτέρους
959 279 1032 345 τῷ
1072 281 1298 341 ποιῆσαι
1346 275 1489 326 πολὺ
1528 274 1589 326 τὸ
1629 276 1811 327 πεισό-

121 384 304 434 μενον.
382 362 604 424 ἑκόντας
644 358 750 415 οὖν
789 362 1137 424 ἀπολωλότας
1176 365 1257 424 τίς
1297 361 1366 415 ἂν
1406 362 1663 432 ἐλεήσειε;

234 452 280 504 3.
348 453 559 519 Φόβος
614 452 731 519 γὰρ
787 447 865 518 ἦν
927 451 1029 504 ἐπὶ
1083 460 1222 513 τοῖς
1283 451 1814 520 τετολμημένοις,

124 545 286 610 φήσει
326 560 454 603 τις..
498 541 646 592 πάνυ
688 560 748 608 γε
788 549 903 602 τοῖς
941 543 1334 609 τετολμηκόσιν
1373 540 1576 607 αὐτοῖς,
1625 534 1708 603 οἷς
1746 538 1816 610 ἦν

123 631 257 684 αὐτὸ
307 637 472 682 τοῦτο
522 630 660 697 πρὸς
715 629 903 698 φυγὴν
956 629 1166 697 ἀνάγκη
1217 630 1278 682 τὸ
1323 637 1551 682 τοιαῦτα
1602 629 1817 693 ἑαυτοῖς
1841 650 1860 683 5

124 718 454 772 συνειδέναι.
532 719 580 770 εἰ
632 718 696 770 δέ
743 739 825 780 τις
874 721 1008 786 μήτε
1057 727 1170 771 τῶν
1220 718 1477 788 ῥημάτων
1525 721 1658 787 μήτε
1707 729 1819 772 τῶν

125 811 305 878 ἔργων
344 808 727 876 ἐκοινώνησεν,
768 806 830 860 ἐν
869 800 953 869 οἷς
992 806 1324 877 ἀμφοτέροις
1360 807 1548 876 ὕβρις,
1601 810 1659 860 τί
1693 815 1820 860 τοῦ-

124 917 224 950 τον
262 895 375 949 ἔδει
413 899 792 965 θορυβεῖσθαι
838 894 930 948 καὶ
978 895 1197 964 τρέμειν
1236 896 1339 949 οὐκ
1379 898 1541 959 ὄντος
1579 904 1679 949 τοῦ
1720 917 1820 964 φο-

126 989 382 1054 βοῦντος;
449 986 454 1053 Ι
520 985 568 1036 4.
610 985 662 1037 οἱ
697 987 894 1037 τοίνυν
932 986 1354 1053 καταμείναντες
1393 985 1494 1037 οὐκ
1532 982 1655 1037 ἔσθ’
1702 997 1808 1041 RII
1824 1001 1908 1040 297

130 1075 160 1128 ὃ
199 1077 565 1142 πεπόνθασιν,
605 1075 793 1126 εἰπεῖν.
863 1075 918 1126 τί
948 1069 1052 1127 οὗν
1089 1075 1161 1142 μὴ
1196 1083 1308 1127 τῶν
1339 1074 1645 1143 μεινάντων
1682 1070 1825 1142 ἦσαν
1849 1097 1891 1127 ιο

130 1165 188 1217 οἰ
223 1165 584 1231 πεφευγότες,
636 1160 752 1214 ἀλλ’
786 1164 969 1233 ὥσπερ
1010 1168 1163 1215 θεῶν
1201 1183 1301 1215 του
1341 1161 1700 1233 κηρύξαντος,
1753 1163 1824 1224 ὡς

131 1253 233 1306 οὐκ
287 1250 371 1305 ἔνι
427 1257 678 1320 σωθῆναι
729 1250 1012 1320 μένουσιν,
1075 1250 1192 1304 ἀλλ’
1231 1251 1291 1304 ἐν
1345 1261 1408 1323 τῇ
1472 1260 1622 1322 φυγῇ
1684 1253 1823 1321 μόνῃ

130 1352 300 1395 πᾶσιν
350 1362 382 1409 η
425 1343 689 1410 σωτηρία,
742 1340 886 1393 οὕτω
935 1341 1065 1393 κενὰ
1111 1361 1214 1409 μεν
1260 1339 1615 1411 ἐργαστήρια,
1665 1341 1826 1403 κενὰς

134 1431 196 1483 δὲ
235 1432 410 1492 οἰκιας
448 1449 505 1482 τε
546 1430 633 1481 καὶ
675 1432 962 1492 συνοικίας
1002 1429 1233 1498 ἀφέντες
1271 1429 1443 1501 ᾔεσαν
1482 1431 1582 1483 οὐκ
1623 1430 1828 1492 εἰδότες

131 1521 195 1572 τὸ
249 1518 565 1587 δεξόμενονς
620 1518 911 1571 κάνταῦθα
961 1512 1044 1581 οἷς
1093 1515 1234 1587 ἦσαν
1290 1521 1411 1572 ὄνοι
1465 1517 1555 1572 καὶ
1606 1520 1828 1587 ἡμίονοι
1852 1540 1893 1573 15

132 1609 224 1661 καὶ
265 1609 514 1676 κάμηλοι,
556 1609 753 1675 σεμνοί
788 1627 846 1660 τε
885 1606 976 1660 και
1016 1608 1111 1670 τὰς
1150 1607 1330 1677 ὀφρῦς
1368 1607 1429 1660 ἐν
1467 1615 1541 1679 τῷ
1580 1613 1830 1677 μισθοῦν

136 1697 406 1763 ἀνέσπων,
439 1697 510 1759 ὡς
542 1695 612 1749 ἂν
644 1704 855 1765 συχνοῦ
887 1704 985 1748 τοῦ
1019 1696 1406 1765 μισθουμένου
1429 1695 1830 1767 περιρρέοντος.

135 1785 185 1838 5.
226 1785 315 1838 καὶ
356 1781 425 1852 ἧν
468 1786 608 1838 ἰδεῖν
647 1794 911 1853 γυναῖκας
951 1785 1061 1854 ἅμα
1099 1784 1312 1847 τέκνοις
1350 1785 1706 1852 κομιζομένας
1746 1786 1831 1838 δε-

135 1873 408 1942 ησομένας
452 1883 564 1926 τῶν
610 1872 670 1926 ἐν
717 1883 831 1936 τοῖς
877 1873 1068 1944 ἀγροῖς
1116 1874 1213 1936 οὓς
1260 1875 1362 1927 οὐκ
1407 1872 1629 1946 ᾔδεσαν,
1674 1893 1833 1941 μετα-

140 1965 339 2016 δοῦναι
381 1965 542 2031 σφίσι
581 1970 676 2030 τῆς
715 1971 827 2031 γῆς.
906 1963 972 2016 οὐ
1025 1964 1128 2033 γὰρ
1178 1964 1490 2032 οἰκημάτων
1536 1983 1611 2032 γε.
1689 1965 1832 2016 πόσα
1857 1984 1900 2016 20

139 2053 244 2120 γὰρ
286 2052 352 2120 δὴ
393 2052 564 2103 ταῦτά
602 2071 686 2120 γε;
726 2052 758 2120 ἢ
797 2054 879 2114 τίς
919 2053 989 2105 ἄν
1026 2073 1180 2115 τινας
1220 2052 1598 2120 ἀγνοουμένας
1630 2052 1834 2123 ῥᾳδίως

140 2138 395 2207 ἀνέμιξεν
436 2138 630 2212 ἑαυτῷ;
677 2141 921 2203 θάνατος
961 2138 1022 2194 δὲ
1061 2141 1305 2204 παιδίοις
1342 2150 1458 2204 τοῖς
1498 2141 1598 2209 μὲν
1638 2140 1694 2194 ἐκ
1734 2148 1833 2194 τοῦ

141 2227 306 2298 χαμαὶ
348 2234 586 2297 κεῖσθαι,
626 2238 741 2292 τοῖς
781 2226 842 2282 δὲ
881 2230 971 2282 καὶ
1003 2237 1411 2283 καταπεσοῦσιν
1451 2229 1556 2283 ἀπὸ
1596 2239 1707 2283 τῶν
1746 2249 1836 2282 κο-

140 2319 428 2419 μιζᾷντων,
484 2317 512 2371 ὁ
561 2316 608 2370 δ’
650 2317 708 2370 ἐκ
762 2322 925 2387 λιμοῦ
980 2319 1069 2371 καὶ
1124 2326 1308 2371 πᾶσιν.
1393 2317 1510 2371 ἀλλ’
1550 2318 1693 2387 ὅμως
1748 2316 1835 2370 ἐπὶ

268 2467 321 2505 15
324 2478 404 2564 Vt?
430 2461 698 2521 δεξόμενον]
732 2462 833 2518 ἥτοι
864 2464 973 2516 τοὺς
1005 2463 1279 2521 δεξομένους
1310 2464 1614 2518 ἀνθρώπους·
1648 2463 1838 2508 ἀττικὸν

147 2537 293 2570 ουτως

267 2649 383 2710 4ἧν
417 2657 580 2698 omM
686 2654 895 2727 Ἷὴὕβρ
898 2658 1026 2706 ιςΜ
1146 2661 1198 2699 11
1232 2655 1689 2710 vofosed“eras‚
1717 2655 1786 2699 OI

152 2717 207 2756 13
241 2714 324 2770 μὲν
356 2713 468 2757 κενὰ
495 2714 554 2756 Μ
601 2714 606 2771 Ι
649 2713 705 2757 τὰ
739 2713 1015 2772 ἐργαστήρια
1048 2715 1138 2758 edd
1307 2718 1361 2756 14
1392 2713 1477 2765 τὰς
1508 2711 1658 2763 οἰκίας
1690 2714 1780 2757 edd

152 2777 207 2815 15
239 2773 290 2816 τὸ
323 2774 368 2816 Ρ
397 2772 478 2815 sed
510 2789 534 2816 ο
566 2772 614 2815 in
639 2786 714 2816 ras
738 2773 808 2815 m²
834 2774 840 2831 Ι
868 2770 940 2823 οἷς
970 2788 1046 2817 om
1080 2775 1124 2818 V
1269 2777 1323 2815 16
1355 2787 1403 2815 τε
1417 2767 1656 2874 κῆσαν>ἳ
1692 2773 1698 2831 Ι
1733 2771 1839 2816 ἀνέ-

155 2845 283 2875 σπων
317 2831 366 2874 ἔν
398 2834 459 2889 τῷ
491 2835 693 2887 μισθοῦν
720 2833 782 2876 Μ
915 2837 968 2875 18
1001 2832 1120 2877 ἰδεῖν
1152 2847 1228 2876 om
1255 2832 1293 2876 G
1417 2836 1472 2875 19
1506 2829 1697 2888 ηδεισαν
1725 2832 1786 2874 Μ

153 2894 207 2932 21
241 2877 560 2946 ἀγνοουμένας
591 2890 754 2947 scripsi
787 2904 812 2934 e
843 2892 889 2935 P
918 2891 999 2935 sed
1033 2908 1062 2934 α
1086 2892 1149 2949 (2)
1181 2891 1229 2933 in
1253 2904 1329 2933 rae
1353 2890 1422 2933 m⁸
1498 2849 1842 2947 ἀγνοουμένους

150 2948 323 3004 reliqui
350 2949 460 2992 libri
485 2949 576 2992 edd
698 2954 754 2992 24
787 2948 811 2993 ὅ
836 2951 871 2992 Ι

243 3030 440 3063 LmAurus
465 3032 522 3064 ed.
546 3031 780 3065 Foerster.
818 3032 869 3065 11.
1516 3028 1571 3066 32
