2060 3162
663 113 889 159 LIBANH
920 113 1146 159 ORATIO
1175 96 1260 159 xv
1708 116 1812 169 129

129 253 234 321 γὰρ
272 252 435 320 ἥδιόν
470 270 564 319 μοι
603 254 792 303 καλεῖν
836 250 897 303 τὸ
937 258 1052 313 τοῖς
1097 251 1397 320 βαρβάροις
1443 250 1761 322 ἀντίπαλον,
1803 250 1809 323 1

128 339 219 394 καὶ
251 338 419 394 οὐδέν
447 359 541 408 μοι
571 337 837 408 μέμψεται
867 339 928 391 τὸ
962 338 1120 407 γένος
1144 341 1389 393 Αἰνείου.
1458 339 1544 392 26.
1584 359 1723 411 φρο-
1753 353 1794 396 R
1814 357 1899 397 459

127 437 215 482 νεῖ
268 426 318 481 δ’
348 427 376 481 ὁ
426 428 527 497 μὲν
579 427 858 498 βάρβαρος
909 426 1047 496 μέγα
1100 432 1312 481 λυττῶν
1365 427 1455 482 καὶ
1510 428 1813 499 ἀγριαίνων

126 516 218 571 καὶ
253 518 320 570 τὰ
348 525 460 570 τῶν
489 517 710 586 θηρίων
738 516 1073 586 μιμούμενος
1102 517 1192 569 καὶ
1225 518 1484 586 σφάττων
1514 515 1576 571 ἐν
1606 518 1810 589 δείπνῳ

127 606 226 659 τὸν
264 605 554 674 ὁμόφυλον
591 603 683 657 καὶ
721 606 902 658 πίνων
940 603 1027 658 ἐπὶ
1066 608 1164 658 τοῦ
1204 613 1422 675 νεκροῦ,
1460 604 1566 658 κᾶν
1597 606 1809 676 ἱκετεύῃ
1858 628 1877 660 5

127 714 226 762 τις,
259 693 287 746 ὁ
318 690 420 760 μὲν
445 693 572 762 [τις]
606 693 774 747 οὐδὲν
803 695 1027 762 ἤνυσεν,
1059 692 1088 746 ὁ
1122 691 1181 746 δὲ
1212 695 1302 747 καὶ
1329 693 1810 765 προσπαρώξυνεν.

125 781 243 835 ἀλλ’
272 782 406 851 ἡμῖν
443 781 477 850 ἡ
516 785 741 851 μεγίστη
783 783 1000 851 σπουδὴ
1038 791 1150 835 τῶν
1187 784 1409 853 θηρίων
1439 782 1522 835 ὅτι
1553 786 1811 836 πλεῖστον

125 871 405 923 διεστάναι
444 871 534 923 καὶ
573 871 754 938 θυμὸς
804 869 1036 939 ἐξελύθη
1077 871 1313 940 δάκρυσι
1358 871 1449 924 καὶ
1486 872 1547 924 τὸ
1586 879 1682 941 τῆς
1720 872 1811 941 ὀρ-

124 967 223 1028 γῆς
261 958 382 1024 ζέον
421 958 659 1028 ἐσβέσθη
699 963 968 1032 κλαυθμῷ
999 960 1090 1012 καὶ
1129 961 1231 1028 τὴν
1269 955 1349 1014 ὧν
1386 962 1562 1013 ἔπαθε
1591 962 1811 1029 μνήμην

120 1047 345 1117 ἐξέβαλέ
363 1068 446 1111 τις
472 1049 608 1101 ἰδὼν
631 1049 1035 1118 αἰσχυνόμενον
1057 1049 1157 1101 τὸν
1179 1049 1491 1118 ἠδικηκότα.
1545 1049 1631 1102 27.
1664 1049 1807 1102 οὕτω
1834 1072 1876 1104 ιο

125 1137 187 1190 δὲ
223 1137 357 1206 ἡμῖν
401 1135 751 1208 ἡρμοσμένου
798 1144 898 1191 τοῦ
946 1136 1144 1205 γένους
1195 1142 1296 1210 ἴσω
1340 1135 1518 1210 μέτρω
1566 1139 1652 1191 δεῖ
1699 1147 1810 1191 τῶν

122 1222 225 1292 μὲν
261 1226 559 1296 βαρβάρων
595 1226 735 1295 ἡμᾶς
772 1225 1150 1298 ἡμερωτέρους
1187 1223 1354 1296 εἶναι,
1396 1236 1508 1280 τῶν
1547 1225 1596 1279 δ’
1628 1228 1810 1280 ἄλλων

122 1313 280 1382 ἡμῶν
316 1315 419 1383 τὴν
464 1316 568 1384 σὴν
617 1317 814 1384 ψυχήν.
892 1316 986 1368 διὰ
1030 1317 1104 1379 τί;
1161 1316 1245 1369 ὅτι
1295 1330 1356 1369 σε
1401 1316 1468 1369 οὐ
1514 1314 1809 1384 κυνηγέται

119 1404 411 1472 πρόσηβον
448 1404 582 1456 ὄντα
619 1405 1031 1473 παραλαβόντες
1068 1406 1241 1475 θηρία
1287 1404 1514 1472 βάλλειν
1551 1402 1808 1467 ἐδίδαξαν

121 1491 182 1543 τὸ
220 1493 364 1544 πολὺ
402 1499 503 1546 τοῦ
542 1495 748 1562 χρόνου
786 1493 910 1562 περὶ
942 1492 1116 1555 νάπας
1146 1491 1238 1545 καὶ
1274 1495 1375 1561 ὄρη
1406 1493 1496 1546 καὶ
1527 1495 1807 1563 κρημνοὺς
1831 1513 1872 1546 15

121 1578 187 1632 ἐν
223 1581 462 1633 λεόντων
498 1581 589 1633 καὶ
626 1580 854 1651 κάπρων
884 1581 1239 1651 διατρίβοντα
1268 1582 1480 1650 μάχαις,
1519 1580 1635 1634 ἀλλ’
1667 1581 1806 1652 ἀνὴρ

120 1669 581 1737 Λακεδαιμόνιος,
631 1670 809 1739 ἱερεὺς
854 1670 1232 1738 δικαιοσύνης,
1278 1670 1495 1738 ἡγεμὼν
1540 1670 1806 1738 παιδείας,

121 1757 306 1825 εἰδώς,
361 1761 511 1825 εἴπερ
564 1776 672 1826 τις,
725 1766 820 1827 τῆς
851 1756 1086 1827 Ὁμήρου
1141 1759 1360 1828 γνώμης
1405 1759 1471 1811 τὰ
1525 1758 1806 1829 ἀπόρρητα

120 1843 212 1897 καὶ
262 1845 578 1911 σύμπαντός
626 1865 688 1914 γε
740 1854 840 1899 τοῦ
893 1845 1019 1916 περὶ
1072 1847 1171 1900 τὸν
1196 1844 1437 1917 Ὅμηρον
1488 1854 1683 1917 χοροῦ,
1739 1846 1807 1900 ὃν

118 1931 286 1996 ἐδέξω
317 1930 421 2002 μὲν
450 1932 573 1997 νέος
604 1934 699 2003 ὥν,
738 1934 811 1997 ὡς
842 1935 986 1998 εἰκὸς
1015 1935 1114 1988 τὸν
1143 1939 1487 2005 τηλικοῦτον,
1518 1933 1803 1990 ἐπίστασαι
1828 1958 1873 1990 20

121 2022 184 2075 δὲ
221 2029 346 2090 νῦν,
385 2022 459 2085 ὡς
497 2023 642 2086 εἰκὸς
671 2023 771 2076 τὸν
802 2027 1238 2093 φιλοσοφοῦντα.
1315 2024 1402 2078 28.
1438 2023 1531 2077 καὶ
1565 2025 1677 2094 μὴν
1712 2023 1803 2077 καὶ

117 2109 354 2180 ῥήτορας
391 2111 633 2174 ἅπαντας
669 2112 759 2164 καὶ
800 2111 1170 2182 συγγραφέας,
1209 2116 1433 2166 πολλῶν
1469 2114 1803 2183 πραγμάτων

119 2199 509 2267 διδασκάλους,
560 2195 640 2252 ὧν
677 2199 707 2253 ὁ
745 2202 915 2263 πόνος
954 2196 1123 2254 οὐδὲν
1160 2210 1273 2254 τῶν
1310 2200 1553 2270 ἀρχαίων
1592 2201 1803 2271 ἀφῆκεν

239 2393 293 2431 13
324 2388 409 2432 Iul.
433 2388 536 2433 Mis.
567 2404 613 2446 p.
633 2394 717 2434 359
742 2390 779 2433 B
797 2404 863 2446 sq.
1047 2395 1099 2434 17
1131 2389 1347 2435 Nicocles
1371 2391 1428 2434 cf.
1461 2393 1493 2435 t.
1519 2391 1540 2434 I
1569 2406 1614 2448 p.
1640 2396 1711 2446 98,
1732 2397 1798 2435 15.

121 2450 220 2501 101,
240 2452 306 2490 14.
355 2447 478 2491 Socr.
496 2448 540 2491 h.
559 2462 597 2493 e.
615 2449 678 2492 ΠΙ
697 2454 719 2492 1
745 2464 790 2506 p.
811 2453 907 2493 168.
956 2449 1039 2493 Iul.
1057 2449 1159 2493 Mis.
1185 2465 1229 2506 p.
1248 2454 1334 2494 353
1350 2450 1400 2493 Β.
1428 2449 1586 2494 or.VII
1601 2466 1645 2507 p.
1662 2452 1800 2494 235A

238 2629 264 2667 3
296 2623 348 2668 δὲ
375 2625 418 2668 V
531 2629 556 2668 5
583 2625 666 2670 τὸν
690 2627 724 2668 Ι
750 2625 832 2668 sed
855 2643 883 2670 ν
906 2625 1047 2669 iuras
1063 2625 1132 2669 m²
1191 2626 1243 2670 τὸ
1267 2626 1495 2671 APURe
1617 2631 1643 2669 6
1668 2626 1692 2670 ὁ
1717 2625 1799 2683 μὲν

120 2681 244 2726 inser
273 2682 345 2727 P*
378 2683 384 2741 Ι
417 2699 487 2734 τις
517 2697 618 2727 eras
653 2685 697 2729 U
742 2698 818 2728 om
840 2686 887 2728 P
922 2684 1175 2728 cancellavi
1202 2689 1208 2743 Ι
1236 2685 1626 2740 προσπαρώξυνεν
1656 2686 1691 2728 Ι
1716 2686 1797 2729 sed

120 2755 241 2795 προσ
267 2741 392 2786 inser
420 2742 490 2785 ω’
624 2747 651 2786 8
683 2742 911 2799 ἐξεπλύθη
943 2744 1011 2787 Re
1144 2748 1198 2787 10
1230 2743 1374 2794 οὕτως
1407 2744 1544 2789 ΟΑΠ
1565 2744 1675 2788 Fert
1697 2744 1799 2787 Mor

182 2803 237 2841 13
268 2799 394 2844 διατί
426 2801 696 2858 CAVBM!
724 2815 773 2845 σε
796 2802 852 2846 οὐ
884 2804 920 2846 Ι
942 2803 1024 2846 sed
1055 2819 1076 2847 ε
1107 2803 1162 2846 οὐ
1194 2803 1244 2846 in
1268 2816 1342 2846 ras
1372 2802 1443 2845 111²
1564 2807 1618 2846 14
1649 2801 1798 2859 θηρία

121 2858 155 2900 Ι
181 2857 262 2902 sed.
284 2857 396 2915 ηρία
418 2859 467 2902 in
482 2873 558 2903 ras
580 2859 650 2902 m²
771 2865 825 2904 15
858 2860 941 2918 ὄρη
965 2861 1045 2905 καὶ
1069 2861 1223 2913 νάπας
1245 2862 1291 2905 Β
1414 2865 1467 2904 16
1499 2859 1797 2919 διατρίβοντα

120 2916 157 2958 Ι
181 2916 262 2960 sed
293 2918 377 2974 βον
406 2917 456 2960 in
486 2930 560 2961 ras
591 2917 660 2961 m²
779 2923 836 2962 20
867 2920 949 2963 τὸν
980 2920 1029 2963 in
1060 2933 1134 2963 ras
1166 2919 1224 2963 1²
1284 2934 1359 2964 om
1393 2920 1438 2965 U

210 2997 407 3030 Lmnuus
431 2997 490 3031 ed.
511 2998 748 3033 Foerster.
782 3001 833 3033 Π.
1506 2997 1531 3036 9
