2060 3162
231 172 334 225 138
781 170 1010 215 LIBANII
1040 168 1265 216 ORATIO
1297 171 1382 216 XV

225 317 336 362 τῶν
374 315 544 361 ταῦτα
581 306 937 374 βουλομένων
969 308 1248 370 αἰτοῦντες
1286 308 1354 361 οὐ
1391 307 1641 361 διέλιπον
1670 308 1913 360 τὸνΛία

224 399 291 450 τὰ
335 397 436 466 μὲν
482 398 792 465 φθείροντα
836 397 937 464 τὴν
982 395 1156 467 ἀρχὴν
1201 403 1431 466 παῦσαι,
1479 398 1678 449 δοῦναι
1733 393 1794 449 δὲ
1843 402 1917 468 τῷ
1960 430 1963 432 -

224 487 461 539 σώσοντι
514 485 576 538 τὸ
630 485 840 555 κράτος.
923 484 1011 536 46.
1074 494 1379 553 φοιτῶντος
1433 485 1494 538 δὲ
1548 484 1607 537 ἐκ
1660 486 1914 547 Κιλικίας

165 604 167 606 -
223 582 331 627 νῦν
369 574 470 642 μὲν
507 574 732 642 τούτου,
784 580 892 626 νῦν
932 570 993 626 δὲ
1033 572 1246 627 ἐκείνου
1285 581 1384 626 τοῦ
1425 576 1596 642 λόγου
1634 574 1774 642 πρὸς
1811 570 1913 642 μὲν

180 684 199 716 5
223 663 320 715 τὸν
369 660 716 731 μεμνημένον
754 661 942 730 ὑγείας
982 660 1216 730 ώχρίων,
1264 660 1292 713 ὁ
1326 660 1375 713 δ’
1407 660 1590 731 ἕτερος
1635 658 1706 730 ἦν
1753 660 1912 731 ἑορτὴ

223 753 505 804 νευόντων
555 749 812 819 ἀλλήλοις
862 749 1089 818 ἀφανῶς
1142 750 1209 802 τὰ
1257 758 1352 818 τῆς
1401 750 1604 819 ἡδονῆς
1656 751 1912 819 νεύματα.

223 840 310 893 47.
365 840 466 908 οὐχ
505 838 647 891 οὕτω
687 837 945 901 πλέοντες
993 839 1287 907 ἄνθρωποι
1332 847 1512 901 κακῶς
1557 837 1913 908 ἐπεθύμησαν

224 930 476 993 ἅψασθαι
514 935 630 996 γῆς,
671 928 743 990 ὡς
783 928 901 980 οἵδε
938 936 1050 979 τῶν
1091 936 1205 979 σῶν
1244 926 1554 980 ἀπολαῦσαι
1590 928 1913 997 φαρμάκων,

226 1018 327 1086 οὐχ
367 1016 509 1069 οὕτω
550 1015 731 1086 γέρων
768 1017 945 1085 πατὴρ
985 1016 1127 1068 υἱῶν
1168 1016 1310 1069 ἰδεῖν
1348 1016 1546 1083 γενεὰν
1584 1015 1720 1084 ὅλην
1756 1013 1913 1083 ἔκδη-

161 1129 203 1160 10
227 1125 333 1173 μον
372 1094 759 1174 γεγενημένην,
801 1105 874 1168 ὡς
909 1105 941 1173 ἡ
975 1105 1284 1174 δύστροπος
1321 1105 1458 1173 αὕτη
1490 1106 1649 1167 πόλις
1678 1105 1779 1174 τὴν
1810 1105 1914 1173 σὴν

229 1195 368 1248 ἰδεῖν
421 1196 683 1263 κεφαλήν,
739 1194 840 1263 οὐχ
884 1194 1067 1256 οὕτως
1109 1194 1163 1246 οῑ
1210 1194 1575 1256 δουλεύοντες
1626 1193 1715 1246 καὶ
1766 1194 1915 1262 παρὰ

227 1292 371 1353 σφᾶς
409 1282 598 1336 ἐλθεῖν
635 1283 736 1351 τὴν
769 1280 1107 1353 “Ηρακλέους
1147 1284 1477 1351 συμμαχίαν,
1525 1282 1597 1344 ὡς
1636 1282 1789 1350 ἡμεῖς
1827 1280 1917 1334 ἐπὶ

225 1381 336 1425 πᾶν
374 1371 674 1440 ἐκταθῆναι
713 1373 815 1440 τὴν
853 1372 987 1441 πρὶν
1027 1371 1086 1424 ἐν
1124 1377 1300 1441 μικρῷ
1339 1372 1638 1439 βασιλείαν.
1715 1369 1801 1422 48.
1843 1370 1917 1432 ὡς

228 1458 289 1514 δὲ
327 1462 394 1513 τὰ
427 1460 529 1529 μὲν
560 1454 670 1528 εῗκχε
700 1463 977 1529 τελευτήν,
1015 1461 1081 1513 τὰ
1113 1460 1182 1512 σὰ
1213 1455 1274 1511 δὲ
1305 1456 1506 1528 ηὔξητο
1546 1459 1634 1511 καὶ
1667 1457 1695 1511 ὁ
1727 1459 1916 1527 καιρὸς

161 1570 203 1604 15
229 1549 419 1603 ἐδίδου
459 1547 632 1612 δεῖξαι
670 1549 771 1617 τὴν
809 1550 1053 1618 γνώμην,
1091 1550 1337 1617 ἤκουσαν
1379 1548 1431 1600 οἱ
1463 1545 1589 1600 θεοὶ
1627 1549 1762 1615 βοῆς
1800 1547 1916 1616 ἡλί-

225 1658 323 1707 κης
372 1638 438 1691 οὐ
484 1639 753 1707 πρόσθεν,
803 1646 915 1690 τῶν
960 1637 1062 1704 μὲν
1111 1635 1334 1706 ἀνδρῶν
1381 1634 1802 1704 ἐμπεπληκότων
1849 1636 1916 1688 οὐ

139 1740 285 1783 R467
325 1729 498 1796 μόνον
536 1727 597 1779 τὸ
655 1724 661 1797 Ι
718 1724 975 1796 θέατρον,
1019 1725 1157 1778 ἀλλὰ
1195 1723 1287 1777 καὶ
1324 1725 1419 1787 τὰς
1464 1732 1563 1777 τοῦ
1611 1726 1779 1794 ὄρους
1825 1729 1916 1776 λα-

227 1817 420 1884 γόνας,
471 1824 754 1883 γυναικῶν
805 1815 867 1868 δὲ
916 1815 1051 1867 κατὰ
1094 1814 1192 1867 τὸν
1239 1813 1424 1866 αὑτῶν
1469 1815 1643 1882 νόμον
1690 1818 1917 1866 οἴκοθεν

230 1901 455 1971 ἑκάστης
495 1903 983 1971 συνεκπεμπούσης
1029 1902 1321 1971 εὐφημίαν.
1397 1902 1484 1954 49.
1536 1901 1640 1954 ἀπὸ
1681 1911 1792 1955 τῶν
1831 1900 1917 1954 έν-

163 2013 208 2046 20
229 1996 414 2044 ταῦθα
466 1991 878 2061 πεπραγμένων,
931 1990 1023 2044 καὶ
1078 1996 1134 2044 εἴ
1179 2011 1261 2054 τις
1313 1987 1383 2059 ἦν
1437 1990 1812 2060 ὀνειροπολῶν
1865 2008 1916 2041 τι

229 2080 517 2150 νεώτερον,
570 2086 666 2147 τῆς
711 2078 934 2141 ἐλπίδος
987 2078 1188 2146 ἀπέστη
1244 2077 1336 2131 καὶ
1386 2079 1533 2147 παρὰ
1586 2079 1686 2145 τὴν
1737 2078 1917 2145 ὄχθην

223 2167 482 2238 Ὀρόντου
529 2168 596 2220 τὰ
642 2168 711 2220 σὰ
756 2168 1006 2235 τιμήσειν
1051 2166 1352 2233 ὀμώμοκεν,
1402 2165 1431 2216 ὅ
1470 2184 1527 2218 τε
1574 2166 1641 2233 δὴ
1691 2165 1917 2235 στρατὸς

230 2257 320 2309 καὶ
359 2257 420 2310 τὸ
461 2256 634 2326 ῥεῦμα
672 2263 772 2308 τοῦ
811 2261 1078 2323 ποταμοῦ,
1117 2254 1341 2322 ποιητὴς
1380 2252 1449 2305 ἂν
1488 2254 1674 2321 ἔφησε,
1714 2254 1916 2321 γαννύ-

230 2364 401 2412 μενον
447 2343 650 2414 ἐχώρει.
726 2343 813 2396 50.
867 2343 1079 2396 τούτων
1118 2343 1182 2395 τὰ
1227 2341 1328 2410 μὲν
1375 2341 1739 2409 ὡμολόγηται,
1793 2342 1916 2411 περὶ

165 2455 208 2487 25
233 2430 295 2486 δὲ
347 2443 457 2486 τῶν
512 2431 632 2502 ἐμοὶ
685 2434 996 2485 πίστευσον.
1073 2429 1263 2497 ε”μελλέ
1314 2449 1397 2491 τις
1451 2428 1511 2482 ἐν
1550 2427 1762 2501 Ἐφέσῳ
1817 2436 1915 2482 τοῦ

352 2546 377 2584 3
412 2540 467 2585 cf.
500 2543 534 2585 t.
559 2541 580 2583 Ι
604 2544 704 2596 560,
730 2544 785 2584 23
800 2554 866 2596 sq.
891 2540 932 2583 R
1056 2543 1108 2582 12
1142 2537 1198 2582 cf.
1232 2540 1264 2581 t.
1290 2537 1331 2580 11
1355 2541 1425 2591 87,
1454 2541 1506 2582 31
1519 2552 1584 2593 sq.
1611 2538 1652 2581 R

355 2641 379 2679 2
413 2637 535 2691 „fuit
565 2651 666 2681 cum
696 2636 778 2681 τὸν
809 2637 1092 2692 ειιεΡὶιάνεν*ι
1124 2635 1192 2678 Re
1215 2633 1356 2676 Anim
1506 2637 1530 2675 3
1571 2635 1619 2676 et
1649 2639 1676 2676 4
1708 2629 1755 2677 δ’
1790 2632 1857 2676 Re

236 2699 261 2738 5
294 2692 471 2751 ὑγιείας
493 2695 562 2751 Vl
590 2695 640 2739 δὲ
673 2696 741 2739 Re
862 2699 888 2738 8
921 2693 1018 2739 οἵδε
1043 2696 1089 2739 Ρ
1118 2692 1199 2737 sed
1219 2690 1241 2707 ⁹'
1274 2692 1324 2735 in
1347 2704 1421 2734 ras
1446 2691 1515 2734 m2
1577 2688 1737 2735 οἷδεΑ
1764 2692 1770 2749 Ι
1799 2707 1916 2747 φαρ-

234 2752 393 2810 μάκων
409 2754 444 2796 Ι
462 2753 543 2796 sed
567 2771 663 2809 φαρ
690 2756 737 2797 et
759 2770 787 2798 κ
811 2754 861 2797 in
883 2767 958 2797 ras
975 2752 1045 2796 m²
1167 2756 1218 2794 11
1243 2751 1349 2806 περὶ
1374 2751 1418 2794 V
1534 2754 1586 2793 13
1614 2750 1662 2795 έν
1686 2750 1735 2792 in
1759 2762 1834 2792 ras
1859 2750 1916 2792 1⁸

301 2816 354 2856 15
387 2813 499 2870 βοῆς
530 2814 565 2856 I
589 2813 670 2856 sed.
701 2819 756 2868 ῆς
786 2812 836 2855 in
866 2826 941 2855 ras
973 2811 1042 2855 m²
1165 2815 1218 2854 16
1267 2810 1287 2854 ἐ
1318 2807 1617 2865 πεπληκότων
1654 2823 1758 2852 eum
1789 2822 1864 2851 ras
1892 2813 1913 2851 1

234 2870 314 2914 litt
337 2871 381 2915 U
483 2874 537 2915 18
562 2871 714 2914 αὐτῶν
742 2872 969 2916 UVIBM
1070 2874 1125 2913 20
1149 2867 1193 2912 τί
1216 2870 1309 2914 ΙΜ
1411 2873 1464 2911 22
1492 2866 1715 2922 ὀρρόντου
1740 2867 1922 2911 UIBM

238 2930 243 2988 1
280 2929 531 2986 στρατηγὸς
561 2943 700 2985 supra
762 2930 954 2984 στρατὸς
977 2929 1037 2972 Μ
1163 2931 1217 2971 23
1250 2926 1538 2983 γαννύμενον
1566 2927 1603 2970 Ο
1630 2926 1712 2970 sed
1743 2943 1769 2969 ν
1802 2925 1917 2969 alte-

235 3003 337 3032 rum
369 3001 606 3044 suprapos.
627 3003 663 3044 p
723 2988 983 3044 γανύμενον
1008 2989 1053 3031 A
1113 2986 1380 3044 γαννύμενα
1406 2987 1466 3029 M
