2054 3140
990 772 1131 825 XIII.

331 923 502 974 Oratio
542 925 950 992 προσφωνητικὸς
983 918 1282 994 Ἰουλιανῷ1)
1321 927 1561 989 inscripta
1600 928 1649 975 et
1688 943 1717 974 a
1754 926 1900 975 Liba-

218 1001 301 1048 nio
343 1000 405 1047 ad
443 1000 791 1062 imperatorem
821 999 1116 1048 Antiochiae
1156 1000 1489 1062 salutandum,
1528 1002 1586 1048 ut
1615 1001 1721 1063 ipse
1761 1001 1833 1049 ait
1844 994 1903 1067 ²),

217 1074 362 1121 huius
401 1075 537 1122 iussu
578 1090 705 1122 anno
748 1075 851 1122 362
892 1075 1083 1136 habita,
1129 1090 1228 1122 non
1268 1075 1429 1122 solum
1466 1075 1661 1123 Iuliano
1703 1077 1902 1137 accepta

217 1149 336 1210 fuit,
385 1147 469 1196 sed
509 1149 659 1197 etiam
705 1149 1012 1196 saeculorum
1055 1150 1386 1210 posteriorum
1430 1149 1661 1210 plausum
1698 1149 1817 1196 tulit
1855 1151 1905 1196 et

217 1238 308 1284 pro
347 1222 588 1285 singulari
637 1222 857 1284 exemplo
906 1223 1215 1285 eloquentiae
1253 1222 1554 1270 Libanianae
1605 1222 1776 1271 habita
1816 1224 1902 1271 est.

217 1296 359 1344 Unde
413 1312 524 1344 cum
578 1296 795 1345 evenerit
854 1299 912 1345 ut
966 1296 1253 1345 creberrime
1316 1296 1691 1358 describeretur,
1752 1297 1904 1344 etiam

218 1371 538 1433 superstitum
578 1371 799 1419 codicum
843 1387 1046 1420 numero
1091 1371 1352 1433 plerasque
1392 1373 1638 1419 orationes
1689 1372 1900 1434 superat.

219 1443 346 1492 Sunt
378 1445 508 1492 enim
539 1445 608 1492 48
641 1445 720 1493 vel
752 1446 836 1493 49.
906 1444 965 1492 In
1003 1445 1079 1492 his
1119 1445 1459 1493 enumerandis
1499 1444 1718 1493 ordinem
1757 1460 1904 1506 quem

217 1518 467 1580 hucusque
508 1521 701 1567 secutus
734 1535 842 1567 sum
871 1521 1030 1581 teneo,
1069 1522 1126 1567 ut
1155 1519 1371 1581 primum
1399 1534 1677 1567 recenseam
1715 1518 1903 1567 codices

220 1588 532 1654 ‘corporum',
564 1592 862 1659 subiungam
895 1589 1248 1641 ‘scholasticos'
1283 1595 1368 1655 qui
1400 1594 1592 1656 eclogas
1625 1593 1903 1641 orationum

219 1667 268 1714 et
314 1666 728 1715 declamationum
782 1667 960 1716 scholis
1006 1667 1279 1715 destinatas
1329 1668 1408 1716 vel
1453 1667 1579 1715 hanc
1630 1668 1903 1716 orationem

218 1741 375 1789 solam
415 1742 680 1789 continent.

331 1813 457 1862 Sunt
495 1816 660 1864 autem
697 1815 771 1862 hi:

333 1891 377 1935 1.
422 1887 736 1937 Chisianus
776 1889 820 1935 R
843 1889 915 1935 VI
939 1890 1008 1936 43
1044 1882 1137 1954 (=
1167 1882 1224 1955 G)
1259 1905 1380 1937 saec.
1407 1884 1604 1953 XIJXII
1642 1889 1725 1937 fol.
1755 1889 1899 1935 1467.

217 1960 342 2009 Vide
381 1964 415 2008 t.
440 1961 465 2008 I
503 1978 550 2023 p.
587 1963 653 2010 10
672 1978 742 2024 sq.
821 1961 1032 2010 Contuli.

331 2038 375 2083 2.
429 2036 801 2084 Monacensis
857 2053 935 2100 gr.
976 2037 1099 2097 483,
1154 2037 1273 2083 olim
1318 2036 1639 2098 Augustanus
1694 2029 1787 2101 (=
1827 2028 1897 2101 A)

217 2124 340 2157 saec.
373 2109 419 2155 X
456 2109 539 2158 fol.
576 2110 684 2171 683
728 2125 930 2158 mancus
976 2135 1038 2142 —
1080 2126 1178 2158 uno
1225 2110 1356 2157 enim
1399 2109 1519 2157 folio
1568 2109 1746 2157 amisso
1788 2108 1899 2157 finis

218 2184 456 2231 orationis
501 2183 615 2231 inde
657 2200 685 2231 a
722 2201 768 2246 p.
800 2186 880 2245 79,
908 2185 937 2231 8
985 2178 1268 2248 κτη]μάτων
1315 2199 1424 2230 cum
1461 2184 1605 2231 initio
1653 2183 1900 2244 sequentis

216 2258 367 2319 periit
404 2285 490 2304 —.
566 2257 692 2305 Vide
730 2260 766 2305 t.
797 2257 823 2304 I
860 2275 906 2319 p.
943 2259 1008 2305 15
1025 2273 1095 2319 sq.
1174 2256 1383 2305 Contuli.

331 2332 377 2378 3.
417 2331 746 2380 Vaticanus
778 2331 1095 2379 Palatinus
1135 2348 1212 2394 gr.
1248 2332 1350 2379 282
1395 2324 1488 2397 (=
1520 2323 1583 2398 P)
1626 2345 1748 2378 saec.
1781 2329 1899 2376 XIV

218 2404 301 2451 f01.
338 2405 420 2452 50.
496 2405 622 2452 Vide
660 2407 696 2453 t.
728 2405 753 2452 I
790 2422 836 2467 p.
873 2407 1025 2467 aosq.
1105 2405 1317 2453 Contuli.

218 2617 242 2660 f
340 2561 382 2615 1)
421 2560 548 2603 Haec
579 2560 844 2615 meliorum,
884 2560 1331 2617 προσφωνηματικὸς
1362 2559 1643 2604 deteriorum
1686 2557 1898 2601 Codicum

240 2631 367 2661 orma
400 2620 481 2661 est.

338 2678 381 2732 2)
413 2676 497 2732 Ep.
518 2681 601 2719 648
630 2677 794 2732 Mauo&
826 2677 875 2722 δὲ
908 2678 1052 2722 αὑτὸν
1084 2677 1360 2727 ἀναπαύσας
1390 2677 1470 2720 καὶ
1499 2676 1583 2732 τὴν
1606 2675 1742 2720 πόλιν
1767 2673 1896 2731 ἁμίλ-

219 2737 319 2784 λαις
351 2734 506 2779 ιππων
537 2735 776 2791 εὐφράνας
807 2735 983 2779 ἐκέλευέ
1005 2752 1059 2792 με
1082 2734 1242 2793 λέγειν.
1304 2735 1384 2779 καὶ
1415 2731 1548 2779 εἷπον
1579 2735 1898 2790 παρακληθεὶς

220 2794 306 2838 οὐκ
339 2793 606 2852 ἐνοχλήσας,
646 2793 669 2838 ὁ
704 2795 754 2838 δὲ
787 2792 997 2849 ἐτέρπετο
1031 2795 1229 2927 βέἒαιῶν
1260 2810 1337 2850 μοι
1374 2794 1426 2838 τὸ
1461 2791 1725 2849 προοίμιον·
1777 2793 1896 2849 ἔφην

222 2869 308 2910 γαρ
342 2852 485 2896 αὐτὸν
517 2853 567 2897 ἐν
597 2850 825 2912 προοιμίῳ
856 2853 1009 2896 πάντα
1041 2870 1065 2895 τ
1100 2870 1163 2908 μα
1194 2852 1311 2896 καλὰ
1342 2860 1520 2910 νομιεῖν
1553 2852 1644 2896 ὑπὸ
1676 2859 1757 2896 τοῦ
1783 2853 1896 2913 ἐρᾷν

221 2911 294 2968 (cf.
330 2916 354 2965 ξ
380 2917 405 2954 3
440 2914 486 2955 et
517 2917 543 2954 4
575 2926 619 2967 p.
647 2916 717 2966 64,
743 2914 880 2968 4sq.).
915 2912 994 2955 καὶ
1026 2911 1169 2961 οὕτως
1201 2910 1343 2970 ἐξέβη.
