2060 3162
693 161 921 205 LIBANII
953 160 1177 205 ORATIO
1209 161 1358 205 XVIII
1741 162 1850 214 283

156 302 329 361 κότως
369 299 551 366 ὥσπερ
600 295 803 366 νεφέλῃ
851 297 1160 364 καλυφθεὶς
1208 297 1507 361 διεσώζετο.
1584 295 1674 349 καὶ
1721 296 1850 365 μέμ-

157 397 323 450 ψαιτο
377 383 479 454 μὲν
529 386 598 437 ἄν
648 405 731 447 τις
776 386 876 453 τὴν
925 384 1170 438 ἐνταῦθα
1217 388 1666 455 φιλανθρωπίαν,
1720 386 1752 454 ἡ
1795 385 1843 438 δ’

157 471 262 528 οὖν
301 475 698 543 φιλανθρωπία
735 481 835 526 τοῦ
875 472 1144 540 βασιλέως
1182 474 1314 542 ἡμῖν
1351 474 1604 541 τοσαύτη.

274 563 391 615 111.
449 561 700 615 Ἐκεῖθεν
753 563 948 615 τοίνυν
1001 562 1184 630 ὥσπερ
1240 562 1570 632 χειμάρρους
1624 561 1848 632 ἐφέρετο

157 652 374 714 παντὸς
402 649 804 719 ἐμποδίσματος
850 652 1112 720 κρείττων
1151 648 1234 702 ἀεὶ
1274 653 1625 719 γιγνόμενος,
1681 652 1850 720 γεφύ-
1898 672 1916 706 5
1972 684 1977 688 2

159 761 258 809 ρας
295 739 857 808 προκαταλαμβάνων,
898 739 1277 792 καθεύδουσιν
1324 738 1709 807 ἐφιστάμενος,
1758 741 1852 792 ἄλ-

159 834 284 882 λοσε
316 826 418 895 μὲν
449 829 654 891 αὐτοὺς
686 827 1007 896 ἀναγκάζων
1038 826 1280 896 βλέπειν,
1311 830 1544 880 κατόπιν
1576 825 1636 880 δὲ
1666 828 1852 890 αὐτοῖς

157 918 424 986 προσιών,
464 916 700 981 ἐλπίζειν
739 913 841 985 μὲν
879 914 1036 985 ἕτερα
1073 926 1268 984 ποιῶν,
1319 921 1620 986 πειρᾶσθαι
1659 913 1720 969 δὲ
1760 917 1853 969 ἀλα

160 1009 287 1073 λων,
342 1006 550 1076 ἠπείρῳ
605 1002 708 1071 μὲν
755 1006 1034 1074 χρώμενος
1081 993 1182 1073 οὐχ
1229 1004 1525 1075 ὁρωμένων
1574 1015 1852 1073 ποταμῶν,

155 1093 340 1146 πλέων
379 1094 440 1146 δὲ
481 1096 587 1146 σὺν
627 1092 853 1161 ὀλίγοις,
900 1093 1063 1162 ἡνίκα
1102 1091 1267 1162 ἐξείη,
1319 1096 1450 1155 τοὺς
1495 1093 1598 1160 μὲν
1637 1092 1699 1146 ἐν
1736 1102 1852 1156 τοῖς
1877 1117 1920 1147 10

157 1182 308 1251 ὅροις
353 1180 462 1234 ἐῶν
508 1187 819 1250 καθῆσθαι,
874 1183 969 1244 τὰς
1014 1183 1200 1244 πόλεις
1258 1178 1319 1234 δὲ
1367 1182 1535 1244 αὐτὰς
1582 1183 1721 1251 ἔχων
1775 1176 1854 1234 ὧν

157 1269 553 1339 προβέβληντο,
594 1272 824 1340 πείθων,
864 1273 1204 1339 βιαζόμενος,
1243 1268 1547 1333 ἐξαπατῶν·
1588 1263 1711 1322 οἷον
1750 1271 1852 1338 γὰρ

159 1355 228 1411 αὖ
270 1358 514 1411 κάκεῖνο·
555 1354 634 1411 ὧν
666 1357 927 1427 ἐκράτησε
960 1368 1310 1429 στρατιωτῶν
1342 1358 1534 1420 ὅπλοις
1568 1361 1697 1420 τοὺς
1731 1356 1854 1410 ἑαυ-

157 1456 258 1500 τοῦ
298 1448 575 1514 κοσμήσας
621 1445 859 1515 ἔπεμπεν
907 1445 996 1500 ἐπὶ
1034 1449 1199 1500 πόλιν
1239 1444 1300 1500 εὖ
1340 1445 1753 1516 πεφραγμένην,
1801 1446 1854 1498 οἱ

161 1533 221 1588 δὲ
262 1537 500 1598 οἰκείους
538 1554 595 1588 τε
633 1536 873 1604 ἡγοῦντο
906 1538 1037 1598 τοὺς
1068 1537 1398 1605 προσιόντας
1428 1535 1518 1587 καὶ
1549 1535 1645 1597 τὰς
1675 1535 1852 1596 πύλας
1877 1554 1918 1588 15

159 1622 474 1686 ἀνοίξαντες
513 1622 766 1692 ἐδέχοντο
805 1626 935 1686 τοὺς
975 1622 1278 1686 ἐναντίους.
1359 1623 1476 1675 112.
1517 1623 1578 1675 τὸ
1619 1619 1678 1675 δὲ
1717 1623 1853 1674 πάν-

160 1733 271 1764 των
332 1713 578 1779 ἥδιστον,
641 1712 723 1764 ὅτι
777 1712 1111 1782 προσλαβὼν
1164 1708 1266 1779 μὲν
1314 1710 1551 1763 Ἰταλίαν
1605 1711 1706 1779 τὴν
1759 1730 1852 1762 κα-

162 1803 280 1868 λήν,
342 1801 676 1869 προσλαβὼν
746 1798 805 1852 δὲ
862 1799 1171 1870 Ἰλλυριοὺς
1240 1802 1371 1862 τοὺς
1439 1799 1853 1868 μαχιμωτάτους

160 1886 250 1939 καὶ
305 1889 490 1951 πόλεις
543 1888 750 1950 πολλάς
803 1907 861 1940 τε
922 1889 1012 1941 καὶ
1077 1889 1304 1958 ἰσχυρὰς
1358 1886 1448 1940 καὶ
1511 1888 1695 1957 χώραν
1759 1886 1853 1955 ἀρ-

161 1983 372 2028 κοῦσαν
408 1977 486 2038 εἰς
525 1978 812 2044 βασιλείαν
857 1977 1101 2045 μεγάλην
1144 1976 1394 2045 οὐδαμοῦ
1439 1976 1611 2045 μάχης
1649 1974 1851 2044 ἐδεήθη
1878 1996 1920 2029 20

160 2061 250 2115 καὶ
328 2066 538 2132 φόνων,
617 2063 733 2117 ἀλλ’
792 2063 1099 2134 ἀπέχρησεν
1175 2066 1207 2133 ἡ
1278 2066 1549 2133 φρόνησις
1623 2062 1714 2116 καὶ
1791 2064 1852 2115 τὸ

162 2157 466 2204 ποθεῖσθαι
522 2155 620 2206 τὸν
671 2153 922 2222 ἄρχοντα.
1011 2153 1131 2205 113.
1184 2155 1408 2222 μεγίστη
1466 2149 1525 2205 δὲ
1577 2153 1855 2220 συμμαχία

285 2332 304 2370 1
332 2327 423 2371 11.ε
442 2332 540 2371 345.
576 2344 610 2382 φ
630 2331 715 2370 597
811 2330 863 2370 17
889 2327 910 2369 Ι
935 2332 1036 2381 521,
1054 2332 1107 2371 12
1202 2332 1256 2370 22
1291 2327 1413 2371 Socr.
1433 2327 1496 2370 III
1514 2332 1554 2380 2,
1570 2331 1623 2370 16
1650 2342 1693 2383 p.
1716 2331 1796 2370 171
1812 2326 1853 2368 A

285 2493 305 2530 1
343 2488 603 2543 καλυφθεὶς
626 2489 662 2531 Ι
686 2488 767 2531 sed
798 2490 890 2544 λυφ
923 2489 970 2532 in
996 2502 1071 2533 ras
1096 2488 1165 2532 m²
1227 2489 1466 2545 καμφθεὶς
1488 2490 1563 2533 La
1669 2493 1703 2531 ‘3
1729 2484 1788 2531 αὖ
1818 2488 1860 2531 V

161 2547 172 2602 1
207 2545 317 2602 ἡμῖν
341 2547 466 2590 inser
490 2546 546 2591 Ι2
668 2552 694 2590 4
727 2545 916 2603 ἐφέρετο
947 2549 983 2591 Ι
1009 2548 1090 2591 sed
1123 2564 1209 2603 φερ
1242 2548 1291 2591 in
1315 2561 1390 2591 ras
1414 2547 1484 2590 m'
1607 2551 1630 2590 7
1664 2544 1711 2591 δ’
1740 2547 1807 2590 Re
1843 2546 1848 2603 Ι

159 2605 338 2655 αὑτὸςῖ
372 2605 575 2650 Sintenis
697 2609 723 2648 8
757 2604 888 2661 ἕτερα
911 2607 946 2650 Ι
972 2607 1053 2650 sed
1078 2622 1098 2651 ε
1129 2607 1258 2662 prius
1283 2606 1332 2649 in
1356 2620 1430 2649 ras
1455 2605 1525 2649 m2
1646 2610 1700 2648 10
1735 2602 1851 2660 ἐξείη

159 2664 328 2720 scripsi
361 2678 386 2708 e
413 2664 809 2710 MoVLaIMPU
880 2665 987 2721 ἐξῆν
1018 2665 1188 2720 reliqui
1219 2665 1330 2709 libri
1361 2665 1452 2708 edd
1606 2669 1658 2708 11
1693 2660 1740 2708 δ’
1772 2664 1862 2709 GU

164 2719 232 2766 Re
352 2728 421 2765 ·12
454 2722 797 2781 προυβέβληντο
831 2723 925 2767 ΜΙ
949 2724 1031 2768 sed
1062 2724 1111 2767 in
1143 2723 1231 2767 hoc
1262 2740 1313 2767 το
1345 2724 1395 2767 in
1420 2736 1495 2766 ras
1519 2722 1589 2766 11ιῖ
1664 2721 1853 2780 προεβέ-

160 2780 330 2837 βληντο
364 2782 455 2824 edd
601 2786 653 2824 13
687 2782 874 2825 κάκεῖνο
906 2783 941 2825 Ι
966 2783 1047 2827 sed
1079 2799 1104 2826 ο
1137 2783 1186 2826 in
1210 2795 1286 2825 ras
1310 2782 1381 2825 m²
1422 2785 1428 2837 Ι
1470 2782 1595 2839 τοὺς]
1621 2788 1719 2832 τοῖς
1751 2781 1814 2826 M
1843 2781 1848 2839 Ι

161 2836 333 2883 ἑαυτοῦ
365 2841 400 2882 Ι
425 2840 507 2883 sed
539 2856 594 2884 ov
626 2840 675 2883 in
699 2853 774 2883 ras
798 2840 868 2882 m³
1048 2845 1103 2883 14
1135 2838 1228 2885 οἵδ’
1257 2841 1302 2884 Β
1334 2841 1436 2884 Mor
1518 2839 1565 2885 οἳ
1596 2837 1644 2885 δ’
1673 2839 1795 2882 Fabr

168 2900 221 2938 15
248 2895 293 2941 δ’
318 2899 532 2944 GBURe
651 2902 705 2942 18
731 2899 780 2942 δὲ
806 2899 931 2942 inser
948 2899 1010 2942 M
1067 2897 1112 2944 δ’
1137 2900 1438 2944 CBMoLaU
1457 2899 1548 2942 edd
1576 2905 1582 2953 Ι
1607 2895 1854 2952 Ἰλλυρίους

161 2953 266 2999 Mor
289 2956 411 2999 Fabr
534 2961 586 3000 19
619 2956 909 3013 ἁρμόζουσαν
941 2957 1043 3000 Mor
1163 2962 1219 3001 20
1250 2956 1546 3013 προσεδεήθη
1579 2957 1646 2999 Re
1681 2979 1685 2981 >
