<?xml version="1.0" encoding="UTF-8"?>
<!DOCTYPE html PUBLIC "-//W3C//DTD XHTML 1.0 Transitional//EN"
    "http://www.w3.org/TR/xhtml1/DTD/xhtml1-transitional.dtd">
<html xmlns="http://www.w3.org/1999/xhtml" xml:lang="en" lang="en">
 <head>
  <title>
</title>
<meta http-equiv="Content-Type" content="text/html;charset=utf-8" />
  <meta name='ocr-system' content='tesseract 3.04.00' />
  <meta name='ocr-capabilities' content='ocr_page ocr_carea ocr_par ocr_line ocrx_word'/>
</head>
<body>
  <div class='ocr_page' id='page_1' title='image "./operarecensuitri02libauoft_0539.png"; bbox 0 0 2060 3162; ppageno 0'>
   <div class='ocr_carea' id='block_1_1' title="bbox 658 167 1856 221">
    <p class='ocr_par' dir='ltr' id='par_1_1' title="bbox 658 167 1856 221">
     <span class='ocr_line' id='line_1_1' title="bbox 658 167 1856 221; baseline 0 -10"><span class='ocrx_word' id='word_1_1' title='bbox 658 167 888 211; x_wconf 84' lang='lat' dir='ltr'>LIBANII</span> <span class='ocrx_word' id='word_1_2' title='bbox 919 167 1144 212; x_wconf 81' lang='lat' dir='ltr'><strong>ORATIO</strong></span> <span class='ocrx_word' id='word_1_3' title='bbox 1177 167 1327 212; x_wconf 91' lang='lat' dir='ltr'>XXIV</span> <span class='ocrx_word' id='word_1_4' title='bbox 1748 168 1856 221; x_wconf 80' lang='lat'><em>529</em></span> 
     </span>
    </p>
   </div>
   <div class='ocr_carea' id='block_1_2' title="bbox 158 300 1947 2151">
    <p class='ocr_par' dir='ltr' id='par_1_2' title="bbox 158 300 1947 996">
     <span class='ocr_line' id='line_1_2' title="bbox 164 300 1947 376; baseline 0.002 -18"><span class='ocrx_word' id='word_1_5' title='bbox 164 303 171 376; x_wconf 79' lang='grc'>1</span> <span class='ocrx_word' id='word_1_6' title='bbox 213 306 497 358; x_wconf 86' lang='grc' dir='ltr'><em>θάλατταν</em></span> <span class='ocrx_word' id='word_1_7' title='bbox 552 300 612 357; x_wconf 77' lang='grc' dir='ltr'><em>δὲ</em></span> <span class='ocrx_word' id='word_1_8' title='bbox 666 307 748 366; x_wconf 85' lang='grc' dir='ltr'><em>τίς</em></span> <span class='ocrx_word' id='word_1_9' title='bbox 802 302 1081 373; x_wconf 56' lang='lat' dir='ltr'><em>§ga-&#39;pamm</em></span> <span class='ocrx_word' id='word_1_10' title='bbox 1136 304 1168 372; x_wconf 82' lang='grc' dir='ltr'>ἡ</span> <span class='ocrx_word' id='word_1_11' title='bbox 1220 302 1437 372; x_wconf 84' lang='grc' dir='ltr'><em>Ἀθηνᾶ.</em></span> <span class='ocrx_word' id='word_1_12' title='bbox 1516 305 1608 357; x_wconf 79' lang='grc' dir='ltr'><em>διὰ</em></span> <span class='ocrx_word' id='word_1_13' title='bbox 1654 306 1728 369; x_wconf 75' lang='grc' dir='ltr'><em>τίς</em></span> <span class='ocrx_word' id='word_1_14' title='bbox 1768 317 1947 361; x_wconf 82' lang='lat' dir='ltr'>RH55</span> 
     </span>
     <span class='ocr_line' id='line_1_3' title="bbox 163 392 1859 462; baseline -0.001 -14"><span class='ocrx_word' id='word_1_15' title='bbox 163 396 249 448; x_wconf 81' lang='grc' dir='ltr'><em>ὅτι</em></span> <span class='ocrx_word' id='word_1_16' title='bbox 303 403 415 447; x_wconf 84' lang='grc' dir='ltr'><em>τῶν</em></span> <span class='ocrx_word' id='word_1_17' title='bbox 466 393 589 461; x_wconf 83' lang='grc' dir='ltr'><em>περὶ</em></span> <span class='ocrx_word' id='word_1_18' title='bbox 645 393 986 462; x_wconf 80' lang='grc' dir='ltr'><em>Κασάνδραν</em></span> <span class='ocrx_word' id='word_1_19' title='bbox 1036 397 1236 445; x_wconf 78' lang='grc' dir='ltr'><strong><em>Αἴαντι</em></strong></span> <span class='ocrx_word' id='word_1_20' title='bbox 1301 392 1703 462; x_wconf 79' lang='grc' dir='ltr'><em>πεπραγμένων</em></span> <span class='ocrx_word' id='word_1_21' title='bbox 1757 394 1859 447; x_wconf 84' lang='grc' dir='ltr'><em>οὐκ</em></span> 
     </span>
     <span class='ocr_line' id='line_1_4' title="bbox 162 479 1859 552; baseline -0.001 -16"><span class='ocrx_word' id='word_1_22' title='bbox 162 485 323 552; x_wconf 83' lang='grc' dir='ltr'><em>ἔλαβε</em></span> <span class='ocrx_word' id='word_1_23' title='bbox 375 482 437 535; x_wconf 93' lang='grc' dir='ltr'><em>τὸ</em></span> <span class='ocrx_word' id='word_1_24' title='bbox 488 483 860 552; x_wconf 89' lang='grc' dir='ltr'><em>στρατόπεδον</em></span> <span class='ocrx_word' id='word_1_25' title='bbox 907 482 1085 550; x_wconf 86' lang='grc' dir='ltr'><em>δίκην,</em></span> <span class='ocrx_word' id='word_1_26' title='bbox 1140 481 1324 551; x_wconf 80' lang='grc' dir='ltr'><em>ὥσπερ</em></span> <span class='ocrx_word' id='word_1_27' title='bbox 1374 479 1505 534; x_wconf 78' lang='grc' dir='ltr'><em>οὐδὲ</em></span> <span class='ocrx_word' id='word_1_28' title='bbox 1552 490 1660 535; x_wconf 87' lang='grc' dir='ltr'><em>νῦν</em></span> <span class='ocrx_word' id='word_1_29' title='bbox 1706 483 1859 551; x_wconf 81' lang='grc' dir='ltr'><em>ἡμεῖς</em></span> 
     </span>
     <span class='ocr_line' id='line_1_5' title="bbox 160 567 1858 641; baseline -0.001 -16"><span class='ocrx_word' id='word_1_30' title='bbox 160 579 261 625; x_wconf 90' lang='grc' dir='ltr'><em>τοῦ</em></span> <span class='ocrx_word' id='word_1_31' title='bbox 302 573 496 640; x_wconf 84' lang='grc' dir='ltr'><em>φόνου.</em></span> <span class='ocrx_word' id='word_1_32' title='bbox 574 567 670 623; x_wconf 86' lang='grc' dir='ltr'><em>εἶτ’</em></span> <span class='ocrx_word' id='word_1_33' title='bbox 702 572 879 623; x_wconf 78' lang='grc' dir='ltr'><em>οἴεταί</em></span> <span class='ocrx_word' id='word_1_34' title='bbox 914 590 995 633; x_wconf 90' lang='grc' dir='ltr'><em>τις</em></span> <span class='ocrx_word' id='word_1_35' title='bbox 1033 571 1134 639; x_wconf 88' lang='grc' dir='ltr'><em>τὴν</em></span> <span class='ocrx_word' id='word_1_36' title='bbox 1167 571 1427 641; x_wconf 76' lang='grc' dir='ltr'><em>Πριάμου</em></span> <span class='ocrx_word' id='word_1_37' title='bbox 1467 573 1641 640; x_wconf 84' lang='grc' dir='ltr'><em>κόρην</em></span> <span class='ocrx_word' id='word_1_38' title='bbox 1671 591 1858 640; x_wconf 90' lang='grc' dir='ltr'><em>τιμιω-</em></span> 
     </span>
     <span class='ocr_line' id='line_1_6' title="bbox 159 658 1923 730; baseline -0.001 -16"><span class='ocrx_word' id='word_1_39' title='bbox 159 661 326 730; x_wconf 87' lang='grc' dir='ltr'><em>τέραν</em></span> <span class='ocrx_word' id='word_1_40' title='bbox 363 667 427 730; x_wconf 80' lang='grc' dir='ltr'><em>τῇ</em></span> <span class='ocrx_word' id='word_1_41' title='bbox 478 658 682 730; x_wconf 77' lang='grc' dir='ltr'><em>Ἀθηνᾷ</em></span> <span class='ocrx_word' id='word_1_42' title='bbox 723 658 983 728; x_wconf 81' lang='grc' dir='ltr'><em>γενέσθαι</em></span> <span class='ocrx_word' id='word_1_43' title='bbox 1023 662 1298 730; x_wconf 90' lang='grc' dir='ltr'><em>πρότερον</em></span> <span class='ocrx_word' id='word_1_44' title='bbox 1332 659 1364 728; x_wconf 77' lang='grc' dir='ltr'><em>ἢ</em></span> <span class='ocrx_word' id='word_1_45' title='bbox 1398 667 1506 712; x_wconf 88' lang='grc' dir='ltr'><em>νῦν</em></span> <span class='ocrx_word' id='word_1_46' title='bbox 1538 660 1707 713; x_wconf 78' lang='grc' dir='ltr'><em>ἅπασι</em></span> <span class='ocrx_word' id='word_1_47' title='bbox 1740 669 1855 723; x_wconf 87' lang='grc' dir='ltr'><em>τοῖς</em></span> <span class='ocrx_word' id='word_1_48' title='bbox 1904 681 1923 714; x_wconf 87' lang='lat'><strong>5</strong></span> 
     </span>
     <span class='ocr_line' id='line_1_7' title="bbox 158 746 1851 817; baseline -0.001 -14"><span class='ocrx_word' id='word_1_49' title='bbox 158 755 316 812; x_wconf 81' lang='grc' dir='ltr'><strong><em>θεοῖς</em></strong></span> <span class='ocrx_word' id='word_1_50' title='bbox 354 757 578 813; x_wconf 90' lang='grc' dir='ltr'><em>τοῦτον;</em></span> <span class='ocrx_word' id='word_1_51' title='bbox 618 756 713 817; x_wconf 89' lang='grc' dir='ltr'><em>τῆς</em></span> <span class='ocrx_word' id='word_1_52' title='bbox 752 746 813 801; x_wconf 73' lang='grc' dir='ltr'><em>δὲ</em></span> <span class='ocrx_word' id='word_1_53' title='bbox 854 747 915 802; x_wconf 82' lang='grc' dir='ltr'><em>ἐν</em></span> <span class='ocrx_word' id='word_1_54' title='bbox 954 749 1256 817; x_wconf 83' lang='grc' dir='ltr'><em>Λεύκτροις</em></span> <span class='ocrx_word' id='word_1_55' title='bbox 1294 749 1457 817; x_wconf 79' lang='grc' dir='ltr'><em>ἥττης</em></span> <span class='ocrx_word' id='word_1_56' title='bbox 1495 756 1590 816; x_wconf 82' lang='grc' dir='ltr'><em>τῆς</em></span> <span class='ocrx_word' id='word_1_57' title='bbox 1630 748 1851 802; x_wconf 87' lang='grc' dir='ltr'><em>ἀνελπί-</em></span> 
     </span>
     <span class='ocr_line' id='line_1_8' title="bbox 160 825 1855 907; baseline -0.001 -15"><span class='ocrx_word' id='word_1_58' title='bbox 160 854 329 907; x_wconf 89' lang='grc' dir='ltr'><em>στου,</em></span> <span class='ocrx_word' id='word_1_59' title='bbox 379 836 506 905; x_wconf 87' lang='grc' dir='ltr'><em>μεθ’</em></span> <span class='ocrx_word' id='word_1_60' title='bbox 543 837 614 906; x_wconf 81' lang='grc' dir='ltr'><em>ἣν</em></span> <span class='ocrx_word' id='word_1_61' title='bbox 659 835 838 904; x_wconf 80' lang='grc' dir='ltr'><em>ἔμεινε</em></span> <span class='ocrx_word' id='word_1_62' title='bbox 892 837 1113 905; x_wconf 85' lang='grc' dir='ltr'><em>κειμένη</em></span> <span class='ocrx_word' id='word_1_63' title='bbox 1165 846 1277 891; x_wconf 84' lang='grc' dir='ltr'><em>τῶν</em></span> <span class='ocrx_word' id='word_1_64' title='bbox 1316 825 1776 906; x_wconf 77' lang='grc' dir='ltr'><em>Λακεδαιμονίων</em></span> <span class='ocrx_word' id='word_1_65' title='bbox 1823 838 1855 906; x_wconf 84' lang='grc' dir='ltr'>ἡ</span> 
     </span>
     <span class='ocr_line' id='line_1_9' title="bbox 159 922 1716 996; baseline 0 -16"><span class='ocrx_word' id='word_1_66' title='bbox 159 929 333 995; x_wconf 90' lang='grc' dir='ltr'><em>πόλις,</em></span> <span class='ocrx_word' id='word_1_67' title='bbox 372 924 453 989; x_wconf 85' lang='grc' dir='ltr'><em>τίς</em></span> <span class='ocrx_word' id='word_1_68' title='bbox 492 927 595 980; x_wconf 88' lang='grc' dir='ltr'><em>οὐκ</em></span> <span class='ocrx_word' id='word_1_69' title='bbox 635 922 753 979; x_wconf 83' lang='grc' dir='ltr'><em>οἶδε</em></span> <span class='ocrx_word' id='word_1_70' title='bbox 792 927 895 995; x_wconf 88' lang='grc' dir='ltr'><em>τὴν</em></span> <span class='ocrx_word' id='word_1_71' title='bbox 933 926 1109 996; x_wconf 87' lang='grc' dir='ltr'><em>ἀρχὴν</em></span> <span class='ocrx_word' id='word_1_72' title='bbox 1146 927 1235 979; x_wconf 81' lang='grc' dir='ltr'><em>καὶ</em></span> <span class='ocrx_word' id='word_1_73' title='bbox 1275 928 1377 995; x_wconf 85' lang='grc' dir='ltr'><em>τὴν</em></span> <span class='ocrx_word' id='word_1_74' title='bbox 1415 926 1716 990; x_wconf 88' lang='grc' dir='ltr'><em>ὑπόθεσιν;</em></span> 
     </span>
    </p>

    <p class='ocr_par' dir='ltr' id='par_1_3' title="bbox 158 1013 1946 2151">
     <span class='ocr_line' id='line_1_10' title="bbox 272 1013 1858 1083; baseline 0.001 -15"><span class='ocrx_word' id='word_1_75' title='bbox 272 1016 357 1068; x_wconf 82' lang='grc'><em>34.</em></span> <span class='ocrx_word' id='word_1_76' title='bbox 414 1015 607 1083; x_wconf 84' lang='grc' dir='ltr'><em>Μέλει,</em></span> <span class='ocrx_word' id='word_1_77' title='bbox 661 1015 810 1081; x_wconf 80' lang='grc' dir='ltr'><em>μέλει</em></span> <span class='ocrx_word' id='word_1_78' title='bbox 865 1013 955 1067; x_wconf 89' lang='grc' dir='ltr'><em>καὶ</em></span> <span class='ocrx_word' id='word_1_79' title='bbox 1009 1016 1335 1068; x_wconf 80' lang='grc' dir='ltr'><em>τεθνεώτων</em></span> <span class='ocrx_word' id='word_1_80' title='bbox 1381 1014 1696 1083; x_wconf 85' lang='grc' dir='ltr'><em>ἀνθρώπων</em></span> <span class='ocrx_word' id='word_1_81' title='bbox 1742 1024 1858 1079; x_wconf 88' lang='grc' dir='ltr'><em>τοῖς</em></span> 
     </span>
     <span class='ocr_line' id='line_1_11' title="bbox 158 1098 1925 1173; baseline 0 -15"><span class='ocrx_word' id='word_1_82' title='bbox 158 1110 339 1173; x_wconf 87' lang='grc' dir='ltr'><em>θεοῖς,</em></span> <span class='ocrx_word' id='word_1_83' title='bbox 395 1101 436 1158; x_wconf 83' lang='grc' dir='ltr'><strong>ὦ</strong></span> <span class='ocrx_word' id='word_1_84' title='bbox 475 1106 731 1172; x_wconf 83' lang='grc' dir='ltr'><em>βασιλεῦ,</em></span> <span class='ocrx_word' id='word_1_85' title='bbox 787 1098 866 1156; x_wconf 80' lang='grc' dir='ltr'><em>ὧν</em></span> <span class='ocrx_word' id='word_1_86' title='bbox 904 1102 994 1156; x_wconf 86' lang='grc' dir='ltr'><em>καὶ</em></span> <span class='ocrx_word' id='word_1_87' title='bbox 1034 1112 1149 1166; x_wconf 87' lang='grc' dir='ltr'><em>τοῖς</em></span> <span class='ocrx_word' id='word_1_88' title='bbox 1198 1106 1361 1167; x_wconf 83' lang='grc' dir='ltr'><em>ζῶσιν</em></span> <span class='ocrx_word' id='word_1_89' title='bbox 1409 1105 1489 1156; x_wconf 82' lang='grc' dir='ltr'><em>ἔτι</em></span> <span class='ocrx_word' id='word_1_90' title='bbox 1535 1103 1856 1171; x_wconf 84' lang='grc' dir='ltr'><em>ἀνθρώποις</em></span> <span class='ocrx_word' id='word_1_91' title='bbox 1882 1105 1925 1158; x_wconf 77' lang='grc' dir='ltr'><em>ιο</em></span> 
     </span>
     <span class='ocr_line' id='line_1_12' title="bbox 158 1189 1859 1263; baseline -0.001 -16"><span class='ocrx_word' id='word_1_92' title='bbox 158 1193 347 1261; x_wconf 79' lang='grc' dir='ltr'><em>μέλειν</em></span> <span class='ocrx_word' id='word_1_93' title='bbox 408 1191 693 1261; x_wconf 84' lang='grc' dir='ltr'><em>βούλοιντ’</em></span> <span class='ocrx_word' id='word_1_94' title='bbox 732 1194 815 1245; x_wconf 79' lang='grc' dir='ltr'><em>ἄν.</em></span> <span class='ocrx_word' id='word_1_95' title='bbox 894 1193 942 1245; x_wconf 83' lang='grc' dir='ltr'><em>εἰ</em></span> <span class='ocrx_word' id='word_1_96' title='bbox 994 1189 1054 1245; x_wconf 74' lang='grc' dir='ltr'><em>δὲ</em></span> <span class='ocrx_word' id='word_1_97' title='bbox 1109 1194 1181 1261; x_wconf 89' lang='grc' dir='ltr'><em>μὴ</em></span> <span class='ocrx_word' id='word_1_98' title='bbox 1236 1200 1399 1245; x_wconf 87' lang='grc' dir='ltr'><em>τοῦτο</em></span> <span class='ocrx_word' id='word_1_99' title='bbox 1461 1200 1719 1246; x_wconf 84' lang='grc' dir='ltr'><em>τοιοῦτον</em></span> <span class='ocrx_word' id='word_1_100' title='bbox 1772 1191 1859 1263; x_wconf 79' lang='grc' dir='ltr'><em>ἦν,</em></span> 
     </span>
     <span class='ocr_line' id='line_1_13' title="bbox 160 1280 1859 1350; baseline 0.001 -16"><span class='ocrx_word' id='word_1_101' title='bbox 160 1280 277 1334; x_wconf 83' lang='grc' dir='ltr'><em>οὔτ’</em></span> <span class='ocrx_word' id='word_1_102' title='bbox 311 1281 381 1335; x_wconf 80' lang='grc' dir='ltr'><em>ἂν</em></span> <span class='ocrx_word' id='word_1_103' title='bbox 427 1283 507 1344; x_wconf 82' lang='grc' dir='ltr'><em>εἰς</em></span> <span class='ocrx_word' id='word_1_104' title='bbox 545 1282 832 1350; x_wconf 75' lang='grc' dir='ltr'><em>Μακάρων</em></span> <span class='ocrx_word' id='word_1_105' title='bbox 879 1283 1085 1350; x_wconf 84' lang='grc' dir='ltr'><em>νήσους</em></span> <span class='ocrx_word' id='word_1_106' title='bbox 1134 1283 1343 1350; x_wconf 82' lang='grc' dir='ltr'><em>ἤγαγον</em></span> <span class='ocrx_word' id='word_1_107' title='bbox 1390 1281 1487 1344; x_wconf 78' lang='grc' dir='ltr'><em>οὓς</em></span> <span class='ocrx_word' id='word_1_108' title='bbox 1533 1281 1859 1349; x_wconf 83' lang='grc' dir='ltr'><em>ἐθαύμασαν</em></span> 
     </span>
     <span class='ocr_line' id='line_1_14' title="bbox 161 1369 1857 1440; baseline 0.001 -17"><span class='ocrx_word' id='word_1_109' title='bbox 161 1369 276 1424; x_wconf 81' lang='grc' dir='ltr'><em>οὔτ’</em></span> <span class='ocrx_word' id='word_1_110' title='bbox 308 1370 378 1423; x_wconf 77' lang='grc' dir='ltr'><em>ἂν</em></span> <span class='ocrx_word' id='word_1_111' title='bbox 418 1370 553 1423; x_wconf 84' lang='grc' dir='ltr'><em>ὀστᾶ</em></span> <span class='ocrx_word' id='word_1_112' title='bbox 600 1372 809 1438; x_wconf 89' lang='grc' dir='ltr'><em>λογίοις</em></span> <span class='ocrx_word' id='word_1_113' title='bbox 860 1369 1137 1439; x_wconf 82' lang='grc' dir='ltr'><em>ἐτίμησαν,</em></span> <span class='ocrx_word' id='word_1_114' title='bbox 1187 1371 1368 1440; x_wconf 85' lang='grc' dir='ltr'><em>ὥσπερ</em></span> <span class='ocrx_word' id='word_1_115' title='bbox 1407 1371 1474 1423; x_wconf 85' lang='grc' dir='ltr'><em>τά</em></span> <span class='ocrx_word' id='word_1_116' title='bbox 1512 1390 1570 1422; x_wconf 94' lang='grc' dir='ltr'><em>τε</em></span> <span class='ocrx_word' id='word_1_117' title='bbox 1604 1369 1857 1439; x_wconf 79' lang='grc' dir='ltr'><em>Ὀρέστου</em></span> 
     </span>
     <span class='ocr_line' id='line_1_15' title="bbox 162 1455 1927 1528; baseline 0.002 -17"><span class='ocrx_word' id='word_1_118' title='bbox 162 1460 230 1512; x_wconf 90' lang='grc' dir='ltr'><em>τά</em></span> <span class='ocrx_word' id='word_1_119' title='bbox 276 1479 333 1512; x_wconf 91' lang='grc' dir='ltr'><em>τε</em></span> <span class='ocrx_word' id='word_1_120' title='bbox 377 1459 612 1528; x_wconf 81' lang='grc' dir='ltr'><em>Θησέως.</em></span> <span class='ocrx_word' id='word_1_121' title='bbox 690 1459 774 1512; x_wconf 78' lang='lat'><em>35.</em></span> <span class='ocrx_word' id='word_1_122' title='bbox 831 1460 922 1512; x_wconf 80' lang='grc' dir='ltr'><em>καὶ</em></span> <span class='ocrx_word' id='word_1_123' title='bbox 973 1467 1080 1512; x_wconf 90' lang='grc' dir='ltr'><em>νῦν</em></span> <span class='ocrx_word' id='word_1_124' title='bbox 1127 1455 1279 1528; x_wconf 82' lang='grc' dir='ltr'><em>οἶμαι</em></span> <span class='ocrx_word' id='word_1_125' title='bbox 1330 1461 1458 1522; x_wconf 89' lang='grc' dir='ltr'><em>τοὺς</em></span> <span class='ocrx_word' id='word_1_126' title='bbox 1507 1462 1677 1522; x_wconf 85' lang='grc' dir='ltr'><em>θεοὺς</em></span> <span class='ocrx_word' id='word_1_127' title='bbox 1727 1465 1857 1513; x_wconf 81' lang='grc' dir='ltr'><em>πολ-</em></span> <span class='ocrx_word' id='word_1_128' title='bbox 1883 1483 1927 1514; x_wconf 76' lang='lat'><em>14</em></span> 
     </span>
     <span class='ocr_line' id='line_1_16' title="bbox 161 1545 1946 1619; baseline 0.004 -19"><span class='ocrx_word' id='word_1_129' title='bbox 161 1548 317 1611; x_wconf 90' lang='grc' dir='ltr'><em>λάκις</em></span> <span class='ocrx_word' id='word_1_130' title='bbox 356 1547 419 1602; x_wconf 83' lang='grc' dir='ltr'><em>ἐν</em></span> <span class='ocrx_word' id='word_1_131' title='bbox 448 1557 566 1611; x_wconf 90' lang='grc' dir='ltr'><em>ταῖς</em></span> <span class='ocrx_word' id='word_1_132' title='bbox 601 1548 786 1601; x_wconf 85' lang='grc' dir='ltr'><em>αὑτῶν</em></span> <span class='ocrx_word' id='word_1_133' title='bbox 817 1548 1043 1618; x_wconf 79' lang='grc' dir='ltr'><em>ἀγοραῖς</em></span> <span class='ocrx_word' id='word_1_134' title='bbox 1074 1553 1414 1617; x_wconf 82' lang='grc' dir='ltr'><em>πεποιῆσθαι</em></span> <span class='ocrx_word' id='word_1_135' title='bbox 1449 1547 1455 1619; x_wconf 85' lang='grc' dir='ltr'>Ι</span> <span class='ocrx_word' id='word_1_136' title='bbox 1493 1550 1661 1616; x_wconf 89' lang='grc' dir='ltr'><em>λόγον</em></span> <span class='ocrx_word' id='word_1_137' title='bbox 1692 1550 1727 1602; x_wconf 74' lang='grc' dir='ltr'><em>δέ</em></span> <span class='ocrx_word' id='word_1_138' title='bbox 1765 1562 1805 1604; x_wconf 84' lang='lat' dir='ltr'><em>R.</em></span> <span class='ocrx_word' id='word_1_139' title='bbox 1829 1545 1946 1607; x_wconf 78' lang='lat'><em>[156</em></span> 
     </span>
     <span class='ocr_line' id='line_1_17' title="bbox 161 1633 1859 1707; baseline 0.001 -18"><span class='ocrx_word' id='word_1_140' title='bbox 161 1655 219 1690; x_wconf 91' lang='grc' dir='ltr'><em>τε</em></span> <span class='ocrx_word' id='word_1_141' title='bbox 256 1639 467 1690; x_wconf 81' lang='grc' dir='ltr'><em>ἔπαθεν</em></span> <span class='ocrx_word' id='word_1_142' title='bbox 499 1634 660 1701; x_wconf 86' lang='grc' dir='ltr'><em>οὗτος</em></span> <span class='ocrx_word' id='word_1_143' title='bbox 698 1633 777 1690; x_wconf 80' lang='grc' dir='ltr'><em>ὧν</em></span> <span class='ocrx_word' id='word_1_144' title='bbox 809 1658 866 1690; x_wconf 90' lang='grc' dir='ltr'><em>τε</em></span> <span class='ocrx_word' id='word_1_145' title='bbox 896 1639 1132 1707; x_wconf 86' lang='grc' dir='ltr'><em>ἠτύχησε</em></span> <span class='ocrx_word' id='word_1_146' title='bbox 1171 1639 1429 1704; x_wconf 83' lang='grc' dir='ltr'><em>τεθνεώς,</em></span> <span class='ocrx_word' id='word_1_147' title='bbox 1469 1637 1859 1706; x_wconf 86' lang='grc' dir='ltr'><em>μεμφομένους</em></span> 
     </span>
     <span class='ocr_line' id='line_1_18' title="bbox 165 1726 1862 1796; baseline 0 -17"><span class='ocrx_word' id='word_1_148' title='bbox 165 1745 224 1779; x_wconf 91' lang='grc' dir='ltr'><em>τε</em></span> <span class='ocrx_word' id='word_1_149' title='bbox 285 1727 376 1779; x_wconf 84' lang='grc' dir='ltr'><em>καὶ</em></span> <span class='ocrx_word' id='word_1_150' title='bbox 430 1731 884 1794; x_wconf 85' lang='grc' dir='ltr'><em>παρακαλοῦντας</em></span> <span class='ocrx_word' id='word_1_151' title='bbox 939 1727 1211 1796; x_wconf 80' lang='grc' dir='ltr'><em>ἀλλήλους</em></span> <span class='ocrx_word' id='word_1_152' title='bbox 1267 1726 1352 1779; x_wconf 81' lang='grc' dir='ltr'><em>ε’πὶ</em></span> <span class='ocrx_word' id='word_1_153' title='bbox 1407 1728 1508 1795; x_wconf 84' lang='grc' dir='ltr'><em>τὴν</em></span> <span class='ocrx_word' id='word_1_154' title='bbox 1558 1727 1732 1794; x_wconf 83' lang='grc' dir='ltr'><em>δίκην.</em></span> <span class='ocrx_word' id='word_1_155' title='bbox 1810 1729 1862 1779; x_wconf 81' lang='grc' dir='ltr'><em>εἰ</em></span> 
     </span>
     <span class='ocr_line' id='line_1_19' title="bbox 163 1813 1860 1888; baseline 0.001 -21"><span class='ocrx_word' id='word_1_156' title='bbox 163 1815 269 1884; x_wconf 82' lang='grc' dir='ltr'><em>γὰρ</em></span> <span class='ocrx_word' id='word_1_157' title='bbox 316 1818 536 1884; x_wconf 86' lang='grc' dir='ltr'><em>θρήνου</em></span> <span class='ocrx_word' id='word_1_158' title='bbox 584 1813 686 1885; x_wconf 73' lang='grc' dir='ltr'><em>μὲν</em></span> <span class='ocrx_word' id='word_1_159' title='bbox 734 1815 881 1880; x_wconf 79' lang='grc' dir='ltr'><em>ἄξιος</em></span> <span class='ocrx_word' id='word_1_160' title='bbox 907 1814 1117 1885; x_wconf 62' lang='grc' dir='ltr'><em>’Έκτωρ</em></span> <span class='ocrx_word' id='word_1_161' title='bbox 1158 1822 1231 1888; x_wconf 77' lang='grc' dir='ltr'><em>τῷ</em></span> <span class='ocrx_word' id='word_1_162' title='bbox 1266 1814 1363 1868; x_wconf 83' lang='grc' dir='ltr'><em>Διὶ</em></span> <span class='ocrx_word' id='word_1_163' title='bbox 1413 1816 1504 1868; x_wconf 77' lang='grc' dir='ltr'><em>διὰ</em></span> <span class='ocrx_word' id='word_1_164' title='bbox 1543 1816 1603 1868; x_wconf 91' lang='grc' dir='ltr'><em>τὸ</em></span> <span class='ocrx_word' id='word_1_165' title='bbox 1644 1818 1860 1884; x_wconf 82' lang='grc' dir='ltr'><em>πλῆθος</em></span> 
     </span>
     <span class='ocr_line' id='line_1_20' title="bbox 163 1903 1859 1973; baseline 0.001 -17"><span class='ocrx_word' id='word_1_166' title='bbox 163 1912 276 1956; x_wconf 84' lang='grc' dir='ltr'><em>τῶν</em></span> <span class='ocrx_word' id='word_1_167' title='bbox 322 1909 561 1971; x_wconf 79' lang='grc' dir='ltr'><em>θυσιῶν,</em></span> <span class='ocrx_word' id='word_1_168' title='bbox 613 1904 919 1973; x_wconf 81' lang='grc' dir='ltr'><em>ἐγκαλεῖται</em></span> <span class='ocrx_word' id='word_1_169' title='bbox 968 1905 1029 1958; x_wconf 80' lang='grc' dir='ltr'><em>δὲ</em></span> <span class='ocrx_word' id='word_1_170' title='bbox 1076 1904 1104 1958; x_wconf 87' lang='grc' dir='ltr'>ὁ</span> <span class='ocrx_word' id='word_1_171' title='bbox 1149 1907 1288 1967; x_wconf 86' lang='grc' dir='ltr'><em>Ζεὺς</em></span> <span class='ocrx_word' id='word_1_172' title='bbox 1338 1905 1445 1956; x_wconf 86' lang='grc' dir='ltr'><em>ὑπὸ</em></span> <span class='ocrx_word' id='word_1_173' title='bbox 1493 1912 1586 1973; x_wconf 84' lang='grc' dir='ltr'><em>τῆς</em></span> <span class='ocrx_word' id='word_1_174' title='bbox 1625 1903 1859 1972; x_wconf 81' lang='grc' dir='ltr'><em>Ἀθηνᾶς</em></span> 
     </span>
     <span class='ocr_line' id='line_1_21' title="bbox 161 1988 1925 2062; baseline 0.001 -17"><span class='ocrx_word' id='word_1_175' title='bbox 161 1990 225 2045; x_wconf 79' lang='grc' dir='ltr'><em>ἐν</em></span> <span class='ocrx_word' id='word_1_176' title='bbox 262 2001 378 2055; x_wconf 91' lang='grc' dir='ltr'><em>τοῖς</em></span> <span class='ocrx_word' id='word_1_177' title='bbox 409 1991 713 2056; x_wconf 83' lang='grc' dir='ltr'><em>Ὀδυσσέως</em></span> <span class='ocrx_word' id='word_1_178' title='bbox 761 1994 992 2056; x_wconf 86' lang='grc' dir='ltr'><em>πλάνοις</em></span> <span class='ocrx_word' id='word_1_179' title='bbox 1039 1994 1110 2056; x_wconf 83' lang='grc' dir='ltr'><em>ὡς</em></span> <span class='ocrx_word' id='word_1_180' title='bbox 1158 1993 1374 2059; x_wconf 80' lang='grc' dir='ltr'><em>ἀμελῶν</em></span> <span class='ocrx_word' id='word_1_181' title='bbox 1421 1988 1727 2062; x_wconf 86' lang='grc' dir='ltr'><em>ἀνθρώπου</em></span> <span class='ocrx_word' id='word_1_182' title='bbox 1776 2013 1857 2045; x_wconf 84' lang='grc' dir='ltr'><em>τε-</em></span> <span class='ocrx_word' id='word_1_183' title='bbox 1882 2017 1925 2048; x_wconf 76' lang='lat'><em>20</em></span> 
     </span>
     <span class='ocr_line' id='line_1_22' title="bbox 160 2083 1856 2151; baseline 0.001 -18"><span class='ocrx_word' id='word_1_184' title='bbox 160 2083 428 2148; x_wconf 88' lang='grc' dir='ltr'><em>θυκότος,</em></span> <span class='ocrx_word' id='word_1_185' title='bbox 483 2085 606 2135; x_wconf 84' lang='grc' dir='ltr'><em>τίνα</em></span> <span class='ocrx_word' id='word_1_186' title='bbox 660 2083 803 2146; x_wconf 88' lang='grc' dir='ltr'><em>εἰκὸς</em></span> <span class='ocrx_word' id='word_1_187' title='bbox 857 2084 1114 2151; x_wconf 81' lang='grc' dir='ltr'><em>εἰρῆσθαι</em></span> <span class='ocrx_word' id='word_1_188' title='bbox 1169 2083 1292 2150; x_wconf 82' lang='grc' dir='ltr'><em>περὶ</em></span> <span class='ocrx_word' id='word_1_189' title='bbox 1349 2083 1551 2135; x_wconf 88' lang='grc' dir='ltr'><em>τούτου</em></span> <span class='ocrx_word' id='word_1_190' title='bbox 1606 2090 1706 2134; x_wconf 87' lang='grc' dir='ltr'><em>τοῦ</em></span> <span class='ocrx_word' id='word_1_191' title='bbox 1762 2084 1856 2144; x_wconf 84' lang='grc' dir='ltr'><em>τὰς</em></span> 
     </span>
    </p>
   </div>
   <div class='ocr_carea' id='block_1_3' title="bbox 162 2188 390 2194">
    <p class='ocr_par' dir='ltr' id='par_1_4' title="bbox 162 2188 390 2194">
     <span class='ocr_line' id='line_1_23' title="bbox 162 2188 390 2194; baseline 0 0"><span class='ocrx_word' id='word_1_192' title='bbox 162 2188 390 2194; x_wconf 95' lang='lat' dir='ltr'><em> </em></span> 
     </span>
    </p>
   </div>
   <div class='ocr_carea' id='block_1_4' title="bbox 392 2189 518 2192">
    <p class='ocr_par' dir='ltr' id='par_1_5' title="bbox 392 2189 518 2192">
     <span class='ocr_line' id='line_1_24' title="bbox 392 2189 518 2192; baseline 0 0"><span class='ocrx_word' id='word_1_193' title='bbox 392 2189 518 2192; x_wconf 95' lang='lat' dir='ltr'><em> </em></span> 
     </span>
    </p>
   </div>
   <div class='ocr_carea' id='block_1_5' title="bbox 159 2242 1854 2358">
    <p class='ocr_par' dir='ltr' id='par_1_6' title="bbox 159 2242 1854 2358">
     <span class='ocr_line' id='line_1_25' title="bbox 283 2242 1854 2299; baseline -0.001 -13"><span class='ocrx_word' id='word_1_194' title='bbox 283 2248 307 2286; x_wconf 91' lang='grc'><strong>6</strong></span> <span class='ocrx_word' id='word_1_195' title='bbox 340 2243 461 2286; x_wconf 70' lang='lat' dir='ltr'><strong>Plut.</strong></span> <span class='ocrx_word' id='word_1_196' title='bbox 487 2242 645 2299; x_wconf 85' lang='lat' dir='ltr'>Pelop.</span> <span class='ocrx_word' id='word_1_197' title='bbox 673 2248 741 2287; x_wconf 91' lang='grc'><em>20.</em></span> <span class='ocrx_word' id='word_1_198' title='bbox 790 2243 924 2288; x_wconf 88' lang='lat' dir='ltr'><strong>Diod.</strong></span> <span class='ocrx_word' id='word_1_199' title='bbox 952 2244 994 2287; x_wconf 81' lang='lat' dir='ltr'><em>S.</em></span> <span class='ocrx_word' id='word_1_200' title='bbox 1021 2243 1105 2286; x_wconf 92' lang='lat' dir='ltr'><em>XV</em></span> <span class='ocrx_word' id='word_1_201' title='bbox 1130 2249 1186 2287; x_wconf 84' lang='lat'><em>54</em></span> <span class='ocrx_word' id='word_1_202' title='bbox 1354 2248 1407 2286; x_wconf 86' lang='lat'><em>13</em></span> <span class='ocrx_word' id='word_1_203' title='bbox 1442 2243 1548 2286; x_wconf 83' lang='lat' dir='ltr'><strong>Her.</strong></span> <span class='ocrx_word' id='word_1_204' title='bbox 1575 2243 1595 2285; x_wconf 87' lang='grc' dir='ltr'><strong>Ι</strong></span> <span class='ocrx_word' id='word_1_205' title='bbox 1620 2247 1689 2286; x_wconf 83' lang='grc'><em>67.</em></span> <span class='ocrx_word' id='word_1_206' title='bbox 1732 2242 1854 2285; x_wconf 76' lang='lat' dir='ltr'>Plut.</span> 
     </span>
     <span class='ocr_line' id='line_1_26' title="bbox 159 2301 1685 2358; baseline 0.003 -14"><span class='ocrx_word' id='word_1_207' title='bbox 159 2301 298 2346; x_wconf 83' lang='lat' dir='ltr'><strong>Thes.</strong></span> <span class='ocrx_word' id='word_1_208' title='bbox 324 2306 393 2347; x_wconf 83' lang='lat'><em>36.</em></span> <span class='ocrx_word' id='word_1_209' title='bbox 443 2301 555 2346; x_wconf 85' lang='lat' dir='ltr'><strong>Cim.</strong></span> <span class='ocrx_word' id='word_1_210' title='bbox 582 2307 623 2356; x_wconf 87' lang='lat'><em>8,</em></span> <span class='ocrx_word' id='word_1_211' title='bbox 642 2308 667 2346; x_wconf 89' lang='lat'>5</span> <span class='ocrx_word' id='word_1_212' title='bbox 792 2308 846 2346; x_wconf 87' lang='grc'><em>18</em></span> <span class='ocrx_word' id='word_1_213' title='bbox 878 2303 927 2346; x_wconf 92' lang='lat' dir='ltr'><em>Il.</em></span> <span class='ocrx_word' id='word_1_214' title='bbox 955 2321 990 2347; x_wconf 90' lang='grc' dir='ltr'><em>ω</em></span> <span class='ocrx_word' id='word_1_215' title='bbox 1017 2307 1072 2346; x_wconf 87' lang='grc'><em>66</em></span> <span class='ocrx_word' id='word_1_216' title='bbox 1087 2318 1152 2358; x_wconf 87' lang='lat' dir='ltr'><em>sq.</em></span> <span class='ocrx_word' id='word_1_217' title='bbox 1279 2307 1332 2345; x_wconf 90' lang='grc'><em>19</em></span> <span class='ocrx_word' id='word_1_218' title='bbox 1367 2301 1449 2345; x_wconf 90' lang='lat' dir='ltr'><em>Od.</em></span> <span class='ocrx_word' id='word_1_219' title='bbox 1479 2319 1508 2345; x_wconf 85' lang='grc' dir='ltr'><em>α</em></span> <span class='ocrx_word' id='word_1_220' title='bbox 1535 2306 1588 2345; x_wconf 77' lang='grc'><em>59</em></span> <span class='ocrx_word' id='word_1_221' title='bbox 1605 2316 1685 2357; x_wconf 62' lang='lat' dir='ltr'><em>sq„</em></span> 
     </span>
    </p>
   </div>
   <div class='ocr_carea' id='block_1_6' title="bbox 165 2395 314 2400">
    <p class='ocr_par' dir='ltr' id='par_1_7' title="bbox 165 2395 314 2400">
     <span class='ocr_line' id='line_1_27' title="bbox 165 2395 314 2400; baseline 0 0"><span class='ocrx_word' id='word_1_222' title='bbox 165 2395 314 2400; x_wconf 95' lang='lat' dir='ltr'><em> </em></span> 
     </span>
    </p>
   </div>
   <div class='ocr_carea' id='block_1_7' title="bbox 385 2396 519 2400">
    <p class='ocr_par' dir='ltr' id='par_1_8' title="bbox 385 2396 519 2400">
     <span class='ocr_line' id='line_1_28' title="bbox 385 2396 519 2400; baseline 0 0"><span class='ocrx_word' id='word_1_223' title='bbox 385 2396 519 2400; x_wconf 95' lang='lat' dir='ltr'><em> </em></span> 
     </span>
    </p>
   </div>
   <div class='ocr_carea' id='block_1_8' title="bbox 286 2448 1683 2508">
    <p class='ocr_par' dir='ltr' id='par_1_9' title="bbox 286 2448 1683 2508">
     <span class='ocr_line' id='line_1_29' title="bbox 286 2448 1683 2508; baseline -0.001 -15"><span class='ocrx_word' id='word_1_224' title='bbox 286 2454 339 2492; x_wconf 90' lang='lat'><em>15</em></span> <span class='ocrx_word' id='word_1_225' title='bbox 371 2450 582 2508; x_wconf 79' lang='grc' dir='ltr'><em>ἀγοραῖς]</em></span> <span class='ocrx_word' id='word_1_226' title='bbox 615 2449 716 2504; x_wconf 84' lang='grc' dir='ltr'><em>ἤτοι</em></span> <span class='ocrx_word' id='word_1_227' title='bbox 748 2450 1011 2503; x_wconf 81' lang='grc' dir='ltr'><em>συνάξεσιν·</em></span> <span class='ocrx_word' id='word_1_228' title='bbox 1048 2448 1248 2507; x_wconf 84' lang='grc' dir='ltr'><em>ὁμιλίαις</em></span> <span class='ocrx_word' id='word_1_229' title='bbox 1281 2450 1348 2494; x_wconf 84' lang='lat' dir='ltr'><em>V²</em></span> <span class='ocrx_word' id='word_1_230' title='bbox 1380 2451 1445 2506; x_wconf 75' lang='lat' dir='ltr'><em>(eb</em></span> <span class='ocrx_word' id='word_1_231' title='bbox 1477 2449 1582 2493; x_wconf 75' lang='lat' dir='ltr'><strong>Vat.</strong></span> <span class='ocrx_word' id='word_1_232' title='bbox 1610 2452 1683 2506; x_wconf 90' lang='grc'><em>82)</em></span> 
     </span>
    </p>
   </div>
   <div class='ocr_carea' id='block_1_9' title="bbox 167 2542 523 2549">
    <p class='ocr_par' dir='ltr' id='par_1_10' title="bbox 167 2542 523 2549">
     <span class='ocr_line' id='line_1_30' title="bbox 167 2542 523 2549; baseline 0 0"><span class='ocrx_word' id='word_1_233' title='bbox 167 2542 523 2549; x_wconf 95' lang='lat' dir='ltr'><em> </em></span> 
     </span>
    </p>
   </div>
   <div class='ocr_carea' id='block_1_10' title="bbox 287 2595 1856 2655">
    <p class='ocr_par' dir='ltr' id='par_1_11' title="bbox 287 2595 1856 2655">
     <span class='ocr_line' id='line_1_31' title="bbox 287 2595 1856 2655; baseline 0 -15"><span class='ocrx_word' id='word_1_234' title='bbox 287 2603 309 2640; x_wconf 95' lang='grc'>1</span> <span class='ocrx_word' id='word_1_235' title='bbox 345 2595 571 2653; x_wconf 78' lang='grc' dir='ltr'><em>ἐξέμεινεν</em></span> <span class='ocrx_word' id='word_1_236' title='bbox 604 2599 636 2641; x_wconf 93' lang='grc' dir='ltr'><em>Ι</em></span> <span class='ocrx_word' id='word_1_237' title='bbox 663 2598 744 2641; x_wconf 83' lang='lat' dir='ltr'><em>sed</em></span> <span class='ocrx_word' id='word_1_238' title='bbox 776 2615 803 2641; x_wconf 93' lang='grc' dir='ltr'><em>ν</em></span> <span class='ocrx_word' id='word_1_239' title='bbox 836 2601 898 2655; x_wconf 90' lang='grc'><em>(2)</em></span> <span class='ocrx_word' id='word_1_240' title='bbox 930 2598 1023 2642; x_wconf 79' lang='lat' dir='ltr'><em>add</em></span> <span class='ocrx_word' id='word_1_241' title='bbox 1047 2599 1118 2641; x_wconf 77' lang='lat' dir='ltr'><em>m3</em></span> <span class='ocrx_word' id='word_1_242' title='bbox 1145 2601 1150 2653; x_wconf 92' lang='grc' dir='ltr'>Ι</span> <span class='ocrx_word' id='word_1_243' title='bbox 1180 2596 1304 2643; x_wconf 62' lang='lat' dir='ltr'><em>&amp;tavi</em></span> <span class='ocrx_word' id='word_1_244' title='bbox 1332 2598 1443 2641; x_wconf 86' lang='lat' dir='ltr'><em>MV</em></span> <span class='ocrx_word' id='word_1_245' title='bbox 1589 2601 1614 2640; x_wconf 84' lang='lat'><strong>2</strong></span> <span class='ocrx_word' id='word_1_246' title='bbox 1654 2596 1856 2640; x_wconf 84' lang='grc' dir='ltr'><em>κασσάν-</em></span> 
     </span>
    </p>
   </div>
   <div class='ocr_carea' id='block_1_11' title="bbox 162 2671 1857 3038">
    <p class='ocr_par' dir='ltr' id='par_1_12' title="bbox 162 2671 1856 2976">
     <span class='ocr_line' id='line_1_32' title="bbox 162 2671 1856 2742; baseline -0.001 -12"><span class='ocrx_word' id='word_1_247' title='bbox 162 2688 286 2740; x_wconf 83' lang='grc' dir='ltr'><em>δραν</em></span> <span class='ocrx_word' id='word_1_248' title='bbox 306 2685 562 2731; x_wconf 82' lang='lat' dir='ltr'><strong><em>OAPURe</em></strong></span> <span class='ocrx_word' id='word_1_249' title='bbox 622 2671 897 2742; x_wconf 62' lang='grc' dir='ltr'><em>κάσάνδραν</em></span> <span class='ocrx_word' id='word_1_250' title='bbox 914 2687 960 2730; x_wconf 85' lang='grc' dir='ltr'><strong><em>Β</em></strong></span> <span class='ocrx_word' id='word_1_251' title='bbox 1022 2686 1317 2741; x_wconf 84' lang='grc' dir='ltr'><em>κασσάνδρας</em></span> <span class='ocrx_word' id='word_1_252' title='bbox 1342 2685 1397 2729; x_wconf 92' lang='lat' dir='ltr'><em>Ol</em></span> <span class='ocrx_word' id='word_1_253' title='bbox 1415 2685 1536 2729; x_wconf 86' lang='lat' dir='ltr'>Fabr</span> <span class='ocrx_word' id='word_1_254' title='bbox 1659 2690 1681 2728; x_wconf 82' lang='lat'><strong>7</strong></span> <span class='ocrx_word' id='word_1_255' title='bbox 1709 2686 1856 2741; x_wconf 81' lang='grc' dir='ltr'><em>ἔμεινε</em></span> 
     </span>
     <span class='ocr_line' id='line_1_33' title="bbox 164 2743 1855 2800; baseline 0 -13"><span class='ocrx_word' id='word_1_256' title='bbox 164 2744 290 2788; x_wconf 83' lang='lat' dir='ltr'><strong>inser</strong></span> <span class='ocrx_word' id='word_1_257' title='bbox 314 2744 371 2788; x_wconf 79' lang='lat'><em>1³</em></span> <span class='ocrx_word' id='word_1_258' title='bbox 491 2749 517 2788; x_wconf 90' lang='grc'><strong>9</strong></span> <span class='ocrx_word' id='word_1_259' title='bbox 548 2752 640 2788; x_wconf 87' lang='grc' dir='ltr'><em>τῶν</em></span> <span class='ocrx_word' id='word_1_260' title='bbox 671 2746 941 2790; x_wconf 85' lang='grc' dir='ltr'><em>τεθνεώτων</em></span> <span class='ocrx_word' id='word_1_261' title='bbox 975 2747 1031 2790; x_wconf 88' lang='grc' dir='ltr'><em>Μ</em></span> <span class='ocrx_word' id='word_1_262' title='bbox 1156 2750 1210 2788; x_wconf 93' lang='grc'><em>10</em></span> <span class='ocrx_word' id='word_1_263' title='bbox 1243 2744 1307 2790; x_wconf 76' lang='grc' dir='ltr'><em>ἔτι</em></span> <span class='ocrx_word' id='word_1_264' title='bbox 1339 2744 1463 2787; x_wconf 84' lang='lat' dir='ltr'><strong>inser</strong></span> <span class='ocrx_word' id='word_1_265' title='bbox 1486 2745 1543 2788; x_wconf 85' lang='lat'><em>1²</em></span> <span class='ocrx_word' id='word_1_266' title='bbox 1667 2749 1719 2787; x_wconf 93' lang='grc'><em>11</em></span> <span class='ocrx_word' id='word_1_267' title='bbox 1753 2743 1855 2800; x_wconf 83' lang='grc' dir='ltr'><em>μέλ-</em></span> 
     </span>
     <span class='ocr_line' id='line_1_34' title="bbox 165 2803 1856 2860; baseline 0 -14"><span class='ocrx_word' id='word_1_268' title='bbox 165 2805 261 2847; x_wconf 81' lang='grc' dir='ltr'><em>λειν</em></span> <span class='ocrx_word' id='word_1_269' title='bbox 293 2805 330 2847; x_wconf 92' lang='grc' dir='ltr'><em>Ι</em></span> <span class='ocrx_word' id='word_1_270' title='bbox 354 2803 436 2847; x_wconf 82' lang='lat' dir='ltr'><em>sed</em></span> <span class='ocrx_word' id='word_1_271' title='bbox 467 2806 491 2847; x_wconf 81' lang='grc' dir='ltr'><em>λ</em></span> <span class='ocrx_word' id='word_1_272' title='bbox 520 2803 649 2860; x_wconf 83' lang='lat' dir='ltr'><strong>prius</strong></span> <span class='ocrx_word' id='word_1_273' title='bbox 682 2817 784 2848; x_wconf 77' lang='lat' dir='ltr'>eras</span> <span class='ocrx_word' id='word_1_274' title='bbox 908 2809 962 2848; x_wconf 89' lang='lat'><em>15</em></span> <span class='ocrx_word' id='word_1_275' title='bbox 994 2805 1148 2849; x_wconf 83' lang='grc' dir='ltr'><em>αὑτῶν</em></span> <span class='ocrx_word' id='word_1_276' title='bbox 1181 2803 1347 2859; x_wconf 82' lang='lat' dir='ltr'><strong>scripsi</strong></span> <span class='ocrx_word' id='word_1_277' title='bbox 1379 2817 1403 2847; x_wconf 83' lang='lat' dir='ltr'>e</span> <span class='ocrx_word' id='word_1_278' title='bbox 1431 2803 1639 2848; x_wconf 82' lang='lat' dir='ltr'><strong><em>OAUBa</em></strong></span> <span class='ocrx_word' id='word_1_279' title='bbox 1700 2804 1856 2847; x_wconf 86' lang='grc' dir='ltr'><em>αὐτῶν</em></span> 
     </span>
     <span class='ocr_line' id='line_1_35' title="bbox 164 2861 1856 2919; baseline -0.001 -14"><span class='ocrx_word' id='word_1_280' title='bbox 164 2862 338 2919; x_wconf 82' lang='lat' dir='ltr'><strong>reliqui</strong></span> <span class='ocrx_word' id='word_1_281' title='bbox 369 2862 479 2906; x_wconf 89' lang='lat' dir='ltr'><strong>libri</strong></span> <span class='ocrx_word' id='word_1_282' title='bbox 511 2863 602 2906; x_wconf 87' lang='lat' dir='ltr'><em>edd</em></span> <span class='ocrx_word' id='word_1_283' title='bbox 734 2867 789 2906; x_wconf 90' lang='grc'><em>20</em></span> <span class='ocrx_word' id='word_1_284' title='bbox 821 2870 923 2915; x_wconf 87' lang='grc' dir='ltr'><em>ταῖς</em></span> <span class='ocrx_word' id='word_1_285' title='bbox 955 2863 1187 2914; x_wconf 84' lang='grc' dir='ltr'><em>ὀδυσσέως</em></span> <span class='ocrx_word' id='word_1_286' title='bbox 1216 2861 1416 2914; x_wconf 84' lang='grc' dir='ltr'><em>πλάναις</em></span> <span class='ocrx_word' id='word_1_287' title='bbox 1447 2862 1504 2906; x_wconf 92' lang='lat' dir='ltr'><em>Ol</em></span> <span class='ocrx_word' id='word_1_288' title='bbox 1527 2862 1650 2906; x_wconf 82' lang='lat' dir='ltr'>Fabr</span> <span class='ocrx_word' id='word_1_289' title='bbox 1677 2866 1683 2918; x_wconf 84' lang='grc' dir='ltr'>Ι</span> <span class='ocrx_word' id='word_1_290' title='bbox 1710 2861 1856 2906; x_wconf 81' lang='grc' dir='ltr'><em>πολλὰ</em></span> 
     </span>
     <span class='ocr_line' id='line_1_36' title="bbox 165 2918 1855 2976; baseline 0.001 -12"><span class='ocrx_word' id='word_1_291' title='bbox 165 2923 276 2964; x_wconf 76' lang='lat' dir='ltr'><strong>ante</strong></span> <span class='ocrx_word' id='word_1_292' title='bbox 306 2920 562 2973; x_wconf 85' lang='grc' dir='ltr'><em>τεθυκότος</em></span> <span class='ocrx_word' id='word_1_293' title='bbox 591 2922 717 2966; x_wconf 83' lang='lat' dir='ltr'><strong>inser</strong></span> <span class='ocrx_word' id='word_1_294' title='bbox 747 2921 894 2966; x_wconf 67' lang='lat' dir='ltr'>Cobess</span> <span class='ocrx_word' id='word_1_295' title='bbox 917 2921 1028 2967; x_wconf 90' lang='lat' dir='ltr'>Coll.</span> <span class='ocrx_word' id='word_1_296' title='bbox 1051 2928 1133 2966; x_wconf 83' lang='grc'><em>121</em></span> <span class='ocrx_word' id='word_1_297' title='bbox 1168 2924 1218 2965; x_wconf 69' lang='lat' dir='ltr'><em>ab</em></span> <span class='ocrx_word' id='word_1_298' title='bbox 1250 2921 1307 2965; x_wconf 88' lang='lat' dir='ltr'><em>cf.</em></span> <span class='ocrx_word' id='word_1_299' title='bbox 1333 2921 1418 2965; x_wconf 92' lang='lat' dir='ltr'><em>Od.</em></span> <span class='ocrx_word' id='word_1_300' title='bbox 1445 2939 1474 2964; x_wconf 84' lang='grc' dir='ltr'><em>α</em></span> <span class='ocrx_word' id='word_1_301' title='bbox 1500 2927 1553 2965; x_wconf 88' lang='grc'><em>61</em></span> <span class='ocrx_word' id='word_1_302' title='bbox 1587 2921 1690 2976; x_wconf 80' lang='grc' dir='ltr'><em>ἱερὰ</em></span> <span class='ocrx_word' id='word_1_303' title='bbox 1715 2918 1855 2976; x_wconf 73' lang='grc' dir='ltr'><em>ῥέζων</em></span> 
     </span>
    </p>

    <p class='ocr_par' dir='ltr' id='par_1_13' title="bbox 226 2980 1857 3038">
     <span class='ocr_line' id='line_1_37' title="bbox 226 2980 1857 3038; baseline 0 -16"><span class='ocrx_word' id='word_1_304' title='bbox 226 2984 281 3022; x_wconf 90' lang='grc'><em>21</em></span> <span class='ocrx_word' id='word_1_305' title='bbox 314 2981 480 3025; x_wconf 83' lang='grc' dir='ltr'><em>τούτου</em></span> <span class='ocrx_word' id='word_1_306' title='bbox 503 2982 539 3024; x_wconf 91' lang='grc' dir='ltr'><em>Ι</em></span> <span class='ocrx_word' id='word_1_307' title='bbox 556 2981 638 3025; x_wconf 81' lang='lat' dir='ltr'><em>sed</em></span> <span class='ocrx_word' id='word_1_308' title='bbox 654 2998 710 3025; x_wconf 88' lang='lat' dir='ltr'><em>ov</em></span> <span class='ocrx_word' id='word_1_309' title='bbox 726 2983 788 3038; x_wconf 89' lang='grc'><em>(2)</em></span> <span class='ocrx_word' id='word_1_310' title='bbox 812 2981 862 3024; x_wconf 89' lang='lat' dir='ltr'><em>in</em></span> <span class='ocrx_word' id='word_1_311' title='bbox 885 2995 960 3025; x_wconf 79' lang='lat' dir='ltr'><em>ras</em></span> <span class='ocrx_word' id='word_1_312' title='bbox 984 2981 1053 3024; x_wconf 76' lang='grc' dir='ltr'><em>Ιῐι2</em></span> <span class='ocrx_word' id='word_1_313' title='bbox 1081 2984 1087 3038; x_wconf 85' lang='grc' dir='ltr'>Ι</span> <span class='ocrx_word' id='word_1_314' title='bbox 1115 2988 1196 3025; x_wconf 87' lang='grc' dir='ltr'><em>τοῦ</em></span> <span class='ocrx_word' id='word_1_315' title='bbox 1221 2982 1256 3024; x_wconf 94' lang='grc' dir='ltr'><em>Ι</em></span> <span class='ocrx_word' id='word_1_316' title='bbox 1274 2981 1355 3024; x_wconf 81' lang='lat' dir='ltr'><em>sed</em></span> <span class='ocrx_word' id='word_1_317' title='bbox 1378 2997 1403 3024; x_wconf 92' lang='grc' dir='ltr'><em>τ</em></span> <span class='ocrx_word' id='word_1_318' title='bbox 1426 2980 1495 3023; x_wconf 70' lang='lat' dir='ltr'><em>m&#39;</em></span> <span class='ocrx_word' id='word_1_319' title='bbox 1519 2980 1568 3022; x_wconf 90' lang='lat' dir='ltr'><em>in</em></span> <span class='ocrx_word' id='word_1_320' title='bbox 1584 2993 1674 3034; x_wconf 81' lang='lat' dir='ltr'>ras,</span> <span class='ocrx_word' id='word_1_321' title='bbox 1707 2996 1762 3023; x_wconf 91' lang='lat' dir='ltr'><em>ov</em></span> <span class='ocrx_word' id='word_1_322' title='bbox 1786 2981 1857 3022; x_wconf 76' lang='lat' dir='ltr'><em>m³</em></span> 
     </span>
    </p>
   </div>
   <div class='ocr_carea' id='block_1_12' title="bbox 257 3059 1588 3097">
    <p class='ocr_par' dir='ltr' id='par_1_14' title="bbox 257 3059 1588 3097">
     <span class='ocr_line' id='line_1_38' title="bbox 257 3059 1588 3097; baseline 0.002 -3"><span class='ocrx_word' id='word_1_323' title='bbox 257 3062 456 3095; x_wconf 71' lang='lat' dir='ltr'><strong>Inmmms</strong></span> <span class='ocrx_word' id='word_1_324' title='bbox 481 3063 538 3095; x_wconf 77' lang='lat' dir='ltr'><em>ed.</em></span> <span class='ocrx_word' id='word_1_325' title='bbox 563 3063 804 3096; x_wconf 74' lang='lat' dir='ltr'><strong>Foerster.</strong></span> <span class='ocrx_word' id='word_1_326' title='bbox 843 3064 895 3095; x_wconf 87' lang='lat'><em>11.</em></span> <span class='ocrx_word' id='word_1_327' title='bbox 1533 3059 1588 3097; x_wconf 83' lang='lat'><em>34</em></span> 
     </span>
    </p>
   </div>
  </div>
 </body>
</html>
