2060 3162
193 673 211 704 5

231 161 340 228 336
751 161 979 204 LIBANII
1009 159 1232 205 ORATIO
1264 137 1414 207 XVIII

343 297 464 348 229.
509 296 667 349 Οὕτω
698 296 877 350 πάντα
907 291 977 364 ῆν
1016 303 1114 349 τοῦ
1149 296 1413 365 βασιλέως
1449 299 1590 366 ῆττω
1622 296 1714 351 καὶ
1747 298 1916 352 οὐδὲν

233 386 330 438 τὸν
384 386 561 452 ἄνδρα
615 386 825 454 ἔφερεν.
903 383 1018 437 ἀλλ’
1057 380 1127 452 ῆν
1181 386 1413 454 χαλεπὸς
1461 384 1585 462 μὲν,
1615 389 1915 454 πολεμίοις,

235 475 466 543 χαλεπὸς
505 474 566 526 δὲ
603 482 715 526 τῶν
753 474 972 526 οἰκείων
1010 482 1124 536 τοῖς
1164 475 1265 527 οὐκ
1304 476 1514 528 εἰδόσιν
1552 474 1585 543 ἢ
1624 484 1845 545 κρατεῖν
1883 476 1916 545 ἢ

233 564 467 615 πίπτειν.
535 549 652 615 ’τῶν
713 564 907 615 τοίνυν
967 563 1427 632 προβεβλημένων
1485 572 1580 632 τῆς
1639 571 1919 634 προνομῆς

235 660 347 704 τῶν
388 650 595 704 ἱππέων
633 660 811 713 κακῶς
848 651 1259 720 ἠγωνισμένων,
1300 653 1436 705 ὥστε
1467 653 1654 715 αὐτοῖς
1691 653 1781 706 καὶ
1819 653 1918 706 τὸν

237 740 514 810 ἵππαρχον
553 739 877 809 ἀποθανεῖν,
924 742 1054 803 τοὺς
1100 739 1387 803 ἀξιοῦντας
1436 747 1700 810 τιμᾶσθαι
1750 742 1856 811 πρὸ
1909 739 1913 812 Ι

147 841 190 884 R
210 845 294 885 599
333 838 445 882 τῶν
488 832 710 882 πολλῶν
747 838 863 892 τοῖς
907 829 1270 887 ἀποκτενοῦσι
1307 829 1624 900 παρέδωκεν
1674 829 1775 883 οὐκ
1814 829 1918 882 ἀπὸ

237 925 333 985 τῆς
383 925 585 986 σκηνῆς
635 916 922 986 ἐκπέμπων
967 919 1067 986 τὴν
1112 922 1396 988 τιμωρίαν,
1448 917 1563 972 ἀλλ’
1597 919 1674 981 εἰς
1719 918 1921 987 μέσους

180 1011 184 1016 ’
240 1005 685 1077 ἀναστρέφοντας
747 1008 1034 1075 εἰσελθών,
1104 1008 1478 1076 καταβιβάζων
1547 1006 1922 1074 ὡπλισμένους

175 1118 217 1149 10

179 1561 220 1593 15

183 2004 226 2036 20

241 1097 479 1158 πολλοὺς
529 1095 692 1158 αὐτὸς
737 1097 877 1165 ἔχων
932 1096 1284 1166 δορυφόρους
1339 1097 1470 1150 οὐδὲ
1514 1105 1671 1167 τρεῖς.
1749 1097 1923 1158 οὕτως

235 1180 310 1252 ’ἧν
347 1185 724 1247 πεπαιδευκώς
762 1186 1031 1255 ἄρχεσθαι
1069 1188 1200 1247 τοὺς
1230 1187 1561 1253 στρατιώτας
1599 1186 1690 1238 καὶ
1720 1193 1830 1238 πᾶν
1859 1186 1921 1238 τὸ

244 1274 450 1325 δοκοῦν
472 1280 548 1344 τῷ
573 1281 867 1342 κρατοῦντι
892 1272 1166 1343 δέχεσθαι.
1236 1274 1359 1326 230.
1391 1282 1505 1336 τοῖς
1537 1270 1640 1326 οὗν
1666 1275 1924 1326 ἱππεῦσιν

244 1361 555 1430 ἀπαντήσας
595 1364 701 1414 σὺν
739 1365 842 1432 βοῇ
882 1363 981 1415 τὸν
1020 1362 1339 1415 ἀπολωλότα
1379 1366 1596 1431 ζητοῦσι
1634 1363 1724 1416 καὶ
1765 1363 1926 1430 δίκην

243 1451 343 1518 τὴν
383 1447 541 1512 ἀξίαν
581 1448 793 1513 ἐπιθεὶς
831 1459 948 1514 τοῖς
987 1451 1089 1504 οὐκ
1121 1450 1428 1518 ἐπαμύνασι
1466 1452 1556 1504 καὶ
1596 1450 1775 1514 δείξας
1811 1459 1927 1513 τοῖς

245 1539 432 1601 ἄλλοις
457 1540 678 1608 ἅπασιν,
711 1533 801 1593 οἷα
828 1540 979 1609 μένει
1002 1542 1131 1603 τοὺς
1163 1540 1717 1611 ἀπορρᾳθυμοῦντας,
1750 1540 1927 1607 εἰσῆλ-
2007 1530 2010 1532 ,

244 1634 350 1680 θεν
375 1629 451 1690 εἰς
482 1629 583 1697 τὴν
615 1630 823 1698 σκηνὴν
850 1631 1296 1699 θαυμαστότερος
1327 1630 1580 1697 γεγονώς.
1642 1629 1764 1681 231.
1797 1630 1927 1695 βου-

246 1719 474 1785 λόμενος
520 1714 581 1769 δὲ
628 1718 700 1780 ὡς
744 1719 1024 1786 πλείστην·
1050 1725 1145 1786 τῆς
1190 1719 1451 1787 πολεμίας
1494 1721 1927 1786 κακουργεῖσθαι

245 1806 456 1868 πυκνὰς
502 1804 736 1859 ἐποιεῖτο
789 1808 885 1869 τὰς
939 1806 1279 1875 ἀναπαύλας,
1334 1806 1478 1868 ὅπως
1531 1807 1593 1858 τὸ
1644 1802 1745 1872 μὲν
1795 1806 1928 1857 ἄλλο

248 1895 619 1963 στρατόπεδον
658 1892 718 1946 έν
758 1894 1103 1962 χαρακώματι
1135 1893 1309 1962 μένοι,
1347 1903 1462 1956 τοῖς
1501 1890 1562 1945 δὲ
1600 1893 1834 1961 κούφοις
1873 1912 1930 1945 τε

249 1980 339 2034 καὶ
387 1981 807 2050 εὐρωστοτέροις
852 1987 935 2050 εἴη
991 1983 1385 2051 διερευνᾶσθαι
1437 1982 1538 2049 τὴν
1591 1989 1695 2049 γῆν
1745 1982 1932 2042 ἄλλοις

251 2072 446 2123 ἄλλοσε
486 2069 960 2136 σκεδαννυμένοις.
1029 2073 1087 2122 οἳ
1113 2071 1436 2137 καταγείους
1473 2088 1530 2121 τε
1570 2069 1806 2136 οἰκήσεις
1837 2067 1931 2120 ἀν-

251 2167 419 2228 εῦρον
457 2157 545 2210 καὶ
585 2153 721 2225 ἧκον
761 2159 986 2225 ἄγοντες
1014 2156 1279 2225 Ἀσυρίων
1309 2157 1471 2210 τέκνα
1502 2157 1636 2225 μετὰ
1665 2155 1932 2226 μητέρων,

252 2249 390 2301 ὥστε
436 2249 535 2300 τὸν
583 2255 693 2299 τῶν
748 2247 1102 2314 αἰχμαλώτων
1156 2245 1400 2315 ἀριθμὸν
1453 2247 1620 2297 πλείω
1671 2252 1770 2297 τοῦ
1820 2254 1933 2297 τῶν

251 2335 604 2404 κτησαμένων
642 2331 798 2387 εἰναι.
876 2335 1072 2396 σπάνις
1112 2334 1173 2386 δὲ
1210 2341 1418 2402 τροφῆς
1457 2330 1588 2386 οὐδὲ
1628 2333 1814 2395 οὕτως.

373 2501 398 2538 3
446 2495 620 2541 εἰδόσιν
660 2492 708 2552 ἢ]
758 2508 813 2537 ex
851 2493 998 2538 εἰδόσι
1044 2507 1144 2536 corr
1182 2492 1239 2536 1²
1329 2491 1475 2538 εἰδόσι
1510 2493 1743 2538 OBMoM
1777 2491 1868 2535 edd

256 2560 281 2598 5
313 2554 640 2611 ἠγωνισμένων
672 2568 728 2598 ex
761 2552 1073 2610 ἠγωνισμένον
1106 2567 1206 2596 corr
1228 2551 1285 2595 1²
1437 2558 1461 2596 6
1505 2551 1714 2608 ὕπαρχον
1747 2551 1822 2595 La
1853 2550 1934 2593 sed.

255 2612 283 2657 ῧ
308 2626 423 2668 eras,
459 2616 542 2658 Mo
663 2617 688 2656 9
721 2612 941 2656 εἰσελθὼν
966 2613 1041 2655 La
1074 2612 1155 2654 sed
1178 2612 1247 2656 εἰσ
1275 2611 1324 2654 in
1347 2625 1422 2654 ras
1447 2626 1480 2654 ‘n
1601 2614 1654 2653 13
1685 2610 1794 2659 τοὺς
1816 2610 1934 2652 ἀπο-

255 2671 454 2722 λωλότας
480 2674 523 2716 V
668 2677 722 2716 14
751 2671 836 2727 τὴν
869 2684 943 2714 om
966 2671 1034 2714 Re
1179 2675 1232 2714 15
1265 2672 1692 2726 ἀποραθυμοῦντας
1722 2669 1768 2711 P
1796 2668 1876 2710 sed.
1909 2685 1934 2723 ρ

257 2730 456 2774 alterum
486 2732 609 2775 inser
632 2731 714 2785 m³‚
754 2730 928 2775 UIMB
1051 2734 1104 2772 19
1142 2731 1441 2788 χαρακώμασι
1471 2730 1506 2772 Ι
1531 2728 1613 2772 sed
1644 2741 1670 2770 σ
1700 2726 1750 2769 in
1780 2743 1805 2769 τ
1837 2741 1937 2770 con·
1976 2762 1981 2769 „

256 2789 338 2842 ω’,
380 2790 507 2834 LaU
540 2791 607 2833 Re
803 2793 856 2832 21
913 2788 1020 2832 ἄλλο
1061 2788 1145 2833 Mo
1202 2791 1207 2845 Ι
1265 2786 1547 2845 καταγαίους
1584 2787 1630 2829 Ρ
1672 2786 1752 2829 sed
1792 2802 1842 2828 αι
1886 2785 1937 2828 in
1979 2826 1983 2829 .

256 2862 332 2891 ras
373 2854 397 2891 2
437 2848 516 2892 litt
560 2849 642 2902 m³‚
693 2849 814 2894 GMo
845 2847 935 2890 edd
1018 2846 1272 2904 καταγέους
1306 2848 1351 2890 Β
1399 2846 1481 2890 sed
1519 2863 1569 2889 αι
1608 2857 1747 2900 supra
1787 2842 1822 2898 έ,
1861 2844 1944 2888 IU

258 2907 315 3010 (ἶ.
335 2907 605 3010 ῗΙαέἆΕοΡ.
624 2908 707 2951 VH
737 2922 781 2963 p.
809 2912 893 2950 514
910 2907 963 2949 A.
1011 2906 1195 2962 Protag.
1222 2921 1266 2961 p.
1286 2910 1371 2949 320
1388 2905 1424 2948 E
1605 2908 1659 2947 22
1704 2901 1936 2957 ἀσσυρίων

305 2982 333 3010 α
395 2980 419 3009 e
1965 2990 1967 2992 ,
