2072 3162
224 112 252 164 7
258 112 292 163 2
753 113 982 156 LIBANH
1012 112 1234 158 ORATIO
1266 114 1372 158 XIH

221 247 290 300 ἂν
329 243 502 301 εἶπεν·
563 245 787 300 ἔσπετε
834 255 956 301 νῦν
993 269 1100 314 μοι
1139 252 1402 302 Μοῦσαι
1436 249 1744 317 Ὀλύμπιοι
1783 251 1899 303 δώ-

219 334 352 403 ματ’
394 338 684 405 ἔχουσαι,
726 335 830 404 ἐγὼ
872 336 933 389 δὲ
973 343 1073 389 σοῦ
1114 338 1378 406 δεηθείην
1416 337 1485 391 ἂν
1524 340 1715 407 εἰπεῖν,
1756 339 1900 401 ὅπως

220 423 417 477 ἕκαστα
454 423 769 494 πέπρακται.
840 426 925 477 δεῖ
963 422 1023 478 δὲ
1063 425 1231 478 οὐδέν
1271 440 1360 479 σοι
1397 427 1533 496 πρὸς
1570 435 1742 480 ταῦτα
1781 429 1900 480 στό-

176 536 198 566 4
221 532 409 581 ματος,
456 511 574 565 ἀλλ’
605 513 902 583 ἀποχρήσει
949 515 1148 566 δοῦναι
1194 515 1294 582 τὴν
1341 517 1671 586 συγγραφὴν
1714 516 1785 584 ἣν
1821 511 1902 568 ὧν

133 614 282 658 R413
325 601 488 663 αὐτὸς
526 599 760 671 ἔπραξας
799 593 1110 670 συνέθηκας
1149 602 1177 656 ὁ
1218 603 1383 666 αὐτὸς
1419 606 1712 671 γενόμενος
1758 602 1767 675 1
1811 603 1902 657 καὶ

222 690 522 759 στρατηγὸς
571 691 662 743 καὶ
702 691 1068 760 συγγραφεύς.
1143 691 1230 743 26.
1282 690 1398 743 ἀλλ’
1438 690 1618 745 ἐκεῖνα
1662 692 1762 761 μέν
1806 712 1902 759 μοι

219 780 514 849 χορηγήσει
551 779 689 847 πρὸς
727 786 898 847 μῆκος
937 781 1107 847 λόγου
1147 780 1346 849 μικρὸν
1384 780 1635 850 ὕστερον,
1679 780 1901 834 ἐπειδὰν

220 867 298 929 εἰς
335 867 395 919 τὸ
435 875 547 920 πᾶν
585 867 807 936 ἀφεῖναι
845 867 1081 935 πέλαγος
1126 867 1155 920 ὁ
1194 869 1328 931 θεὸς
1366 868 1646 939 ἐπιτρέπῃ,
1695 877 1802 922 νῦν
1841 866 1902 922 δὲ

219 957 280 1009 τὸ
321 956 625 1024 κεφάλαιον
669 965 780 1008 τῶν
829 955 1226 1026 εἰργασμένων,
1273 956 1363 1009 καὶ
1410 958 1514 1028 γὰρ
1563 959 1640 1020 εἰς
1684 959 1903 1011 ἅπασαν

155 1066 197 1099 10
221 1041 478 1114 ἐξέδραμε
516 1046 618 1113 τὴν
657 1044 1005 1114 οἰκουμένην,
1045 1046 1330 1115 εἰρήσεται.

331 1133 415 1186 27.
479 1135 619 1196 Τοὺς
657 1130 759 1202 μὲν
798 1134 1098 1197 διώκοντας
1144 1135 1452 1203 φεύγοντας
1499 1133 1726 1203 ἔδειξας,
1773 1137 1905 1198 τοὺς

221 1220 515 1290 ε’πτηχότας
555 1219 616 1274 δὲ
655 1221 1003 1291 ἐλαύνοντας,
1043 1224 1172 1285 τοὺς
1209 1220 1311 1292 μὲν
1342 1223 1679 1294 ἁρπάζοντας
1711 1223 1902 1277 ἀποδι-

221 1310 434 1378 δόντας,
465 1313 596 1373 τοὺς
627 1308 688 1363 δὲ
721 1310 1125 1382 ἀφαιρεθέντας
1154 1311 1561 1381 κομιζομένους,
1592 1311 1683 1365 καὶ
1711 1315 1903 1382 μετήλ-

219 1397 383 1462 λαξας
421 1401 602 1468 φόβον
640 1400 729 1452 καὶ
768 1401 1004 1469 θάρσος,
1057 1400 1245 1470 ῥώμην
1283 1399 1374 1453 καὶ
1412 1403 1794 1470 ταπεινότητα,
1840 1402 1903 1454 τὸ

154 1509 196 1543 15
219 1483 322 1554 μὲν
359 1487 578 1557 τρέμειν
616 1490 695 1551 εἰς
731 1493 860 1551 τοὺς
899 1487 1186 1552 ἐναντίους
1225 1488 1468 1558 άπώσας,
1515 1491 1615 1558 τὴν
1662 1487 1722 1542 δὲ
1769 1488 1904 1543 ἐκεί-

220 1596 336 1629 νων
373 1577 649 1647 ὑπεροχὴν
688 1579 766 1640 εἰς
803 1579 934 1640 τοὺς
972 1579 1211 1640 οἰκείους
1249 1582 1598 1647 μεταστήσας.
1675 1578 1759 1631 28.
1801 1578 1904 1632 οὐκ

223 1662 376 1718 ἔστιν
415 1666 561 1728 ὅπως
598 1673 770 1719 ταῦτα
801 1668 871 1719 σὺ
904 1665 1068 1737 χωρὶς
1099 1674 1193 1735 τῆς
1220 1666 1454 1736 Ἀθηνᾶς
1486 1668 1739 1737 εἰργάσω,
1778 1665 1895 1721 ἀλλ’

220 1750 361 1822 ἔχων
403 1751 718 1823 Ἀθήνηθεν
770 1756 871 1823 τὴν
915 1756 1057 1808 θεὸν
1101 1754 1193 1808 καὶ
1243 1759 1448 1825 βουλῆς
1498 1757 1769 1809 κοινωνὸν
1813 1756 1903 1808 καὶ

221 1840 471 1911 πράξεων
509 1844 801 1912 συνεργὸν,
841 1844 1022 1915 ὥσπερ
1049 1842 1320 1914 “Ηρακλῆς
1360 1844 1447 1897 ἐπὶ
1477 1845 1575 1897 τὸν
1607 1844 1905 1898 ἀλλόκοτον

342 2006 368 2045 8
414 2002 522 2046 Her.
548 2002 633 2046 VII
658 2007 755 2046 193.
819 2002 1063 2047 Thuc.V11
1090 2008 1158 2056 19,
1181 2009 1222 2048 4.
1283 2004 1346 2048 Ιο.
1374 2003 1530 2060 Chrys.
1565 2004 1625 2047 ad
1655 2018 1761 2060 pop.
1794 2003 1902 2047 Aniz.

224 2083 278 2098 =
310 2063 342 2104 t.
367 2061 410 2104 II
439 2077 485 2117 p.
512 2061 625 2104 90A
657 2062 727 2105 ed.
753 2061 916 2105 Montf.
949 2062 1108 2106 homil.
1126 2062 1211 2105 VII
1355 2068 1407 2106 19
1440 2063 1492 2106 Il.
1517 2066 1555 2106 θ
1588 2067 1673 2106 364
1687 2078 1752 2118 sq.
1817 2062 1901 2106 Od.

222 2123 246 2164 λ
271 2125 368 2164 626.
419 2120 475 2164 cf.
503 2134 572 2177 ep.
600 2124 698 2164 535.
734 2125 846 2164 1045

344 2272 367 2310 7
410 2267 673 2325 χορηγήσει·
724 2269 829 2313 ἀντὶ
858 2275 941 2312 τοῦ
975 2267 1219 2327 βοηθήσει·
1268 2267 1386 2324 πρὸς
1417 2266 1440 2312 ὃ
1481 2268 1561 2311 καὶ
1591 2267 1808 2311 Πλάτων·
1857 2268 1906 2313 εἰ

222 2327 317 2370 καὶ
350 2327 429 2371 ἔτι
462 2328 825 2384 ἐπιχορηγοῖς
855 2330 924 2385 τῷ
956 2325 1095 2386 λόγῳ
1128 2328 1171 2371 V
1198 2327 1403 2384 (Theaet.
1432 2326 1628 2383 179D?)

345 2480 366 2518 1
402 2474 555 2519 ἕσπετε
597 2475 828 2520 VUBMS
907 2459 1035 2519 ggzgw
1068 2476 1153 2519 Mo
1195 2475 1200 2534 Ι
1243 2476 1349 2533 νῦν]
1382 2474 1442 2530 δή
1473 2475 1558 2519 Mo
1679 2479 1703 2517 2
1737 2471 1790 2518 δέ
1820 2488 1905 2517 σου

223 2534 538 2578 AUJBMMo
667 2538 691 2576 3
725 2535 799 2577 δεῖ
827 2546 852 2576 e
885 2534 942 2590 δὴ
975 2548 1075 2577 corr
1105 2533 1163 2577 12
1190 2537 1195 2590 Ι
1226 2533 1334 2579 οὐδὲ
1365 2534 1466 2577 Mor
1492 2536 1498 2590 Ι
1523 2540 1670 2577 ταῦτα
1700 2533 1824 2576 inser
1847 2532 1905 2576 1²

284 2606 358 2635 om
394 2593 472 2637 CA
486 2593 635 2637 UBM
760 2598 787 2634 4
819 2590 877 2647 ἢν
910 2618 964 2624 —-
999 2598 1024 2636 5
1058 2593 1259 2646 ἔπραξας
1289 2594 1337 2635 in
1367 2606 1499 2650 marg
1529 2593 1643 2647 Mor,
1675 2590 1733 2647 ἢν
1766 2591 1907 2641 αὐτὸς

226 2650 250 2695 ὁ
282 2649 464 2705 πράξας
486 2651 535 2693 in
559 2652 691 2693 textu
811 2656 836 2694 5
871 2651 1073 2707 ἔπραξας
1097 2652 1264 2702 αὐτὸςὶ)
1293 2654 1299 2709 Ι
1327 2650 1567 2708 γινόμενος
1592 2652 1635 2695 V
1747 2654 1773 2693 8
1807 2651 1905 2694 ἐπι-

225 2709 368 2794 τρεῖη
402 2739 446 2782 V
500 2737 722 2794 ἐπιτρέψῃ
749 2740 870 2782 Mol
895 2739 976 2782 sed
1006 2740 1055 2782 in
1078 2740 1166 2782 hoc
1198 2749 1266 2797 ψη
1297 2739 1347 2783 in
1369 2753 1445 2783 ras
1468 2738 1539 2782 m²
1598 2736 1835 2793 ἐπιτρέποι
1868 2739 1914 2783 U

286 2802 340 2840 12
372 2797 480 2847 τοὺς
501 2796 762 2870 ,ἐπτηχότας
794 2796 863 2855 δὲ]
895 2798 1002 2870 τοὺς
1032 2798 1083 2842 δὲ
1115 2795 1178 2854 (δ’
1205 2800 1256 2873 1)
1297 2796 1548 2855 ἐπτηχότας
1577 2797 1642 2842 IS
1661 2797 1763 2840 Mor
1853 2797 1904 2841 δὲ

226 2869 328 2900 eras
359 2858 393 2899 Ι
470 2859 498 2900 δ
546 2858 629 2900 Mo
810 2860 864 2899 14
905 2857 1077 2914 ρώμην]
1111 2858 1191 2901 καὶ
1223 2858 1378 2915 ρὼμην
1411 2858 1496 2901 Mo
1675 2860 1728 2898 16
1769 2871 1904 2912 μετα-

227 2914 394 2970 στήσας
425 2914 490 2966 εἰς
519 2915 626 2964 τοὺς
657 2913 856 2965 οἰκείους
887 2915 922 2959 S
942 2915 1043 2958 Mor
1163 2920 1218 2959 19
1248 2915 1459 2972 πράξεως
1489 2915 1615 2960 PVS
1635 2915 1737 2958 Mor
