2060 3162
0 2957 28 3162 ἱ

659 106 887 154 LIBANII
919 107 1142 153 ORATIO
1174 109 1259 154 XV
1707 111 1812 164 143

126 246 190 318 ἐᾷ
229 251 428 300 λαθεῖν
463 247 595 308 τοὺς
632 244 1025 314 μισουμένους,
1070 246 1208 316 πρὸς
1247 242 1308 299 δὲ
1346 244 1435 299 καὶ
1474 247 1537 300 τὸ
1578 245 1814 315 μέγεθος

126 343 221 404 τῆς
270 332 602 405 μισουμένης
644 336 826 387 πολὺν
875 342 1022 387 ποιεῖ
1070 336 1169 388 τὸν
1215 336 1399 403 λόγον.
1473 333 1566 388 καὶ
1613 336 1716 405 γὰρ
1763 336 1815 388 εἰ

127 424 615 495 προσεπταίκαμεν,
653 421 744 476 καὶ
774 423 1216 492 κατεγνώσμεθα.
1286 422 1403 477 ἀλλ’
1434 422 1496 477 ἐν
1534 432 1652 486 ταῖς
1682 424 1815 493 μετὰ

130 513 233 567 δύο
271 513 366 575 τὰς
410 511 629 581 πρώτας
674 510 1008 579 τετάγμεθα,
1055 509 1145 563 καὶ
1185 512 1394 579 γίνεται
1431 519 1497 581 τῇ
1536 513 1692 564 πόλει
1732 514 1816 580 ζη-

128 604 224 671 μία
261 585 321 655 τὸ
360 601 690 669 βεβινῆσθαι,
741 597 878 652 ὥσθ’
912 599 941 652 ὃ
980 599 1078 652 τὸν
1116 597 1459 662 Καλλίξενον
1495 601 1819 670 περιστῆναί
1859 622 1880 656 5

129 704 318 760 φασιν,
371 688 680 742 ἀποθανεῖν
718 692 857 760 λιμῷ
902 689 1256 759 μισούμενον,
1305 687 1467 741 τοῦθ’
1497 688 1653 758 ἡμῶν
1702 697 1816 752 τοῖς

129 780 328 835 ἄλλοθι
369 785 594 846 φανεῖσι
646 779 982 846 συμβήσεται
1020 777 1223 840 παντὸς
1268 777 1578 846 ὠθοῦντος,
1626 777 1816 846 ἐκβάλ-

127 871 337 936 λοντος,
377 865 782 930 ἐξελαύνοντος.
860 866 946 918 60.
983 864 1076 919 καὶ
1110 867 1262 919 οὔπω
1294 874 1564 920 τοσοῦτον
1601 867 1662 919 τὸ
1691 866 1809 919 κατ’

126 955 331 1024 ὀλίγων
368 965 480 1009 τῶν
519 954 746 1025 ἑτέρωσε
787 956 988 1009 ἰόντων
1027 957 1418 1024 γενησόμενον,
1466 954 1584 1009 ἀλλ’
1615 955 1714 1026 ὅλῃ
1753 975 1816 1024 γε

126 1044 334 1114 ἀνάγκη
373 1052 439 1116 τῇ
478 1046 635 1098 πόλει
666 1045 767 1113 τὴν
799 1043 1106 1113 ἀσφάλειαν
1138 1043 1495 1098 ἀπολωλέναι.
1565 1044 1816 1114 εὐτυχεῖν
1840 1067 1884 1100 ιο

125 1130 225 1200 μὲν
270 1134 374 1204 γὰρ
422 1134 685 1202 διηνεκῶς
731 1134 894 1196 ὄντας
940 1132 1277 1203 ἀνθρώπους
1326 1132 1626 1202 ἀμήχανον,
1678 1132 1815 1186 ἀλλὰ

126 1220 216 1275 καὶ
254 1222 410 1291 λιμὸς
445 1220 538 1275 καὶ
577 1223 767 1291 λοιμὸς
804 1220 895 1274 καὶ
926 1222 993 1274 τὰ
1024 1223 1103 1274 ἔτι
1136 1223 1436 1291 δεινότερα,
1475 1222 1541 1274 τὰ
1574 1222 1581 1291 Ι
1617 1221 1722 1275 ἀπὸ
1754 1235 1902 1278 R472

125 1319 237 1363 τῶν
275 1319 515 1377 σεισμῶν
553 1313 874 1377 λυμαίνεται
923 1312 1019 1373 τὰς
1054 1313 1253 1374 πόλεις.
1330 1309 1392 1363 ἐν
1438 1310 1499 1364 δὲ
1543 1319 1659 1373 τοῖς
1704 1330 1815 1363 τοι-

127 1399 311 1462 ούτοις
356 1407 568 1469 καιροῖς
612 1399 675 1452 ἓν
722 1399 1015 1470 φάρμακον
1061 1407 1178 1462 τοῖς
1226 1403 1534 1468 πληγεῖσιν,
1583 1399 1616 1468 ἡ
1668 1400 1815 1469 παρὰ

126 1497 236 1540 τῶν
266 1488 607 1558 προσχώρων
636 1490 940 1558 προθυμία.
1015 1488 1086 1556 ἣν
1122 1487 1218 1540 ἐὰν
1250 1487 1470 1558 ἀφέλῃς,
1508 1489 1610 1557 τὴν
1637 1490 1815 1555 μόνην
1838 1509 1881 1543 15

126 1574 321 1629 ἐλπίδα
360 1573 648 1645 ἀνῄρηκας.
718 1575 1022 1645 ἀναιρεῖται
1053 1573 1115 1628 δὲ
1145 1585 1280 1641 πῶς;
1321 1575 1418 1628 ἐὰν
1450 1577 1502 1629 οἱ
1540 1578 1814 1639 παθόντες

246 1741 271 1779 5
302 1735 416 1779 Xen.
442 1734 561 1778 Heu.
588 1735 608 1777 I
634 1740 673 1789 7,
701 1739 755 1778 35

247 1886 273 1924 5
319 1880 619 1942 Καλλίξενον]
653 1879 787 1935 οὗτος
819 1882 1110 1938 ἐξαπατήσας
1139 1885 1247 1935 τοὺς
1272 1881 1553 1941 Ἀθηναίους
1584 1885 1664 1928 καὶ
1695 1886 1813 1942 γνώ-

132 1957 223 1996 μην
254 1941 412 1995 εἰπών,
445 1941 557 1986 ὥστε
586 1943 696 1992 τοὺς
726 1941 840 1987 δέκα
872 1944 1155 2000 στρατηγοὺς
1186 1944 1516 2000 ἀναιρεθῆναι,
1548 1943 1727 2000 ἄνδρας
1757 1946 1813 1988 οὐ

127 1997 347 2056 τιμωρίας
384 1998 566 2056 ἀξίους,
609 2001 724 2045 ἀλλὰ
762 2004 941 2046 πολλῶν
983 2000 1189 2048 ἐπαίνων
1235 2004 1316 2047 καὶ
1354 2002 1597 2060 στεφάνων
1638 2002 1813 2059 ἀξίους,

128 2059 273 2109 εὐθὺς
300 2066 382 2103 τοῦ
414 2059 563 2116 δήμου
594 2059 988 2117 μεταμεληθέντος
1018 2061 1084 2112 εἰς
1116 2060 1272 2107 αἰτίαν
1306 2056 1453 2118 ἦλθεν
1486 2065 1576 2106 κτλ.
1602 2089 1659 2095 ——
1682 2063 1812 2118 παρὰ

129 2124 224 2169 τοῖς
256 2117 409 2170 ἄλλοις
428 2116 615 2176 ΗΕλλησι
640 2119 1172 2178 δακτυλοδεικτουμένην
1206 2121 1296 2179 ἔχει
1323 2121 1406 2179 τὴν
1428 2119 1662 2178 πονηρίαν
1692 2120 1806 2177 παρ’

129 2173 234 2220 ὅλον
272 2177 353 2221 τὸν
385 2175 489 2236 βίον
528 2180 601 2235 (=
626 2179 761 2223 Diod.
789 2179 876 2223 Sic.
901 2179 1007 2222 XIII
1033 2183 1146 2238 103).
1211 2179 1455 2226 ἀπέθανεν
1486 2178 1572 2225 οὖν
1603 2185 1666 2242 τῷ
1697 2184 1812 2241 λιμῷ

127 2235 217 2280 ὑπὸ
248 2235 437 2281 πάντων
469 2238 744 2294 μισούμενος
773 2239 854 2282 καὶ
886 2237 1250 2296 ἐξελαυνόμενος.
1299 2239 1368 2284 B²

245 2389 270 2427 2
303 2391 384 2441 τῆς
413 2385 538 2429 inser
567 2385 638 2430 B²
768 2391 796 2429 4
826 2393 928 2437 ταῖς
958 2387 1162 2443 πρώταις
1187 2388 1231 2432 V
1284 2389 1392 2445 post
1421 2388 1606 2444 πρώτας
1637 2387 1810 2432 adden-

130 2441 237 2486 dum
268 2444 473 2499 πρώταις
515 2447 598 2488 aut
627 2459 711 2502 pro
751 2445 801 2490 ἐν
832 2453 934 2496 ταῖς
972 2446 1266 2490 scribendum
1297 2447 1444 2497 εὐθὺς
1482 2446 1587 2491 coni
1624 2447 1714 2502 Re,
1762 2448 1812 2490 at

129 2500 348 2557 cf.1673‚
367 2503 450 2546 ‘zR
481 2510 567 2548 νῦν
594 2503 647 2549 δὲ
678 2506 812 2549 δυοῖν
836 2504 919 2560 μὲν
951 2503 1035 2562 ἥδε
1066 2503 1272 2561 δευτέρα,
1303 2507 1454 2560 τρισὶ
1484 2505 1543 2550 δὲ
1577 2505 1686 2562 ἴση,
1718 2513 1810 2549 τῶν

129 2557 176 2604 δ’
206 2560 354 2607 ἄλλων
378 2560 580 2621 περίεστι
607 2563 614 2621 Ι
640 2560 847 2620 γίγνεται
870 2565 917 2608 Β
1037 2569 1063 2608 5
1086 2563 1352 2617 καλλίξενον
1368 2567 1414 2610 Ρ
1435 2565 1516 2609 sed
1540 2581 1560 2610 ε
1584 2565 1633 2607 in
1649 2578 1724 2608 ras
1739 2563 1810 2607 111ἰ

187 2618 472 2673 καλλίξεινον
503 2622 640 2666 IMR
673 2622 754 2666 sed.
784 2621 833 2665 in
864 2622 952 2667 hoc
983 2639 1004 2667 ε
1037 2637 1177 2680 supra
1208 2640 1248 2668 ει
1278 2624 1348 2667 m²
1490 2629 1516 2667 8
1547 2630 1738 2668 τοσοῦτο
1763 2624 1809 2667 Β

134 2677 139 2735 Ι
187 2677 240 2722 τὸ
295 2679 469 2723 inserui
514 2693 540 2724 e
587 2681 649 2724 M
658 2680 675 2705 ²
721 2695 825 2724 cum
869 2681 940 2725 Re
986 2682 1166 2726 Sinteni
1213 2682 1369 2727 Grasda
1570 2687 1595 2725 9
1643 2681 1809 2739 ὀλίγων

131 2736 563 2854 εοὲἱλξίῗονθχτὲἰᾟιί
579 2739 963 2842 (ἶῗξήίῌεθὲοοίῃω
977 2741 1128 2845 ΡἚΞΔ
1140 2744 1257 2809 corr>
1297 2741 1621 2844 cumcoffirinffiqi
1653 2741 1809 2844 {Sada

1167 2817 1200 2845 ov
1229 2816 1278 2843 m
1318 2819 1352 2844 ω
1583 2816 1612 2854 “,

132 2857 188 2896 10
219 2855 424 2913 εὐτυχεῖν
447 2883 505 2889 -
530 2862 581 2900 11
616 2857 856 2914 ἀμήχανον
888 2857 1056 2902 omisso
1089 2859 1172 2915 μὲν
1203 2859 1291 2917 γὰρ
1324 2860 1440 2903 citat
1470 2859 1631 2903 Macar
1652 2859 1731 2902 fol.
1751 2862 1806 2901 88

190 2917 244 2957 15
274 2913 556 2972 παραθυμία
588 2917 673 2960 VB
