2060 3162
668 118 895 162 LIBANII
926 117 1148 163 ORATIO
1179 117 1328 162 XVIII
1737 117 1841 170 361

170 257 303 308 ὄντα
348 261 447 307 τοῦ
494 254 771 323 στεφάνου
817 252 1193 323 κεκρυμμένον
1238 254 1370 323 ἡμῖν
1407 251 1469 307 εἶν
1508 259 1652 326 σορῷ
1696 255 1844 307 κεκό-

170 362 341 411 μικεν.
416 343 637 404 εἰκότως
689 343 795 412 ἄρα
845 343 937 395 διὰ
984 343 1161 411 πάσης
1208 350 1308 411 γῆς
1354 341 1442 395 καὶ
1494 343 1769 410 θαλάττης
1814 342 1843 395 ὁ

170 437 380 501 θρῆνος
415 426 607 499 ἦλθεν,
657 431 889 493 εἰκότως.
913 431 971 483 οἱ
1005 431 1106 500 μὲν
1145 432 1218 494 ὡς
1256 432 1451 499 ἥδιστα
1489 429 1600 500 μετ’
1631 429 1845 484 ἐκεῖνον

171 518 541 587 ἐτελεύτησαν,
582 519 640 571 oc
676 517 727 571 δ’
756 518 987 588 ἀλγοῦσι
1024 525 1099 592 τῷ
1134 521 1206 588 μὴ
1237 520 1502 573 τεθνάναι
1541 519 1714 572 νύκτα
1745 516 1846 588 μὲν

172 616 371 677 συνεχῆ
431 608 497 660 τὰ
549 608 654 677 πρὸ
710 606 941 676 ἐκείνου,
1002 609 1175 662 νύκτα
1235 606 1295 661 δὲ
1355 609 1422 660 τὰ
1474 606 1586 677 μετ’
1631 607 1847 662 ἐκεῖνον
1890 626 1910 659 5

169 698 507 765 νομίζοντες,
576 697 673 750 τὸν
733 696 795 750 δὲ
854 704 949 765 τῆς
1009 696 1223 749 ἐκείνου
1292 700 1573 765 βασιλείας
1640 698 1845 766 χρόνον

169 784 361 838 ἀκτῖνα
400 783 472 848 ὡς
511 784 732 854 ἀληθῶς
760 786 1030 855 καθαράν.
1100 785 1222 839 284.
1262 786 1304 838 ὣ
1335 787 1565 854 πόλεων,
1605 785 1668 848 ἃς
1700 785 1845 838 ἐποί-

167 886 303 943 ησας
340 875 426 943 ἄν,
474 875 516 926 ὢ
554 883 665 927 τῶν
705 880 951 945 σαθρῶν,
998 874 1061 937 ἃς
1100 873 1508 945 ἐπηνώρθωσας
1546 875 1630 944 ἄν,
1675 874 1717 926 ὢ
1756 875 1845 927 λό-

167 983 298 1031 γων,
353 962 450 1026 οὓς
494 958 629 1033 1ἧρας
674 962 743 1016 ἂν
790 964 868 1027 εἰς
913 962 1142 1032 ἀξίωμα,
1195 963 1238 1015 ὢ
1283 971 1378 1031 τῆς
1424 964 1591 1031 ἄλλης
1636 962 1844 1033 ἀρετῆς,

168 1051 302 1105 ὅσον
341 1056 565 1120 ἴσχυσεν
603 1054 690 1121 ἄν,
736 1053 778 1105 ὢ
818 1052 996 1121 δίκης,
1041 1053 1074 1121 ἣ
1114 1050 1312 1121 κατέβη
1359 1052 1459 1121 μὲν
1504 1050 1559 1114 ἐξ
1600 1051 1843 1122 οὐρανοῦ
1868 1071 1912 1102 ιο

165 1140 332 1192 πάλιν
370 1141 448 1203 εἰς
486 1147 608 1209 γῆν,
654 1140 819 1212 ᾤχετο
866 1137 928 1194 δὲ
973 1141 1141 1194 πάλιν
1184 1139 1415 1194 ἐνθένδε
1461 1142 1538 1203 εἰς
1583 1140 1844 1209 οὐρανόν,

168 1229 210 1281 ὣ
241 1231 541 1297 μεταβολῆς
572 1228 963 1300 ἀγχιστρόφου,
1003 1229 1045 1282 ὢ
1078 1237 1269 1297 κοινῆς
1300 1229 1653 1298 εὐδαιμονίας
1684 1227 1844 1298 ἀρξα-

167 1315 331 1385 μένης
367 1336 425 1369 τε
463 1316 601 1386 ὁμοῦ
640 1319 730 1371 καὶ
767 1317 1126 1387 πεπαυμένης.
1203 1319 1587 1387 παραπλήσιον
1631 1319 1734 1385 γὰρ
1776 1318 1846 1385 δή

171 1425 223 1457 τι
261 1406 634 1475 πεπόνθαμεν,
673 1399 795 1459 οἷον
827 1407 878 1460 εἴ
904 1426 988 1469 τις
1018 1407 1220 1476 ἀνδρὸς
1251 1408 1525 1470 διψῶντος
1555 1407 1645 1459 καὶ
1674 1419 1843 1476 προσ-

169 1493 400 1562 άγοντος
445 1502 559 1557 τοῖς
607 1498 808 1564 χείλεσι
858 1495 1064 1564 φιάλην
1112 1502 1329 1565 ψυχροῦ
1386 1514 1443 1548 τε
1499 1494 1589 1548 καὶ
1647 1496 1843 1564 διαφα-
1867 1513 1908 1547 15

167 1589 301 1645 νοῦς
338 1581 539 1645 ὕδατος
576 1583 919 1651 γευσαμένου
967 1585 1028 1637 τὸ
1066 1592 1286 1653 πρῶτον
1332 1583 1576 1653 ἁρπάσας
1621 1588 1842 1652 οἴχοιτο.

168 1669 291 1723 285.
331 1670 469 1739 ἡμᾶς
499 1669 577 1738 δέ,
616 1675 765 1740 εἴπερ
806 1669 971 1740 ἐχρῆν
1008 1669 1217 1733 εὐθέως
1248 1669 1556 1739 στέρεσθαι,
1594 1679 1843 1740 κρεῖττον

170 1754 240 1826 ἦν
279 1755 414 1826 μηδὲ
453 1769 739 1827 μετασχεῖν
776 1759 877 1827 τὴν
915 1758 1088 1828 ἀρχὴν
1122 1759 1156 1827 ἢ
1186 1759 1291 1828 πρὸ
1324 1766 1423 1812 τοῦ
1454 1761 1622 1827 κόρου
1657 1774 1844 1829 στερη-

168 1852 352 1915 θῆναι.
427 1854 534 1899 νῦν
580 1846 626 1900 δ’
660 1847 760 1916 οὐχ
806 1848 898 1899 ἵνα
948 1847 1372 1915 ἀπολαύσαιμεν,
1438 1848 1443 1916 Ι
1509 1847 1747 1900 ἀλλ’ἵνα
1784 1860 1825 1903 R
1846 1864 1932 1904 619

170 1935 304 1988 οἴων
371 1934 545 1988 οὐκέτ’
584 1935 932 2003 ἀπολαύομεν
1000 1936 1206 1999 εἰδότες
1275 1935 1575 2005 στένοιμεν,
1643 1938 1843 2004 γεύσας
1866 1957 1910 1990 20

169 2023 439 2092 ἀφείλετο,
502 2024 681 2094 ὥσπερ
743 2023 813 2077 ἂν
865 2025 913 2077 εἰ
966 2033 1081 2087 τοῖς
1135 2024 1455 2094 ἀνθρώποις
1516 2023 1694 2088 δείξας
1747 2026 1844 2078 τὸν

166 2113 326 2179 ἥλιον
364 2112 393 2165 ὁ
426 2115 565 2175 Ζεὺς
603 2112 779 2182 ἐπεῖχε
816 2112 944 2183 παρ’
975 2111 1149 2186 ἑαυτῷ
1181 2112 1369 2182 μηκέτι
1406 2122 1584 2167 ποιῶν
1624 2112 1842 2182 ἡμέραν.

286 2290 340 2329 10
366 2287 515 2330 Αιιιιιι.
532 2287 792 2342 XXV4‚19.
822 2288 949 2332 Arat.
964 2287 1134 2332 Phaen.
1149 2292 1230 2331 101
1242 2302 1308 2343 sq.
1418 2293 1471 2331 12
1497 2287 1553 2332 cf.
1574 2288 1634 2331 ad
1650 2292 1839 2345 p.70‚11

284 2446 637 2493 4023131712
693 2447 1148 2506 οιδὲΜΙδὲΒθ
1283 2447 1603 2523 δέκείνηνΒ
1731 2454 1842 2508 Ἰγρ

169 2506 378 2562 φαιδροὶν
409 2507 458 2550 in
488 2520 622 2564 marg
650 2508 752 2551 Mor
931 2513 955 2552 9
989 2508 1069 2559 οὓς
1098 2509 1257 2565 πρώην
1287 2503 1404 2564 ἤρας
1436 2510 1479 2552 V
1514 2509 1520 2567 Ι
1556 2507 1614 2552 ἂν
1645 2522 1721 2553 om
1746 2509 1789 2552 V

165 2565 291 2609 inser
319 2565 377 2609 1²
426 2567 432 2623 Ι
483 2566 645 2622 ἀρετῆς
674 2567 798 2610 inser
827 2568 877 2610 in
906 2581 1040 2626 marg
1072 2568 1179 2613 Mo²
1359 2572 1412 2610 10
1445 2567 1633 2624 ἴσχυσας
1661 2568 1785 2611 Fabr

170 2628 223 2667 11
255 2623 395 2669 πάλιν
427 2651 482 2657 -
515 2623 567 2669 δε
599 2638 674 2668 om
696 2625 797 2669 Mor
820 2626 942 2669 Fabr
1092 2632 1146 2670 13
1185 2642 1232 2670 τε
1265 2640 1337 2670 om
1364 2626 1431 2669 Re
1583 2631 1636 2670 15
1669 2626 1842 2700 φιάλην

167 2689 266 2733 τοῖς
294 2681 459 2740 χείλεσι
489 2684 525 2727 Ι
639 2687 693 2727 16
723 2692 960 2739 τοπρῶτον
984 2686 1031 2730 Β
1042 2687 1083 2729 V
1198 2689 1251 2728 18
1283 2685 1515 2743 τηναρχὴν
1546 2686 1592 2729 Β
1624 2688 1671 2729 et
1702 2699 1727 2729 e
1757 2702 1812 2741 τη
1814 2702 1842 2729 ν

168 2741 316 2799 ἀρχὴν
347 2755 447 2786 corr
476 2743 512 2785 I
517 2741 534 2766 ²
652 2746 705 2786 19
738 2741 837 2785 ἀλλ’
865 2769 922 2776 -
954 2748 1011 2788 20
1041 2745 1335 2800 ἀπολαύομεν
1367 2758 1441 2787 om
1471 2743 1594 2787 Fabr
1627 2747 1633 2800 Ι
1669 2743 1747 2789 ἵνα
1780 2702 1841 2799 (η2)

168 2813 243 2844 om
266 2801 407 2845 BIM
522 2805 577 2844 20
610 2801 694 2844 οὐκ
720 2798 783 2845 ἔτ’
813 2802 945 2846 ΜοΡ
1002 2804 1085 2847 οὐκ
1112 2804 1225 2847 VLa
1254 2761 1437 2846 μούκέτι
1461 2802 1528 2846 Re
1555 2805 1561 2858 Ι
1588 2803 1841 2847 ἀπολαύειν

168 2859 243 2903 La
280 2860 363 2903 sed
402 2861 510 2903 ante
550 2860 635 2903 οὐκ
677 2862 682 2915 Ι
725 2858 951 2916 στένωμεν
988 2861 1091 2904 Μοι·
1127 2861 1249 2904 Fabr
1289 2862 1296 2917 Ι
1340 2866 1474 2917 „post
1503 2862 1670 2918 γεύσας
1699 2863 1842 2906 deesse

167 2918 345 2962 videtvr
375 2917 399 2961 ὁ
432 2916 640 2974 ὃαίμων“
671 2918 739 2962 Re
860 2923 914 2962 22
947 2920 1125 2977 ἐπεῖχεν
1157 2922 1232 2964 La
1258 2923 1263 2975 1
1292 2921 1416 2979 αὑτῷ
1445 2919 1514 2964 Re
