2060 3162
235 160 340 212 136
782 159 1010 204 LIBANII
1042 159 1265 207 ORATIO
1300 159 1384 204 XV

232 295 415 363 ἡγεῖτο
456 293 582 365 περὶ
613 295 712 348 τὸν
742 295 1026 366 βάρβαρον
1058 297 1285 349 ἔσεσθαι
1315 297 1569 365 χρηστόν.
1634 296 1719 348 41.
1755 292 1921 359 >εἷπον

233 385 302 436 ἄν
354 396 441 436 σοι
490 384 623 451 μετὰ
662 381 871 453 Ξέρξου
917 382 1009 437 καὶ
1054 385 1152 437 τὸν
1190 385 1484 438 Μολοττὸν
1516 383 1810 454 Ἄδμητον,
1857 385 1918 449 ὃς

231 470 407 539 ἥδιστ’
445 470 515 524 ἂν
567 472 665 525 τὸν
720 471 891 525 αὐτὸν
935 479 1136 526 τοῦτον
1186 473 1489 544 ἄνθρωπον
1541 474 1728 541 λαβὼν
1782 475 1920 528 ὥστε

233 561 569 629 ἀποκτεῖναι,
601 561 788 630 λαβὼν
819 559 911 614 καὶ
942 559 1083 630 ἔχων
1115 561 1242 614 οὔτε
1272 570 1387 625 τοῖς
1411 561 1721 626 ἐξαιτοῦσιν
1752 564 1921 617 ἔδωκε

191 670 209 701 5
235 647 324 701 καὶ
365 648 511 712 ὅπως
551 651 709 702 ἔλθοι
746 648 872 719 παρ’
906 649 1003 713 οὓς
1043 649 1319 719 ἐβούλετο,
1358 649 1566 722 ἔπραξε.
1641 651 1726 703 42.
1783 652 1922 716 διεξ-

231 742 413 804 ῆλθον
460 736 529 790 ἂν
574 738 664 791 καὶ
710 739 835 807 περὶ
878 740 1157 791 Φιλίππου
1204 746 1303 792 τοῦ
1336 737 1607 808 Ἀμύντου
1658 738 1749 793 καὶ
1795 738 1921 809 περὶ

230 824 590 896 Ἀλεξάνδρου
630 834 730 880 τοῦ
774 828 1079 896 Φιλίππου,
1121 823 1200 880 ὧν
1240 827 1268 881 ὁ
1309 827 1411 896 μὲν
1439 826 1746 896 Ἀθηναίων
1791 830 1921 891 τοὺς

231 914 485 985 Ἀργαῖον
519 915 857 983 κατάγοντας
887 916 1228 987 κεκρατηκὼς
1260 915 1439 987 ὥσπερ
1480 915 1764 985 εὐεργέτας
1795 916 1921 970 ἀπέ-

231 1013 446 1073 πεμψεν
485 1004 653 1058 οὐδὲν
692 1003 926 1069 ἀξιώσας
962 1013 1255 1074 κατασχεῖν
1286 1005 1541 1075 λάφυρον
1579 1013 1691 1058 τῶν
1728 1004 1787 1059 ἐκ
1825 1013 1922 1074 τῆς

167 1114 210 1147 10
234 1094 389 1162 νίκης
427 1093 573 1166 αὐτῷ
613 1091 1010 1162 γεγενημένων,
1041 1091 1399 1162 Ἀλέξανδρος
1446 1093 1507 1146 δὲ
1551 1094 1728 1146 πολλὰ
1773 1095 1921 1164 παρὰ

233 1190 343 1234 τῶν
387 1180 647 1251 Ἀθήνησι
710 1181 958 1252 ῥητόρων
1010 1181 1337 1252 ἠδικημένος
1393 1182 1461 1235 τά
1513 1201 1570 1235 τε
1631 1183 1920 1253 πράγματα

232 1272 611 1341 ταραττόντων
649 1271 738 1324 καὶ
777 1273 906 1334 τοὺς
938 1271 1146 1340 δήμους
1176 1271 1487 1324 κινούντων
1525 1269 1617 1324 καὶ
1647 1273 1922 1341 μαργίτην

234 1359 404 1412 αὐτὸν
465 1358 894 1413 ἀποκαλούντων
953 1359 1043 1412 καὶ
1104 1359 1446 1430 ὑβριζόντων
1503 1358 1595 1413 καὶ
1647 1379 1923 1430 καταφρο-

234 1449 485 1502 νούντων
523 1454 598 1521 τῷ
638 1448 739 1515 μὲν
783 1444 927 1501 εἶναι
974 1449 1198 1502 πάντων
1243 1449 1433 1519 κύριος
1480 1446 1792 1517 ἀπέσφαξεν
1837 1448 1923 1517 ἄν,

168 1557 210 1590 15
235 1542 385 1608 εἴπερ
424 1539 617 1607 ἤθελε,
664 1535 956 1606 δεξάμενος
1003 1537 1064 1590 δὲ
1101 1539 1397 1607 πρεσβείαν
1444 1542 1592 1590 εἴασε
1637 1535 1728 1589 καὶ
1774 1539 1923 1605 τηλι-

146 1638 187 1680 R
208 1642 293 1682 465
334 1626 543 1695 καύτην
580 1626 743 1696 χάριν
776 1630 784 1692 1
818 1623 989 1679 ἔδωκε
1025 1627 1259 1696 Δημάδῃ
1299 1632 1373 1698 τῷ
1406 1624 1648 1694 Δημέου.

345 1715 430 1767 43.
494 1715 719 1768 Τούτων
766 1713 835 1767 ἂν
873 1713 964 1767 καὶ
1009 1718 1231 1767 πολλῶν
1277 1713 1477 1785 ἑτέρων
1524 1713 1828 1783 ἐμνήσθην,
1876 1715 1925 1767 εἰ

235 1804 306 1871 μὴ
356 1804 570 1856 τούτων
621 1802 962 1871 έπεποιήκεις
1017 1805 1376 1874 λαμπρότερα.
1453 1810 1560 1856 νῦν
1606 1802 1670 1856 δέ
1712 1823 1777 1871 με
1822 1809 1924 1855 τοῦ

235 1892 301 1943 τὰ
332 1892 535 1944 παλαιὰ
565 1892 976 1961 παραδείγματα
1009 1890 1297 1960 συλλέγειν
1331 1889 1639 1960 ἀπήλλαξας
1669 1893 1774 1960 ἤδη
1799 1892 1924 1944 τού-

172 2001 215 2032 zo
238 1977 778 2049 τωνὺπαρξάμενος,
819 1978 904 2050 ἐφ’
938 1979 971 2032 ἃ
1009 1987 1116 2033 νῦν
1145 1981 1364 2048 ἥκομεν.
1427 1975 1461 2048 ’ἧ
1493 1981 1596 2050 γὰρ
1629 1980 1733 2048 οὐχ
1763 1975 1927 2041 οὗτος

239 2066 450 2130 ἐκεῖνος
487 2066 516 2120 ὁ
552 2069 681 2129 τοὺς
712 2065 988 2135 θήξαντας
1028 2066 1111 2120 ἐπ’
1141 2067 1311 2120 αὐτὸν
1341 2068 1408 2120 τὰ
1439 2066 1568 2136 ξίφη
1600 2068 1691 2120 καὶ
1727 2068 1924 2134 βεβου-

358 2216 384 2255 3
416 2210 557 2255 Thuc.
583 2212 604 2255 I
631 2216 714 2256 136
740 2216 788 2256 et
813 2216 896 2256 137
1020 2217 1042 2255 7
1078 2212 1247 2270 [Dem]
1273 2226 1309 2255 c.
1334 2212 1554 2255 Aristocr.
1582 2216 1606 2265 ἓ
1635 2216 1781 2268 1211)
1786 2216 1924 2266 ,660‚

243 2277 309 2315 13.
371 2270 507 2315 Diod.
535 2270 576 2314 S
602 2271 709 2316 XVI
733 2276 801 2314 94.
837 2271 894 2316 cf.
926 2273 959 2316 ἡ.
983 2271 1005 2315 Ι
1030 2276 1210 2325 663,15
1235 2271 1276 2314 R
1456 2275 1509 2314 12
1547 2270 1713 2314 Aeseh.
1739 2227 1781 2315 cp
1804 2269 1923 2314 Otos.

241 2335 381 2384 ξ160.
430 2330 551 2374 Plut.
577 2330 707 2375 Dem.
734 2335 803 2375 23.
866 2330 1000 2374 Diod.
1029 2330 1070 2374 S.
1096 2306 1223 2374 XVII
1251 2334 1303 2373 15

361 2468 382 2505 1
430 2463 538 2518 περὶ
568 2463 650 2507 τὸν
683 2463 921 2531 βάρβαρον
954 2464 1038 2508 οὐκ
1070 2461 1129 2506 ἂν
1167 2462 1319 2519 ἡγεῖτο
1363 2463 1427 2517 (οι
1459 2476 1599 2536 supra.
1630 2478 1670 2506 ει
1698 2461 1786 2530 ·m²)
1819 2463 1865 2506 B

242 2526 266 2563 2
299 2520 462 2578 ξέρξην
495 2522 539 2565 V
563 2523 688 2577 quod
719 2522 935 2579 probavit
966 2521 1122 2566 Gasda
1352 2519 1502 2578 ἥδιστ’
1531 2539 1590 2565 αν
1622 2521 1786 2577 scripsi
1816 2534 1924 2564 auc-

242 2579 419 2622 toribus
446 2579 625 2625 Sinheni
650 2583 698 2625 et
722 2581 877 2625 Gasda
937 2579 1100 2637 ηδιστα
1127 2580 1236 2623 libri
1262 2526 1381 2623 eddv
1379 2583 1385 2636 Ι
1412 2587 1576 2624 τοῦτον
1600 2580 1650 2624 in
1672 2593 1806 2635 marg
1830 2579 1924 2621 add

242 2637 309 2682 A²
427 2644 454 2681 4
488 2639 678 2691 ἐξέδωκε
707 2639 851 2684 Cobet
874 2641 1041 2684 Mnem.
1067 2640 1109 2683 X
1127 2644 1227 2695 194,
1250 2641 1304 2683 ut
1327 2638 1467 2683 Thue.
1486 2640 1507 2683 I
1533 2644 1631 2694 136,
1655 2644 1682 2682 4
1707 2640 1754 2682 et
1781 2643 1877 2691 137,
1898 2644 1921 2681 1

302 2731 327 2769 5
372 2712 503 2782 ἔλθῆι
527 2728 572 2770 Β
634 2728 747 2784 ἔλθη
779 2728 949 2784 reliqui
979 2728 1088 2771 libri
1121 2728 1212 2772 edd
1268 2728 1274 2786 Ι
1330 2727 1446 2781 πρὸς
1475 2728 1544 2771 Re
1675 2731 1702 2770 8
1732 2725 1924 2770 vocibus

242 2801 326 2840 περ
374 2784 613 2842 εὐεργέτας
657 2802 813 2830 rursus
859 2788 1026 2844 incipit
1070 2801 1234 2830 manus
1281 2786 1475 2842 antiqua
1521 2787 1571 2830 111
1601 2786 1646 2831 Α
1693 2784 1771 2829 fol.
1807 2789 1861 2827 82

244 2848 269 2886 9
294 2843 515 2899 λαφύρων
540 2844 641 2888 Mor
659 2845 814 2889 Gasda
930 2851 982 2889 12
1008 2844 1288 2903 μαινόμενον
1310 2844 1377 2889 V²
1404 2847 1451 2889 et
1474 2844 1675 2901 ἀνόητον
1691 2843 1761 2888 13²
1784 2855 1924 2900 supra.

243 2901 467 2975 μαργίτην
584 2907 637 2946 16
664 2902 864 2959 δημαίου
893 2905 1118 2950 UVIBM
1227 2909 1280 2948 19
1305 2902 1453 2961 λέγειν
1470 2906 1516 2948 Ρ
1626 2907 1680 2947 20
1712 2901 1924 2958 ὑπάρξας

254 2962 337 3005 VB
379 2962 385 3018 Ι
428 2955 455 3016 ἦ
489 2974 543 3004 ex
574 2959 602 3016 ἢ
635 2976 735 3005 corr
757 2962 983 3007 1²B²M²
1020 2963 1026 3021 Ι
1066 2959 1200 3014 οὗτος
1231 2976 1286 3006 ex
1318 2962 1463 3012 ουτως
1494 2976 1593 3006 corr
1623 2961 1680 3005 1²
