2060 3162
694 106 922 151 LIBANII
954 106 1178 152 ORATIO
1210 107 1296 152 XV
1745 109 1845 161 151

166 250 265 296 τοῦ
307 245 496 311 θείου,
542 240 632 296 καὶ
679 243 892 295 τούτων
940 242 1276 297 ἐκοινώνουν
1321 242 1410 296 καὶ
1459 245 1595 314 πρὸς
1633 246 1853 313 βωμοὺς

166 331 337 402 ᾔεσαν
405 329 496 384 καὶ
564 330 740 383 πάντα
801 333 1008 401 τρόπον
1073 335 1078 397 Ι
1141 333 1547 402 θεραπεύοντες
1603 334 1748 396 τοὺς
1794 346 1940 389 R479

169 422 367 474 δοῦναι
405 421 567 488 νίκην
605 422 849 489 κυρίους.
926 421 974 473 εἰ
1026 416 1128 473 οὖν
1166 428 1336 473 ταῦτα
1375 430 1485 474 τῶν
1522 422 1853 489 μισούντων,

166 513 249 572 τίς
290 509 319 578 ἡ
358 515 457 561 τοῦ
496 511 683 577 φιλεῖν
722 507 1025 573 ἀπόδειξιςς
1082 510 1165 562 77.
1217 508 1335 562 ἀλλ’
1375 510 1514 563 εἰσὶν
1560 512 1614 563 οἳ
1660 511 1851 579 δυσχε-

166 599 425 667 ραίνουσί
460 617 512 649 τι
552 606 663 649 τῶν
703 606 832 650 σῶν.
893 597 982 650 καὶ
1023 598 1126 667 γὰρ
1159 597 1392 668 πατέρας
1423 598 1581 661 τινές.
1643 597 1844 666 γένοιτ’
1898 620 1917 651 5

166 686 238 739 ἂν
277 682 380 739 οὖν
417 705 468 738 τι
507 684 760 756 πατέρων
799 687 1164 757 γλυκύτερονς
1214 685 1340 757 περὶ
1381 683 1441 739 δὲ
1490 687 1762 758 Ταρσέων,
1811 684 1851 740 ὦ

165 777 410 843 βασιλεῦ,
464 784 579 838 πῶς
629 776 794 844 ἔχεις;
849 773 1034 837 οὐδεὶς
1085 773 1312 828 ἐκείνων
1363 774 1755 846 ἄγροικότερόν
1800 796 1852 828 τι

164 863 488 932 φθέγξεται;
540 864 628 917 καὶ
667 865 750 926 τίς
791 863 1050 931 ἐγγυᾶται
1090 866 1353 935 χρησμός;
1400 866 1456 916 τί
1492 859 1612 931 οὖν,
1660 863 1730 916 ἂν
1769 863 1853 916 ἐκ-

170 953 347 1023 δράμῃ
387 972 438 1005 τι
482 952 626 1022 ῥῆμα
663 953 1010 1021 χαλκοτύπον
1049 953 1081 1021 ἢ
1129 955 1487 1021 σκυτοτόμον,
1534 952 1614 1022 [ἢ]
1655 952 1684 1006 ὃ
1723 955 1853 1015 τοὺς

161 1042 450 1104 τοιούτους
489 1042 654 1110 εἰκός,
709 1043 951 1110 ζητήσεις
989 1043 1154 1094 πόλιν
1194 1039 1385 1111 ἑτέραν
1422 1040 1513 1094 καὶ
1551 1041 1720 1094 πάλιν
1759 1042 1851 1093 ἅλ-
1877 1063 1920 1095 10

163 1133 291 1198 λην;
345 1128 436 1182 καὶ
475 1131 535 1183 τὸ
582 1137 690 1182 ποῦ
744 1130 828 1182 δεῖ
880 1143 940 1182 σε
991 1130 1262 1199 χειμάζειν
1314 1128 1375 1183 ἐν
1423 1139 1539 1193 τοῖς
1587 1130 1852 1199 ὑπηκόοις

162 1220 422 1283 κείσεται;
475 1221 683 1288 μήποτε
735 1226 1007 1272 τοσοῦτον
1062 1219 1359 1288 ἰσχύσαιεν.
1444 1217 1560 1273 ἀλλ’
1600 1218 1850 1287 ἐγκάθιζε

165 1316 282 1370 τοῖς
319 1304 420 1376 μὲν
458 1306 834 1375 βουλομένοις,
873 1309 945 1370 ὡς
985 1307 1319 1377 εὐφραίνων,
1356 1316 1472 1370 τοῖς
1502 1308 1564 1361 δὲ
1596 1307 1697 1360 οὐκ
1729 1306 1851 1360 ἐθέ-

163 1399 376 1463 λουσιν,
433 1396 578 1459 ὅπως
631 1397 888 1462 μάθωσιν
941 1395 1172 1449 ἐθέλειν.
1250 1397 1335 1449 δεῖ
1395 1397 1498 1464 γὰρ
1560 1398 1689 1458 τοὺς
1749 1396 1850 1465 μὲν

164 1482 389 1547 ἑκόντας
437 1485 653 1554 γνώμῃ,
707 1486 837 1547 τοὺς
886 1484 947 1537 δὲ
993 1485 1225 1547 ἄκοντας
1279 1484 1486 1555 ἀνάγκη
1537 1485 1602 1538 τὰ
1654 1483 1850 1538 δέοντα
1875 1505 1916 1538 15

165 1581 361 1625 ποιεῖν.
441 1572 524 1624 78.
580 1574 628 1625 εἰ
666 1569 727 1625 δὲ
767 1573 1035 1641 σοφιστὴς
1072 1572 1204 1641 ἡμῖν
1242 1571 1534 1642 ἐτύγχανες
1573 1573 1668 1640 ὥν,
1714 1573 1850 1625 πάν-

162 1679 268 1723 τως
308 1659 360 1713 δ’
391 1662 476 1728 ἄν,
517 1662 565 1714 εἰ
602 1663 675 1730 μὴ
714 1668 877 1714 τοῦτο
917 1658 1067 1730 ἦσθα
1104 1662 1164 1714 τὸ
1204 1660 1465 1730 μέγιστον
1503 1659 1593 1714 καὶ
1631 1663 1849 1714 θειότα-

164 1768 281 1815 τον,
321 1748 692 1817 ἀντηγωνίζου
730 1769 825 1819 μοι
863 1757 987 1818 νῦν,
1026 1747 1211 1802 ἔπειτα
1249 1759 1360 1803 τῶν
1391 1759 1505 1802 σῶν
1539 1769 1621 1812 τις
1661 1749 1850 1819 ὁμιλη-

160 1847 273 1890 τῶν
327 1837 636 1906 ἐβλάκευεν,
698 1833 784 1908 ἆρ’
826 1836 896 1891 ἂν
948 1836 1260 1908 ἐπέτρεπεςς
1322 1838 1423 1891 οὐκ
1484 1835 1657 1891 ἔστιν’
1720 1837 1842 1891 ἀλλ’

161 1924 393 1994 εἰσήγετ’
424 1925 494 1978 ἂν
531 1926 593 1978 τὸ
635 1934 846 1989 σκῦτος.
919 1926 1062 1980 οὕτω
1104 1927 1171 1995 δὴ
1210 1925 1301 1980 καὶ
1332 1934 1440 1980 νῦν
1472 1927 1652 1979 ἅπασα
1689 1928 1848 1990 πόλις
1871 1949 1916 1981 20

159 2014 383 2083 μαθέτω
423 2013 689 2083 βασιλέως
735 2013 1030 2084 ἐπιδημίαν
1069 2014 1277 2085 φέρειν.
1356 2015 1439 2067 79.
1495 2014 1632 2069 ἀλλὰ
1677 2022 1848 2068 ταῦτα

159 2100 263 2172 μὲν
307 2101 431 2171 περὶ
477 2112 588 2156 τῶν
634 2112 749 2166 τοῖς
797 2105 1067 2166 τοιούτοις
1117 2103 1529 2172 βαρυνομένων,
1583 2104 1736 2173 ἡμεῖς
1786 2101 1847 2156 δὲ

279 2329 303 2366 2
337 2323 416 2366 καὶ
440 2337 542 2368 cras
570 2324 651 2369 GP
710 2337 785 2367 om
808 2323 919 2367 Fcrr
943 2323 1058 2378 Mor,
1084 2323 1437 2368 cancellandum
1462 2322 1566 2367 coni
1592 2322 1795 2367 Sintenis
1833 2324 1836 2380 j

160 2381 452 2437 ἐθεράπευον
486 2384 530 2427 V
558 2384 605 2425 ct
636 2396 660 2426 c
680 2383 1033 2455 θεραπεύοντες
1072 2396 1173 2426 corr
1203 2381 1274 2438 1²,
1319 2383 1442 2438 quod
1482 2381 1651 2438 probat
1690 2380 1845 2426 Gasda

165 2456 275 2484 num
305 2441 648 2497 θεραπεύοντες
670 2437 787 2498 ἦσαν
804 2447 824 2486 ⁴?
931 2447 956 2484 3
981 2448 1125 2486 ταῦτα
1150 2443 1274 2485 inser
1290 2441 1361 2485 Ρ2
1476 2446 1500 2484 6
1527 2442 1574 2485 et
1598 2446 1622 2484 9
1648 2439 1692 2484 τί
1708 2442 1783 2485 ΙΒ
1788 2442 1849 2484 M

221 2505 243 2542 7
277 2508 375 2551 πῶς
406 2500 584 2558 ἔχεις],
590 2501 780 2554 ,videtur
806 2506 889 2545 aut
918 2497 1072 2545 πίστιν
1105 2507 1187 2545 aut
1218 2498 1415 2567 βεβαίως
1437 2500 1842 2556 interponendum“

160 2558 228 2602 Re
379 2563 403 2601 9
443 2558 471 2615 ἢ
505 2559 759 2603 cancellavi
792 2561 979 2603 auctore
1010 2560 1078 2603 Re
1101 2559 1241 2603 Anim
1274 2559 1354 2616 qui
1384 2574 1468 2616 pro
1503 2557 1526 2604 ὃ
1560 2559 1663 2603 coni
1696 2555 1798 2603 οἷον
1835 2560 1838 2612 ξ

160 2615 451 2674 χαλκότυπον
486 2619 530 2662 V
597 2618 897 2676 χαλκοτύπων
930 2616 958 2674 ἢ
991 2617 1282 2675 σκυτοτόμων
1306 2618 1407 2661 Mor
1529 2623 1581 2661 11
1614 2617 1842 2675 χειμάζειν

164 2676 203 2720 G
230 2677 311 2719 scd
343 2692 411 2720 ειν
442 2677 491 2719 in
515 2691 590 2720 ras
615 2692 715 2721 corr
745 2679 798 2721 ut
821 2677 1003 2720 videtur
1033 2691 1089 2720 ex
1111 2695 1160 2750 ηι
1190 2679 1220 2732 f
1327 2682 1379 2721 12
1413 2676 1647 2734 ἰσχύσαιεν
1679 2677 1843 2733 scripsi

223 2735 491 2792 ἰσχύσαιμεν
522 2735 631 2779 libri
663 2736 754 2780 edd
883 2740 936 2779 13
969 2735 1236 2792 εὐφραίνων
1269 2750 1325 2780 ex
1356 2737 1621 2791 εὐφραινῶν
1654 2748 1755 2779 corr
1784 2735 1843 2778 1³

223 2798 276 2836 14
309 2797 383 2839 δεῖ
411 2821 465 2827 -
494 2798 547 2837 16
580 2802 732 2840 ποιεῖν
771 2794 952 2838 omissis
991 2795 1078 2852 γὰρ
1111 2798 1158 2839 et
1189 2794 1271 2852 μὲν
1304 2795 1419 2839 citat
1449 2795 1607 2840 Macar
1630 2793 1708 2837 fol.
1727 2798 1783 2837 88

166 2855 218 2893 15
244 2850 288 2897 δ’
310 2853 378 2896 Re
502 2857 555 2897 18
588 2861 681 2898 σῶν
707 2853 930 2909 ὁμιλητῶν
952 2870 1021 2904 τις
1043 2854 1223 2899 UIBM
1332 2858 1387 2897 20
1413 2852 1614 2921 εἰσήγετο
1638 2853 1706 2910 Vl
1735 2859 1841 2896 σκῦ-

162 2925 241 2959 τος
271 2911 434 2967 scripsi
460 2924 486 2955 e
513 2913 592 2957 GA
654 2912 817 2962 σκύτος
846 2911 1014 2967 reliqui
1037 2912 1147 2956 libri
1171 2913 1263 2956 edd
1382 2917 1437 2956 22
1469 2919 1566 2962 τοῖς
1588 2913 1711 2955 inser
1733 2910 1791 2954 1³
