2060 3162
665 104 893 148 LIBANII
924 103 1149 148 ORATIO
1180 104 1330 148 XVHI
1715 105 1824 158 255

133 241 195 294 δὲ
255 242 433 309 μόνον
492 240 628 293 κατὰ
686 238 832 292 θέαν
885 240 952 292 τὰ
1005 241 1170 308 ἔθνη,
1232 238 1385 292 τουτὶ
1442 240 1546 309 γὰρ
1603 238 1826 293 ἐδέδοτο

132 330 323 398 μόνον,
362 335 631 382 τοσοῦτον
672 332 862 396 ἴσχυσε
900 328 1145 396 τοῦνομά
1183 347 1242 381 τε
1280 326 1371 381 καὶ
1409 328 1471 381 τὸ
1507 329 1826 398 πρόσωπον,

133 415 256 470 ὥστ’
292 418 392 486 ἤδη
433 436 515 478 τις
560 425 672 468 τῶν
718 415 1254 485 κατακεκλεισμένων
1303 417 1485 470 πολύν
1531 436 1655 469 τινα
1699 418 1826 486 χρό-

132 526 235 558 νον
269 506 358 558 καὶ
390 503 858 574 τεταριχευμένων
890 503 1198 573 ἐκπηδήσας
1230 498 1340 558 εἷλε
1372 505 1659 575 βάρβαρον
1689 506 1828 574 πρὸς

131 601 207 665 τῷ
245 595 409 663 τείχει
449 600 803 662 γεωργοῦντα
842 591 932 645 καὶ
965 594 1129 655 ἄλλος
1168 594 1339 646 ἄλλον
1376 591 1468 646 καὶ
1505 592 1687 663 ἕτερος
1718 593 1828 647 ἕτε-
1874 613 1896 647 5

132 702 235 752 ρον
287 685 384 735 καί
432 701 557 734 τινα
606 680 697 734 καὶ
747 682 1077 752 νυκτερινὴν
1126 679 1468 751 ἐπιχείρησιν
1520 684 1828 735 νεανίσκων

133 770 544 840 ἀπεκρούσαντο
577 774 800 823 πολλῶν
824 768 1080 839 γέροντες
1112 769 1290 838 ὀλίγοι
1323 770 1466 840 γήρᾳ
1497 779 1609 822 τῶν
1641 770 1828 823 ὅπλων

131 858 428 927 ἀφειμένοι.
501 860 558 911 οἱ
592 858 694 927 μὲν
733 859 837 928 γὰρ
878 860 1144 926 κλίμακας
1184 857 1452 929 φέροντες
1482 859 1619 911 κατὰ
1649 859 1827 921 πύλας

129 946 366 1017 ἐρήμους
419 946 786 1017 προσέθεσαν,
846 941 888 1019 ᾧ
939 948 1006 1015 δὴ
1061 949 1245 1019 τρόπῳ
1299 956 1411 1000 τῶν
1464 949 1680 999 πόλεων
1732 948 1828 1009 τὰς

127 1039 385 1098 πλείστας
422 1035 715 1106 ᾑρήκεσαν,
763 1037 821 1089 οἱ
857 1033 918 1088 δὲ
957 1036 1030 1098 ὡς
1069 1034 1342 1107 ᾔσθοντο,
1388 1044 1501 1088 πᾶν
1546 1036 1607 1088 τὸ
1648 1035 1827 1104 φανὲν
1852 1056 1894 1088 10

129 1125 303 1178 ὅπλον
339 1125 700 1193 ποιησάμενοι
738 1126 1080 1194 παρηβηκόσι
1127 1122 1295 1178 ποσὶν
1333 1126 1558 1194 ἔτρεχον
1591 1127 1598 1188 Ι
1632 1125 1727 1191 βο-
1765 1135 1808 1178 R
1830 1140 1916 1180 537

129 1222 297 1276 ῶντες
327 1214 389 1266 τὸ
422 1221 522 1266 τοῦ
555 1212 822 1280 βασιλέως
853 1214 1042 1281 ὄνομα.
1104 1213 1194 1264 καὶ
1226 1211 1427 1265 ἐνίκων
1466 1213 1524 1264 οἱ
1551 1210 1826 1281 γέροντες,

128 1302 308 1372 ὥσπερ
349 1303 403 1355 οἱ
441 1303 815 1372 Μυρωνίδου,
869 1304 1000 1363 τοὺς
1049 1301 1150 1368 μὲν
1197 1301 1355 1353 αὐτοὶ
1393 1303 1724 1367 κτείνοντες,
1774 1301 1826 1353 οἱ

129 1387 189 1442 δὲ
236 1389 327 1443 καὶ
376 1398 522 1458 σφᾶς
561 1390 762 1453 αὐτοὺς
808 1391 1032 1442 ἄνωθεν
1078 1390 1402 1458 ῥιπτοῦντες
1453 1388 1826 1457 ἀπέθνησκον.

89 1479 214 1530 ’44.
271 1477 486 1546 ἐγένετο
535 1475 597 1531 δὲ
646 1479 736 1531 καὶ
783 1477 929 1531 νέων
980 1477 1255 1547 ἑτέρωθεν
1309 1476 1549 1547 ἐκδρομή
1602 1496 1685 1539 τις
1739 1476 1827 1529 ἐπὶ
1851 1497 1894 1531 15

131 1569 262 1629 τοὺς
307 1567 626 1637 βαρβάρους
673 1566 741 1619 οὐ
787 1568 1063 1635 πρότερον
1110 1567 1409 1619 εἰωθότων.
1485 1562 1575 1617 καὶ
1627 1566 1685 1617 οἱ
1725 1564 1828 1631 μὲν

127 1654 422 1725 τραπέντες
472 1658 733 1723 ἔφευγον,
790 1655 842 1707 οἱ
891 1651 952 1707 δὲ
1001 1653 1258 1724 ἐτρύφων
1306 1653 1366 1706 ἐν
1415 1661 1534 1715 ταῖς
1588 1661 1828 1722 σφαγαῖς

130 1744 230 1811 οὐχ
272 1743 508 1812 ὁρῶντες
554 1740 658 1812 μὲν
703 1743 803 1796 τὸν
849 1741 1101 1810 βασιλέα,
1152 1748 1226 1814 τῷ
1261 1742 1322 1795 δὲ
1359 1743 1596 1810 πλησίον
1642 1741 1827 1794 αὑτῶν

132 1827 275 1884 εἶναι
329 1833 742 1901 τεθαρρηκότες.
819 1830 995 1899 ἕτεροι
1050 1833 1481 1899 μετανίστασθαι
1534 1829 1827 1899 μέλλοντες

129 1918 450 1987 ἐκβαλόντες
499 1928 610 1972 τῶν
648 1928 844 1988 ψυχῶν
893 1920 992 1971 τὸν
1039 1921 1220 1988 φόβον
1265 1916 1477 1986 ἔμενον.
1553 1917 1640 1970 45.
1695 1921 1826 1988 βαρ-
1849 1941 1893 1972 20

127 2007 318 2075 βάρων
365 2004 425 2059 δὲ
472 2007 531 2060 ἐκ
579 2008 800 2070 δασείας
846 2007 981 2075 ὕλης
1029 2006 1373 2075 ἐπιθεμένων
1418 2015 1532 2069 τοῖς
1578 2005 1826 2075 ἐσχάτοις

249 2202 271 2240 7
304 2197 453 2239 Amm.
479 2196 586 2240 XVI
610 2201 698 2250 2,1
823 2201 877 2240 13
912 2196 1102 2240 Thu0.1
1128 2200 1272 2251 105‚4

249 2379 271 2416 1
306 2371 494 2418 ἐδέδοτο
520 2372 590 2416 Re
651 2371 867 2417 ἐδέδοκτο
891 2372 1002 2416 libri
1026 2372 1128 2415 Mor
1144 2372 1268 2415 Fabr
1390 2376 1414 2415 3
1449 2371 1560 2416 ὥστε
1583 2372 1627 2415 V
1648 2372 1654 2427 Ι
1682 2387 1824 2414 κατα-

132 2430 460 2488 κεκλεισμένων
488 2432 525 2476 Ο
553 2431 635 2474 sed
667 2445 693 2474 σ
723 2431 848 2475 inser
869 2446 892 2475 s
953 2429 1374 2486 κατακεκλειμένων
1398 2432 1444 2475 Ρ
1473 2431 1555 2474 sed
1580 2444 1606 2473 σ
1636 2430 1760 2473 inter
1784 2445 1824 2473 ει

131 2492 178 2533 et
208 2507 239 2545 μ
270 2503 387 2545 eras,
421 2491 457 2532 I
481 2489 564 2532 sed
596 2505 635 2533 ει
666 2489 715 2532 in
748 2503 822 2533 ras
853 2489 937 2543 m²‚
979 2491 1103 2534 VMo
1165 2487 1657 2545 εἰσκατακεκλειμένων
1689 2490 1766 2532 La

133 2552 160 2591 4
191 2546 581 2615 τεταριχευμένων
612 2549 648 2591 Ι
684 2548 766 2591 sed
798 2564 872 2605 ριχ
903 2547 954 2591 in
982 2561 1059 2591 ras
1090 2547 1159 2591 m'
1312 2552 1336 2591 5
1378 2547 1515 2591 άλλον
1546 2546 1681 2597 ἄλλος
1713 2547 1757 2590 V

132 2610 158 2650 8
189 2606 312 2651 inter
343 2605 590 2663 ἀφειμένοι
622 2608 670 2650 et
700 2605 745 2651 οἱ
774 2619 939 2650 rasura
969 2611 997 2650 4
1027 2606 1107 2651 Iitt
1138 2608 1214 2652 La
1373 2610 1398 2649 9
1430 2605 1587 2664 τρόπῳ
1620 2598 1655 2665 ᾧ
1681 2604 1739 2661 δὴ
1766 2605 1830 2648 Μ

136 2723 174 2767 G'
189 2664 551 2778 ζὲἑποέηοῐῑὲεᾷα
570 2664 1049 2768 ἑὲἰοῗαῖἀῶεῗθῃ
1097 2727 1151 2767 15
1178 2670 1250 2768 ἐ14ε
1253 2679 1361 2780 γοένη
1341 2664 1414 2767 ὰξο
1424 2665 1592 2768 ἙΜΟ
1620 2652 1826 2766 ΙΙέυσῖΞὺς

132 2779 234 2825 σιόν
259 2782 308 2827 δὲ
335 2783 411 2827 La
439 2785 445 2838 Ι
473 2782 617 2827 αὐτὸν
643 2783 687 2826 V
717 2740 893 2826 ςαῦτῶν
924 2781 1096 2837 reliqui
1125 2741 1278 2826 libgy
1267 2782 1369 2826 Mor
1392 2781 1516 2825 Fabr
1652 2786 1706 2824 19
1732 2739 1824 2824 Etr}-

134 2855 207 2894 ροι
230 2840 357 2909 (δὲ)
383 2840 540 2885 Gasda
662 2843 718 2883 20
750 2838 1025 2914 ἐμβαλόντες
1046 2840 1115 2884 Re
1236 2845 1290 2884 21
1318 2839 1369 2884 δὲ
1395 2855 1471 2884 om
1487 2841 1596 2896 La!
1589 2837 1825 2898 Ιβαθείας

134 2899 178 2941 A
210 2899 291 2942 sed
322 2914 374 2942 m
405 2913 540 2956 marg
570 2916 626 2956 γρ
651 2901 841 2948 δασειας
867 2901 874 2955 1
901 2897 1238 2954 ἐπιτιθεμένων
1269 2898 1371 2942 Mor
1394 2898 1517 2942 Fabr
