2060 3162
207 125 315 177 478
719 125 948 169 LIBANII
980 124 1204 169 ORATIO
1236 125 1365 169 XXII

206 263 369 315 πόλιν
409 257 572 324 οὗτος
612 261 640 314 ὁ
675 263 838 329 λόγος
872 258 968 330 ἧκε
999 259 1101 331 μὲν
1134 261 1220 315 ἐπὶ
1250 264 1318 315 τὰ
1348 263 1647 328 προάστεια
1677 261 1896 332 ταχέως,

205 346 301 418 ἧκε
357 348 417 403 δὲ
470 348 560 402 ἐπὶ
613 351 680 402 τὰ
734 351 920 420 πεδία,
975 352 1192 421 προῦβη
1248 348 1310 404 δὲ
1364 350 1452 405 ἐπὶ
1506 354 1636 414 τοὺς
1690 353 1898 421 λόφους

206 441 375 492 ἅπασι
414 448 591 492 ποιῶν
630 437 972 510 ἐλαφρότερα
1017 441 1083 493 τὰ
1121 442 1369 509 παρόντα
1413 442 1504 494 καὶ
1545 441 1668 493 ὅσοι
1706 442 1898 494 κινδύ-

205 548 321 581 νων
381 524 483 596 μὲν
536 524 678 596 ἦσαν
739 527 922 595 ἐκτός,
984 537 1101 591 τοῖς
1163 526 1225 582 δὲ
1284 538 1396 583 τῶν
1449 531 1896 584 κινδυνευόντων

162 635 181 667 5
206 615 544 685 ἐβαρύνοντο
583 625 785 679 κακοῖς.
863 615 1069 687 ἑωρᾶτο·
1114 621 1310 672 τοίνυν
1349 619 1381 686 ἡ
1422 619 1610 687 γνώμη
1658 626 1758 671 τοῦ
1797 619 1896 672 τὸν

206 706 472 773 δικαστὴν
510 704 908 768 ἀπεσταλκότος
958 704 1020 760 ἐν
1069 715 1133 777 τῇ
1173 708 1362 777 γνώμῃ
1409 715 1509 760 τοῦ
1556 709 1658 776 τὴν
1703 715 1896 776 ψῆφον

115 806 157 848 R
179 806 265 850 Π8
306 792 797 864 ἐγκεχειρισμένου,
833 792 839 865 Ι
874 794 965 848 καὶ
1006 794 1186 849 ε’δόκει
1223 795 1421 864 μήποτ’
1451 795 1520 850 ἂν
1560 795 1648 849 ἐπὶ
1687 805 1752 867 τῇ
1790 802 1896 850 θα-

138 1081 180 1113 10

139 1525 179 1558 15

203 884 448 953 νατούσῃ
488 886 801 952 χρήσασθαι
851 892 917 954 τῇ
964 887 1130 938 τοῦδε
1175 890 1412 955 κεφαλῇ,
1462 885 1533 954 ἣν
1586 884 1707 957 ᾔδει
1756 888 1895 956 πρὸς

204 971 271 1024 οὐ
311 973 377 1024 τά
415 980 643 1025 τοιαῦτα
688 982 1020 1042 πεφυκυῖαν.
1101 974 1182 1026 14.
1237 970 1309 1043 ἦν
1349 970 1453 1028 οὖν
1500 974 1723 1028 ἀκούειν
1761 979 1894 1028 πολ-

204 1064 318 1114 λῶν
358 1060 423 1114 οὐ
470 1063 733 1128 βοώντων
778 1061 896 1131 μέν,
949 1061 1152 1116 οὑτωσὶ
1192 1060 1253 1115 δὲ
1300 1065 1574 1131 λεγόντων
1625 1066 1894 1132 σωτηρίας

204 1168 266 1217 γε
305 1143 447 1203 εἶναι
486 1157 657 1203 ταῦτα
695 1160 892 1219 σημεῖα
941 1150 1031 1204 καὶ
1070 1159 1169 1205 τοῦ
1209 1153 1280 1220 μὴ
1321 1152 1413 1205 διὰ
1451 1153 1738 1221 τραχήλων
1777 1154 1894 1206 δια-

205 1239 537 1307 δραμεῖσθαι
585 1237 714 1309 ξίφη
762 1241 823 1293 τὸ
870 1241 967 1294 τὸν
1017 1241 1172 1294 δεῖνα
1216 1239 1367 1309 ἥξειν
1408 1239 1495 1293 ἐπὶ
1545 1242 1646 1309 τὴν
1691 1243 1892 1311 κρίσιν,

203 1328 302 1381 τὸν
338 1328 536 1396 ἥδιστα
573 1328 691 1396 μέν,
741 1335 794 1382 εἴ
827 1350 879 1382 τι
919 1330 1080 1394 σώζοι
1118 1331 1215 1383 τὸν
1254 1330 1680 1398 κινδυνεύοντα,
1729 1338 1893 1384 τοῦτο

204 1415 597 1486 ἀκουσόμενον,
649 1417 961 1487 ἀλγήσοντα
999 1416 1060 1471 δὲ
1100 1417 1162 1471 ἐν
1200 1427 1318 1481 ταῖς
1355 1428 1468 1472 τῶν
1505 1419 1894 1488 ἡμαρτηκότων

204 1504 513 1573 ἀπωλείαις,
554 1506 804 1569 δείξοντα
843 1506 920 1575 δέ,
961 1508 1034 1570 ὡς
1072 1505 1313 1576 βούλοιτ’
1347 1506 1418 1560 ἂν
1457 1508 1535 1570 εἰς
1573 1506 1802 1570 ἐπιεικές
1840 1527 1893 1560 τι

203 1597 522 1663 τελευτῆσαι
557 1603 657 1648 τοῦ
694 1604 893 1666 καιροῦ
932 1598 1033 1665 τὴν
1072 1598 1421 1666 χαλεπότητα.

317 1684 398 1736 15.
446 1685 516 1736 Τί
551 1685 620 1752 δὴ
658 1685 870 1738 τούτων
909 1690 1090 1751 αἴτιον
1128 1694 1239 1739 τῶν
1279 1685 1552 1749 ἐλπίδων;’
1585 1686 1676 1738 καὶ
1713 1687 1893 1738 πόθεν

204 1771 393 1835 αὐταῖς
430 1773 464 1840 ἡ
503 1772 739 1840 γένεσιςς
792 1775 859 1826 τὰ
897 1773 1054 1844 μέχρι
1093 1782 1187 1843 τῆς
1232 1773 1436 1844 ἡμέρας
1484 1774 1696 1842 ἐκείνης
1746 1774 1892 1845 αὐτῷ

203 1860 510 1929 βεβιωμένα
556 1860 648 1914 καὶ
693 1863 906 1916 τούτων
953 1882 1015 1930 γε
1052 1864 1287 1929 μάλιστα
1325 1862 1427 1916 τάν
1473 1869 1547 1935 τῷ
1591 1871 1686 1931 τῆς
1725 1864 1892 1916 δυνά-

323 2062 346 2100 7
379 2058 441 2102 Io.
468 2058 626 2116 Chrys.
653 2060 731 2103 1.1.
756 2076 801 2116 p.
824 2060 965 2104 174A

325 2250 346 2287 1
397 2244 421 2288 ὁ
454 2243 587 2302 λόγος
618 2240 753 2295 οὗτος
783 2246 858 2289 Ρα
880 2244 983 2289 Mor
1127 2249 1152 2287 2
1198 2239 1308 2297 ἧκεν
1333 2245 1378 2288 Α
1407 2246 1413 2300 Ι
1441 2244 1517 2288 ἐπὶ
1550 2246 1612 2302 (1)
1644 2257 1721 2286 om
1746 2246 1830 2288 Mo

204 2308 230 2347 3
260 2302 473 2359 παρόντα
498 2305 577 2348 καὶ
603 2302 722 2362 ὅσοι]
756 2305 964 2360 „aliquid
995 2305 1114 2348 deest
1138 2308 1244 2359 post
1272 2302 1499 2358 παρόντα.
1530 2317 1563 2347 e.
1582 2317 1618 2346 e.
1651 2303 1811 2353 αὐτοῖς
1840 2319 1889 2347 τε

202 2370 299 2413 τοῖς
327 2363 681 2408 κινδυνεύουσί*
715 2363 782 2407 Re
810 2367 815 2419 Ι
843 2361 1057 2408 κίνδυνοι
1080 2362 1182 2406 Mor
1328 2367 1355 2405 4
1386 2365 1536 2412 τοῖςὸε
1568 2362 1670 2406 Mor
1696 2364 1702 2418 Ι
1730 2363 1888 2407 κινδύ-

203 2438 297 2466 νων
324 2422 367 2466 V
481 2427 507 2466 8
539 2421 805 2481 χρήσασθαι
830 2422 876 2465 Ρ
903 2422 985 2466 sed
1017 2425 1143 2465 σασθ
1173 2420 1222 2463 in
1245 2435 1321 2465 ras
1345 2420 1416 2464 m'
1442 2423 1448 2478 Ι
1478 2421 1571 2466 ἔδει
1602 2421 1895 2466 ΑΡΜΟΒΜ

211 2481 329 2525 VVa
366 2483 372 2537 Ι
410 2481 530 2537 πρὸσ
562 2482 617 2525 οὐ
650 2483 696 2526 Ρ
723 2481 805 2524 sed
838 2479 862 2525 ὀ
893 2480 943 2524 in
965 2493 1041 2524 ras
1065 2480 1149 2535 m²‚
1170 2482 1217 2524 Ἰ
1241 2481 1322 2524 sed
1351 2494 1428 2524 ras
1463 2486 1484 2523 1
1518 2480 1597 2524 litt
1629 2482 1738 2524 ante
1770 2496 1795 2524 ο
1828 2482 1890 2538 (2)

261 2539 352 2595 πρὸ
387 2547 470 2584 σοῦ
502 2541 912 2585 ALMoBMVVa
1003 2539 1118 2594 πρὸς
1150 2547 1232 2583 σοῦ
1264 2541 1339 2583 Ρα
1361 2539 1464 2583 Mor
1614 2544 1638 2583 9
1671 2539 1730 2596 ὴν
1758 2541 1831 2583 Ρα

203 2596 262 2653 ἣν
286 2598 388 2642 Mor
510 2604 561 2643 11
596 2615 645 2656 γε
678 2601 723 2644 Ρ
753 2600 834 2643 sed
865 2616 891 2656 y
922 2599 972 2641 in
994 2612 1070 2642 ras
1093 2598 1176 2653 m²,
1209 2599 1242 2643 Ι
1268 2599 1349 2642 sed
1382 2612 1406 2642 e
1438 2598 1490 2643 δὲ
1521 2612 1623 2642 corr
1644 2598 1728 2654 m²‚
1753 2599 1830 2642 Ba

204 2656 255 2702 δὲ
284 2657 455 2713 reliqui
486 2658 597 2701 libri
627 2658 730 2702 Mor
802 2657 1080 2702 cancellavit
1111 2658 1179 2702 Re
1221 2660 1227 2714 Ι
1268 2657 1498 2715 τραχήλου
1526 2659 1594 2702 Va
1746 2662 1799 2700 12
1830 2656 1889 2700 τὰ

204 2714 315 2772 ξίφη
340 2717 410 2760 Va
540 2722 594 2760 13
625 2733 670 2761 τι
701 2717 768 2760 Re
829 2733 899 2767 τις
927 2716 1037 2760 libri
1062 2717 1163 2761 Mor
1190 2720 1195 2774 Ι
1224 2718 1354 2769 σώζει
1379 2718 1423 2761 V
1440 2717 1542 2760 Mor
1671 2722 1726 2759 14
1749 2714 1887 2772 ἀλγή-

205 2833 350 2864 σαντα
380 2821 455 2864 Ρα
478 2820 580 2863 Mor
621 2822 626 2875 Ι
669 2775 746 2865 {2²2
778 2822 811 2864 Ι
889 2820 964 2863 ἐπὶ
997 2821 1186 2864 ΒαΒΜ
1206 2819 1350 2864 Cobet
1374 2819 1487 2864 Coll.
1509 2823 1591 2863 119
1736 2822 1789 2861 15
1823 2818 1889 2868 εἰς

205 2891 281 2921 om
304 2878 374 2922 Va
400 2879 407 2936 Ι
435 2878 632 2929 ἐπιεικές
657 2880 694 2924 0
722 2880 805 2923 sed
830 2895 870 2923 ει
893 2879 1018 2922 inser
1040 2893 1061 2923 s
1185 2883 1238 2922 18
1271 2880 1429 2929 αὐτοῖς
1454 2879 1523 2923 Va
1645 2882 1698 2921 19
1731 2894 1781 2935 γε
1812 2891 1887 2920 om

207 2938 270 2981 M
290 2939 298 2994 Ι
324 2938 411 2981 τάν
443 2950 518 2980 om
543 2940 615 2982 Pa
639 2939 741 2981 Mor
