2060 3162
208 126 315 179 292
697 125 925 169 LIBANH
956 125 1178 170 ORATIO
1211 127 1360 171 XVIII

207 263 275 331 δὴ
330 271 445 325 τοῖς
500 261 690 331 ἀργοῖς
750 260 840 314 καὶ
896 270 1098 330 φαγεῖν
1151 261 1384 331 ἀγαθοῖς
1436 264 1724 332 καταφυγὴ
1779 273 1890 317 τῶν

206 352 478 404 διακόνων
525 349 789 419 βασιλέως
832 349 925 403 καὶ
962 355 1237 420 κληθῆναι
1282 352 1372 404 καὶ
1418 358 1754 420 νομισθῆναι
1798 351 1888 406 καὶ

205 442 340 508 ταχὺ
381 440 442 492 τὸ
483 442 716 510 χρυσίον
754 438 929 492 ἐποίει
959 440 1060 508 τὴν
1092 438 1394 510 ἐγγραφήν,
1433 441 1665 503 τούτους
1695 443 1890 494 τοίνυν

207 528 303 590 οὓς
350 529 527 597 μάτην
572 526 802 596 ἔβοσκεν
849 528 882 597 ἡ
929 531 1183 597 βασιλικὴ
1232 529 1471 597 δαπάνη,
1527 531 1734 597 ζημίαν,
1788 530 1889 599 οὐχ

163 637 181 669 5
208 616 481 687 ὑπηρέτας
533 619 761 685 νομίσας
817 616 1046 681 ἐξέωσεν
1098 616 1319 680 εὐθέως.
1409 617 1526 670 131.
1589 617 1891 682 συνεξέωσε

206 705 267 758 δὲ
305 704 396 758 καὶ
442 708 573 769 τοὺς
616 708 859 768 πολλοὺς
905 706 1283 775 ὑπογραφέας,
1335 709 1393 759 οἳ
1432 705 1630 775 τέχνην
1675 709 1890 776 ἔχοντες

205 795 305 863 τὴν
339 803 478 847 τῶν
539 796 768 848 οἰκετῶν
821 793 918 864 ὑφ’
963 793 1178 858 ἑαυτοῖς
1232 798 1376 864 ἔχειν
1428 797 1558 858 τοὺς
1609 795 1892 866 ὑπάρχους

204 882 397 951 ἠξίουν
446 882 537 936 καὶ
587 884 690 936 οὐκ
735 881 862 952 ἐξῆν
911 883 1095 937 αὐτῶν
1142 884 1209 937 οὐ
1262 886 1498 952 πλησίον
1548 885 1737 953 οἰκεῖν,
1789 885 1890 938 οὐκ

117 983 158 1026 R
181 987 265 1027 566
306 971 604 1041 ἐντυχόντα
636 982 973 1042 προσειπεῖν,
1030 973 1036 1041 Ι
1094 971 1211 1025 ἀλλ’
1243 972 1592 1043 ἀπεστέρουν,
1630 974 1889 1042 ἥρπαζον,

139 1081 182 1114 10
204 1065 411 1114 πωλεῖν
459 1060 850 1130 ἐπηνάγκαζον,
903 1062 1067 1129 τιμὴν
1114 1062 1166 1114 οἱ
1213 1058 1313 1128 μὲν
1363 1062 1464 1114 οὐκ
1509 1060 1781 1130 ἐτίθεσαν,
1837 1064 1890 1116 οἱ

205 1147 255 1202 δ’
287 1150 354 1202 οὐ
395 1150 496 1218 τὴν
535 1147 711 1218 ἀξίαν,
750 1150 803 1202 οἱ
844 1146 904 1202 δὲ
939 1149 1324 1218 ἀνεβάλλοντο,
1366 1151 1418 1202 οἱ
1459 1146 1519 1202 δὲ
1558 1151 1618 1203 τὸ
1660 1151 1731 1219 μὴ
1771 1169 1891 1204 ποι-

203 1245 332 1305 ῆσαι
377 1247 556 1301 κακῶς
596 1236 718 1291 ἀντὶ
765 1246 858 1306 τῆς
905 1246 1061 1307 τιμῆς
1109 1237 1377 1308 ὀρφανοῖς
1425 1237 1750 1307 ἐλογίζοντο,
1800 1237 1890 1292 καὶ

203 1324 503 1398 περιῄεσαν
556 1326 736 1380 κοινοὶ
790 1337 902 1379 τῶν
955 1329 1125 1380 καλόν
1178 1347 1230 1379 τι
1283 1326 1626 1432 κεκτημένων
1680 1326 1891 1397 ἐχθροί,

206 1408 330 1468 οἷον
376 1417 546 1469 ἵππον
596 1415 629 1483 ἢ
669 1415 1025 1486 ἀνδράποδον
1074 1415 1107 1484 ἢ
1147 1414 1385 1485 δένδρον
1433 1436 1466 1484 η
1507 1415 1679 1485 ἀγρὸν
1724 1437 1757 1485 η
1797 1425 1890 1486 κῆ-

140 1525 183 1557 15
206 1521 332 1557 πον
393 1504 577 1557 αὑτῶν
622 1505 725 1574 γὰρ
772 1507 984 1571 μᾶλλον
1032 1525 1064 1572 η
1105 1513 1217 1558 τῶν
1254 1502 1493 1573 ἐχόντων
1540 1500 1680 1557 εἶναι
1722 1512 1892 1558 ταῦτα

203 1591 413 1661 ἠξίουν.
494 1591 586 1646 καὶ
641 1593 670 1646 ὁ
725 1589 827 1661 μὲν
883 1592 1253 1662 ἀφιστάμενος
1305 1601 1421 1655 τοῖς
1476 1593 1727 1662 ἰσχύουσι
1780 1603 1892 1646 τῶν

203 1680 471 1753 πατρῴων
520 1681 802 1749 βέλτιστος
839 1680 931 1734 καὶ
971 1679 1133 1751 ἀπῄει
1173 1681 1360 1751 φέρων
1407 1679 1527 1734 ἀντὶ
1567 1689 1661 1750 τῆς
1699 1681 1891 1745 οὐσίας

203 1770 265 1822 τὸ
305 1770 465 1839 ῥῆμα,
516 1770 620 1842 ὅτῳ
669 1766 730 1822 δὲ
777 1769 1031 1839 ἐφαίνετο
1080 1771 1267 1824 δεινὸν
1311 1777 1482 1822 ταῦτα
1526 1774 1747 1839 παθεῖν,
1797 1770 1890 1824 ἀν-

206 1858 502 1926 δροφόνος,
542 1860 690 1926 γόης,
730 1861 939 1929 πλήρης
978 1858 1343 1928 ἀδικημάτων,
1392 1861 1614 1911 πολλῶν
1651 1858 1891 1928 ὀφείλων

141 1968 187 2000 20
211 1946 378 2008 δίκας.
458 1946 577 1998 132.
632 1954 922 2010 ποιοῦντες
972 1944 1033 1999 δὲ
1082 1949 1211 2010 τοὺς
1259 1947 1360 2014 μὲν
1405 1948 1606 2009 ἄλλους
1651 1947 1890 2016 ἀπόρους

325 2119 351 2157 5
385 2113 507 2157 Socr.
534 2114 563 2155 1.
583 2113 611 2156 l.

328 2283 350 2321 1
384 2276 630 2333 καταφυγὴ
664 2290 739 2320 0111
769 2277 812 2320 V
838 2277 918 2319 sed
949 2277 1055 2332 post
1086 2275 1172 2332 γὰρ
1206 2275 1263 2331 δὴ
1295 2275 1421 2319 inser
1443 2291 1467 2320 r
1494 2278 1499 2334 Ι
1526 2276 1577 2320 τὸ
1609 2283 1700 2320 τῶν
1733 2276 1888 2320 Gasda

208 2337 462 2380 secundum
493 2336 584 2379 Par
615 2335 695 2392 qui
726 2349 809 2392 pro
841 2342 931 2378 τῶν
961 2334 1105 2378 habet
1135 2334 1185 2378 τὸ
1353 2339 1378 2377 2
1410 2342 1491 2378 τοῦ
1524 2334 1743 2393 βασιλέως
1776 2336 1889 2380 VLa

207 2397 274 2452 (et
305 2397 397 2452 Ba)
520 2400 545 2438 3
576 2394 757 2444 τούτοις
790 2394 829 2439 O
836 2395 880 2439 U
902 2393 1004 2437 Mor
1026 2394 1095 2436 Re
1216 2398 1240 2436 6
1271 2394 1380 2443 τοὺς
1411 2408 1485 2437 om
1509 2395 1584 2438 La
1713 2400 1736 2438 7
1771 2394 1887 2438 οἰκε-

205 2462 299 2498 τῶν
330 2455 365 2498 Ι
402 2455 483 2498 sed
515 2470 592 2498 κετ
629 2453 678 2496 in
707 2467 782 2497 ras
814 2452 895 2506 m',
937 2466 1076 2509 supra
1119 2453 1277 2497 οἰκιῶν
1318 2454 1378 2497 M
1389 2452 1406 2477 ²
1461 2455 1467 2509 Ι
1525 2452 1717 2503 ἑαυτοὺς
1754 2454 1829 2497 La

209 2518 236 2556 8
270 2514 325 2556 οὐ
357 2528 433 2556 0111
463 2514 531 2556 Re
700 2516 752 2556 10
785 2512 864 2555 καὶ
894 2511 1029 2568 τιμὴν
1059 2513 1094 2554 Ι
1119 2513 1183 2567 (et
1214 2513 1307 2568 Ba)
1359 2514 1364 2568 Ι
1415 2529 1459 2556 οι
1492 2509 1539 2557 δ’
1574 2513 1891 2556 BMoVIMP

271 2577 323 2616 11
357 2571 420 2629 οἱ]
454 2573 508 2615 οὐ
541 2572 625 2616 Mo
659 2573 666 2628 Ι
702 2568 746 2616 δ’
779 2571 943 2615 OLaU
968 2570 1090 2614 Fabr
1113 2570 1180 2613 Re
1333 2576 1386 2614 12
1417 2577 1497 2626 τῆς
1528 2585 1603 2614 om
1627 2571 1701 2614 La
1743 2570 1749 2628 Ι
1792 2570 1886 2614 ἐλο-

207 2628 388 2687 γίζοντο
421 2632 467 2675 Ρ
495 2631 577 2674 sed
608 2647 662 2675 ov
693 2630 743 2673 in
765 2643 841 2673 ras
868 2635 889 2672 1
924 2628 1110 2673 litterae
1133 2629 1202 2671 m³
1292 2627 1441 2687 ἐλογίζ
1496 2646 1547 2673 το
1591 2643 1695 2672 cum
1726 2642 1887 2671 rasura

212 2694 235 2732 1
268 2689 454 2732 litterae
493 2690 538 2733 U
690 2693 743 2732 13
789 2688 950 2732 κοινὸν
992 2690 1074 2732 Mo
1125 2689 1130 2744 Ι
1179 2691 1332 2732 καλῶν
1363 2689 1503 2733 LaM
1529 2687 1611 2731 Sed
1641 2687 1689 2730 in
1719 2688 1807 2731 hoc
1838 2688 1887 2730 in

209 2747 351 2792 καλὸν
376 2761 477 2791 corr
499 2748 568 2791 m²
594 2751 601 2804 Ι
629 2745 795 2806 ἐχθροί
818 2749 865 2792 Ρ
889 2745 1011 2790 sed'
995 2764 1011 2790 ι
1034 2747 1083 2789 in
1106 2761 1180 2790 ras
1204 2746 1274 2790 m²
1395 2752 1448 2790 15
1480 2747 1630 2790 αὐτῶν
1655 2759 1710 2789 ex
1734 2747 1887 2790 αὐτῶν

211 2827 312 2856 corr
336 2812 506 2856 ΡῧΜ2
581 2808 734 2859 agam
768 2815 807 2857 V
881 2813 1033 2856 αὐτῶν
1052 2813 1227 2857 BLaU
1253 2812 1354 2856 Mor
1377 2812 1498 2856 Fabr
1536 2815 1541 2868 Ι
1579 2810 1817 2887 ἀρχόντων
1851 2814 1894 2855 V

211 2872 304 2987 Ἐξ)
324 2888 345 2916 ε
385 2885 870 2987 ευέἷῖαδὲρΡειιρῐαεοτ.
893 2871 962 2914 m²
1019 2873 1024 2928 Ι
1082 2868 1203 2916 εἶναι
1232 2872 1397 2928 ταῦτα]
1436 2878 1581 2915 ταῦτα
1614 2886 1733 2914 ειναι
1765 2873 1797 2914 Ι
1824 2873 1888 2928 (et,
