2060 3162
216 140 324 192 546
727 140 956 186 LIBANII
988 141 1212 186 ORATIO
1244 142 1372 186 XXV

215 281 410 346 θερος;
448 277 539 330 καὶ
577 280 661 340 τίς
690 278 909 330 πώποτε
943 277 1161 346 οἰκέτην
1192 277 1367 340 οὕτως
1397 278 1708 346 ἠνάγκασεν
1739 279 1910 350 ἀγρυ-

214 375 391 434 πνεῖν,
431 366 503 428 ὡς
543 364 720 419 ἐκεῖνο
759 367 822 419 τὸ
855 365 1183 436 ἀρρώστημα
1221 369 1352 429 τοὺς
1382 369 1689 436 κεκυφότας
1726 387 1783 421 τε
1813 367 1907 422 καὶ

214 453 558 524 μαχομένους
619 454 984 524 ἀπεστέρησεν
1037 455 1221 509 ὕπνου
1275 460 1479 509 πεῖθον
1538 456 1640 523 μὲν
1701 456 1913 527 ἀγορᾶς

215 543 451 610 ἀμελεῖν,
504 549 708 597 πεῖθον
761 539 843 597 δὲ’
873 549 1124 614 λουτρῶν
1176 544 1474 615 ὑπερορᾶν,
1526 546 1631 614 ἤδη
1682 544 1749 599 δέ
1793 563 1912 600 που

169 650 190 684 5
213 631 304 685 καὶ
349 641 562 701 τροφῆς
607 633 797 701 αὐτῆς;
853 633 882 686 ὃ
930 634 1034 702 γὰρ
1075 634 1144 702 δὴ
1182 632 1309 702 περὶ
1354 636 1615 702 τεττίγων
1660 639 1906 702 μεμυθο-

215 723 440 790 λόγηται
481 725 620 795 λιμῷ
652 724 975 791 τελευτῆσαί
1001 742 1155 784 τινας
1186 722 1523 791 ἀνθρώπους
1555 724 1716 793 ἔρωτι
1747 721 1911 795 ᾠδῆς,

213 807 398 863 ἔπειτα
437 810 701 879 γενέσθαι
739 811 983 879 τέττιγας
1021 819 1148 882 τιμῆ
1188 815 1459 879 Μουσῶν,
1501 819 1664 865 τοῦτο
1703 819 1911 881 μικροῦ

213 897 303 951 καὶ
344 901 422 962 εἰς
459 902 590 962 τοὺς
637 901 983 969 φιλοκύβους
1034 903 1261 969 ἔρχεται.
1338 902 1659 968 συνείρουσι
1703 901 1914 964 νύκτας·

212 987 439 1057 ἡμέραις
478 990 655 1042 ἄσιτοι
693 990 784 1042 καὶ
824 990 1019 1042 ἄποτοι
1061 988 1153 1042 καὶ
1191 989 1395 1058 ἡδονῆς
1433 990 1606 1058 ἡδονὴ
1646 991 1909 1059 περίεστι,

146 1096 190 1130 ιο
213 1079 344 1140 τοὺς
384 1073 488 1130 οὖν
527 1079 662 1130 ἄνευ
702 1079 923 1146 δεσμῶν
962 1077 1289 1145 δεδεμένους
1335 1081 1393 1130 τί
1427 1079 1561 1131 ἄλλο
1601 1097 1662 1145 γε
1701 1077 1734 1146 ἢ
1774 1079 1907 1131 δού-

213 1167 347 1227 λους
385 1163 751 1234 προσρητέον;

323 1253 410 1306 20.
475 1255 703 1316 Φθόνος
759 1251 820 1306 δὲ
875 1247 958 1316 οἷς
1012 1253 1339 1322 ἐμπέπηγεν,
1393 1253 1582 1308 οὐκέθ’
1615 1250 1778 1318 οὗτος
1824 1254 1896 1308 δι’

211 1342 416 1410 ἡδονῆς
456 1341 725 1395 ἀπόλλυσι
764 1343 863 1396 τὸν
903 1345 1208 1412 φθονερόν,
1249 1343 1386 1395 ἀλλὰ
1417 1345 1612 1397 κοινόν
1650 1364 1702 1396 τι
1733 1345 1911 1399 κακὸν

212 1432 384 1484 αὐτοῦ
427 1430 640 1484 ἐκείνου
687 1430 777 1484 καὶ
818 1429 904 1500 ἐφ’
938 1431 1005 1484 ὃν
1051 1435 1354 1499 κεκίνηται,
1406 1433 1494 1485 καὶ
1539 1434 1682 1485 πολὺ
1733 1431 1911 1488 πλέον

144 1539 187 1572 15
210 1527 311 1572 τοῦ
352 1526 722 1588 φθονοῦντος.
798 1522 898 1574 τὸν
935 1518 1036 1587 μὲν
1075 1522 1179 1589 γὰρ
1220 1522 1618 1589 φθονούμενον
1656 1528 1764 1574 νῦν
1801 1522 1907 1591 μὲν

212 1610 432 1677 ἔβλαψε,
472 1616 581 1662 νῦν
621 1606 682 1661 δὲ
721 1608 908 1677 οὐδέν,
949 1603 989 1681 ᾧ
1026 1610 1086 1662 δὲ
1126 1608 1443 1678 ἐγκάθηται,
1482 1611 1683 1663 τούτου
1719 1611 1909 1679 ψυχὴν

210 1695 313 1764 μὲν
359 1697 610 1766 ἀλγύνει,
658 1707 812 1766 σῶμα
860 1699 921 1751 δὲ
968 1697 1249 1751 ἀναλίσκει
1298 1699 1387 1751 καὶ
1435 1707 1582 1751 ποιεῖ
1625 1707 1737 1751 τῶν
1774 1716 1902 1754 πεν-

209 1787 472 1840 θούντων
510 1789 994 1857 σκυθρωπότερον,
1044 1787 1144 1856 οὐχ
1192 1787 1277 1840 ὅτι
1324 1787 1471 1859 αὐτῷ
1510 1786 1815 1856 προσέπεσέ
1849 1807 1904 1842 τι

209 1877 398 1944 κακόν,
440 1873 559 1927 ἀλλ’
591 1874 675 1928 ὅτι
714 1882 788 1947 τῷ
819 1875 988 1938 πέλας
1019 1872 1118 1945 ἧκέ
1145 1895 1196 1928 τι
1229 1875 1460 1943 ἀγαθόν.
1537 1876 1623 1929 21.
1663 1877 1760 1928 τὸν
1790 1879 1902 1930 τοί-

143 1982 187 2016 20
211 1983 319 2016 νυν
356 1965 520 2016 τοῦδε
559 1972 659 2016 τοῦ
707 1966 1014 2033 νοσήματος
1064 1962 1313 2031 ἔμπλεων
1365 1974 1481 2027 πῶς
1527 1965 1629 2018 οὐκ
1676 1963 1746 2018 ἂν
1785 1964 1904 2019 ἀδι-

209 2054 386 2121 κοίην,
434 2054 482 2105 εἰ
519 2056 751 2121 καλοίην
797 2052 1120 2124 ἐλεύθερον;
1173 2052 1234 2115 ὃς
1271 2053 1450 2106 πάντα
1496 2053 1715 2121 οἰκέτην
1754 2067 1900 2121 στιγ-

209 2142 408 2208 ματίαν
457 2144 846 2209 παρελήλυθεν
891 2140 1120 2213 ἀθυμία.
1198 2141 1227 2194 ὁ
1274 2140 1375 2209 μέν
1422 2161 1483 2209 γε
1531 2141 1757 2210 ἐφέντος
1801 2149 1906 2194 τοῦ

330 2261 356 2300 3
387 2256 552 2300 Aesch.
573 2256 697 2312 Sept.
717 2260 802 2300 397
918 2261 943 2299 6
976 2256 1502 2312 cf.Soh01.ad11.y153.
1527 2259 1591 2300 λδ
1701 2260 1754 2299 13
1778 2255 1898 2300 Plat.

210 2315 299 2374 leg.
317 2316 378 2360 IX
403 2331 450 2372 p.
469 2314 769 2359 8700.1soor.
795 2315 940 2372 Euag.
967 2331 1011 2372 p.
1033 2319 1115 2359 190
1128 2315 1171 2359 b.
1220 2315 1436 2359 Menand.
1462 2315 1527 2358 IV
1544 2320 1709 2370 235,12
1728 2316 1789 2359 M.
1836 2315 1901 2359 III

209 2390 254 2431 p.
275 2379 374 2429 162,
392 2379 479 2419 540
496 2375 550 2420 Κ.
592 2374 658 2419 Cf.
676 2374 835 2418 Jahrb.
856 2375 898 2418 d.
924 2374 978 2418 K.
997 2374 1069 2418 Pr.
1096 2374 1283 2417 Kunsts.
1310 2374 1459 2417 XXIII
1484 2379 1570 2418 210
1602 2389 1645 2419 n.
1667 2379 1689 2416 1

330 2483 356 2522 5
390 2476 415 2522 ὃ
446 2504 505 2510 -
537 2483 562 2521 9
595 2476 797 2533 περίεστι
830 2477 947 2521 citat
976 2477 1094 2520 Plan
1126 2477 1204 2520 fol.
1233 2482 1318 2521 104
1499 2482 1524 2521 5
1565 2477 1622 2534 δὴ
1656 2492 1731 2521 om
1754 2478 1856 2521 Mor
1889 2478 1895 2537 Ι

211 2536 558 2594 μεμυθολόγηκε
590 2537 692 2581 Μο1·
873 2542 925 2579 12
959 2536 1104 2586 οὕτως
1127 2538 1161 2579 Ι
1337 2541 1391 2580 13
1423 2537 1507 2580 οὐκ
1541 2535 1763 2580 ἀπόλλυσι
1794 2538 1840 2580 Β

213 2600 267 2638 14
315 2596 459 2639 αὐτοῦ
497 2612 545 2641 τε
584 2597 666 2640 καὶ
697 2594 879 2641 ἐκείνου
909 2597 955 2640 Β
1047 2596 1191 2639 αυτοῦ
1222 2596 1269 2639 τὲ
1304 2596 1365 2638 Μ
1408 2596 1489 2640 sed
1520 2595 1568 2640 τὲ
1598 2595 1648 2638 111
1671 2609 1746 2639 ras
1769 2595 1840 2638 m²

210 2655 397 2709 „malim
426 2652 471 2697 τ’
498 2656 763 2711 interponi‘·
787 2655 856 2698 Re
1009 2659 1063 2698 15
1102 2654 1190 2711 γὰρ
1224 2654 1394 2728 scripsi
1421 2669 1524 2699 cum
1557 2654 1626 2698 Re
1648 2655 1789 2698 Anim
1849 2671 1899 2710 γε

209 2688 321 2756 libri
351 2713 433 2757 sed
466 2730 486 2758 ε
517 2714 567 2756 in
599 2713 657 2770 ἀρ
691 2729 792 2758 cort
818 2715 894 2769 GP,
926 2714 1016 2758 edd
1151 2718 1204 2757 19
1236 2709 1318 2767 ἧκε
1350 2709 1480 2770 (ἡκεν
1511 2715 1573 2769 A)
1605 2711 1650 2756 τί
1673 2713 1903 2757 ΑΡΙΒΜ

271 2775 326 2815 19
358 2772 439 2817 τὸν
472 2798 526 2804 -
561 2778 614 2816 22
656 2771 842 2834 ἀθυμίᾳ
875 2748 934 2816 gud
965 2786 1123 2817 versus
1163 2772 1430 2816 comoediae
1461 2772 1647 2816 Atisioae
1686 2784 1903 2816 revocare

211 2829 393 2874 studuit
422 2830 626 2875 Kockius
658 2832 731 2876 1..1
758 2790 882 2875 15‘13
921 2832 971 2875 in
1009 2831 1133 2874 hunc
1173 2831 1384 2875 modum:
1432 2832 1515 2875 τὸν
1555 2834 1692 2875 τοῦδε
1736 2828 1898 2874 τοίνυν

208 2897 291 2933 τοῦ
308 2889 566 2964 νοσήματος
580 2889 731 2935 πλέων
753 2891 757 2949 Ι
778 2898 875 2941 πῶς
899 2888 1027 2935 οὐκ
1011 2889 1071 2934 ἀν
1096 2887 1305 2946 ἀδικοῖμ’
1326 2890 1368 2934 εἰ
1391 2888 1574 2946 καλοῖμ’
1596 2889 1868 2944 ἐλεύθερον,
1888 2889 1894 2947 l

209 2945 364 2993 πάνθ’
382 2946 432 2999 ὃς
454 2948 641 3005 πάρεισι
658 2948 929 3007 στιγματίαν
946 2947 1131 3009 ἀθυμίᾳ
1231 2953 1286 2991 20
1310 2949 1477 2993 τούτου
1494 2949 1605 2993 ΒΜ
1699 2953 1753 2991 22
1778 2947 1897 3004 γὰρῗ
