2060 3162
654 157 882 202 LIBANII
914 156 1138 202 ORATIO
1171 156 1255 202 XV
1703 156 1804 208 147

125 297 321 350 ὁποῖον
369 294 440 348 ἂν
493 293 783 364 ἐπιστήσῃς
836 302 952 356 τοῖς
1013 280 1198 356 ἵπποις
1251 293 1495 363 ἡνίοχον,
1555 300 1812 346 τοιοῦτον

127 384 306 450 ἕλπιζέ
365 382 372 455 Ι
436 396 525 436 σοι
570 383 630 436 τὸ
679 384 824 452 ἅρμα
870 382 1146 450 γενέσθαι.
1225 383 1308 435 69.
1365 383 1456 435 διὰ
1506 384 1563 435 τί
1607 389 1715 435 νῦν
1752 394 1901 438 R475

126 475 489 544 μακαρίζομεν
519 473 619 540 τὴν
651 479 777 540 γῆνς
818 471 903 524 ὅτι
934 475 1221 542 παρῆλθεν
1253 469 1342 524 ἐπὶ
1372 472 1473 540 τὴν
1504 472 1810 541 θεραπείαν

129 563 294 630 αὐτῆς
349 561 532 630 ἰατρὸς
585 561 764 628 ἄκρος.
842 560 1052 613 οὐκοῦν
1106 560 1179 622 ὡς
1238 562 1649 628 μεταθήσοντος
1701 568 1813 612 τῶν

130 653 342 704 πόλεων
380 651 509 712 τοὺς
542 651 781 718 τρόπους
818 647 908 702 καὶ
941 646 1219 712 δείξοντος
1250 648 1508 715 ἀμείνους
1538 650 1811 719 χαίρομεν.
1860 670 1882 703 5
1956 707 1962 713 ,

126 742 184 792 τί
218 734 321 792 οὗν
354 739 439 791 δεῖ
472 738 795 808 θαυμάζειν,
836 738 883 790 εἰ
914 739 1279 806 πλημμελείας
1318 732 1490 808 εὗρες,
1531 737 1594 800 ἃς
1626 737 1683 790 ἐκ
1714 745 1812 790 τοῦ

128 828 326 881 παύειν
378 827 712 895 εὐδοκιμεῖς;
774 828 876 896 ἤδη
933 847 1014 889 τις
1068 827 1242 880 ἵππον
1296 827 1522 896 φαύλως
1573 825 1816 895 ἠγμένον

129 916 350 986 ἐπρίατο
403 916 679 968 πιστεύων
726 916 896 973 αὐτὸν
946 915 1364 985 ἐπανορθώσειν
1409 923 1474 986 τῇ
1527 913 1651 985 παρ’
1693 913 1816 968 ἑαυ-

129 1012 227 1058 τοῦ
267 1003 443 1075 τέχνῃ.
522 999 682 1067 οὗτος
722 1000 826 1057 οὗν
865 1006 913 1057 εἰ
950 1006 1050 1073 τὴν
1089 1006 1312 1074 πρώτην
1352 1003 1433 1058 ἐπ’
1475 1004 1647 1057 αὐτὸν
1685 1003 1814 1056 ἀνα-

127 1095 226 1163 βὰς
266 1094 440 1156 εὐθὺς
485 1094 778 1162 ἠγανάκτει
817 1094 889 1163 μὴ
928 1093 1106 1146 πάντα
1145 1094 1373 1163 ἄριστον
1413 1092 1577 1164 ὁρῶν,
1617 1093 1684 1146 οὔ
1724 1105 1811 1145 σοι
1838 1114 1882 1146 10

129 1184 279 1235 δοκεῖ
318 1183 542 1246 δικαίως
574 1181 644 1234 ἂν
676 1181 907 1235 ἀκοῦσαι
947 1181 1072 1253 παρ’
1106 1183 1278 1235 αὐτοῦ
1319 1184 1588 1250 λαβόντος
1619 1182 1814 1250 φωνὴν

130 1270 182 1335 ἐξ
211 1269 410 1340 ’“Ἠρας,
462 1271 535 1334 ὡς
582 1271 772 1334 εἰδὼς
818 1269 1042 1340 μέντοι
1089 1278 1288 1325 ταῦτα
1338 1270 1534 1342 ἐπρίω
1582 1269 1686 1323 καὶ
1734 1271 1815 1333 ὡς

129 1358 512 1423 ἀπαλλάξων
561 1367 671 1428 τῆς
717 1359 985 1424 ἀταξίας
1033 1361 1139 1413 διὰ
1186 1368 1296 1429 τῆς
1345 1359 1698 1429 ἐπιστήμης
1734 1359 1816 1428 ἣν

130 1451 323 1518 ἔχεις;
379 1450 476 1501 δεῖ
523 1449 596 1517 δὴ
644 1456 714 1518 τῇ
763 1449 1031 1520 παιδείᾳ
1076 1451 1318 1518 χρόνου
1369 1447 1473 1501 καὶ
1523 1447 1812 1516 μελέτης,

130 1531 217 1588 ὧν
253 1539 622 1606 προϊόντων
664 1542 813 1599 ἴσως
852 1545 1184 1606 φανοῦμαι
1223 1539 1512 1604 βελτίων.
1592 1537 1674 1589 70.
1725 1538 1813 1604 βε-
1838 1557 1883 1590 15

129 1625 403 1693 βιώκαμεν
449 1624 766 1694 ἀνειμένως,
821 1622 862 1678 ὦ
909 1628 1160 1694 βασιλεῦ,
1214 1626 1412 1688 πάντες
1458 1623 1545 1678 ἐπὶ
1592 1634 1686 1694 τῆς
1724 1622 1814 1692 ἔμ-

129 1718 380 1780 προσθεν
430 1712 692 1776 ἐξουσίας.
777 1715 980 1783 ἥκομεν
1029 1714 1138 1768 ὑπὸ
1194 1715 1359 1783 ζυγὸν
1413 1713 1815 1784 ἀκριβέστερον.

129 1803 504 1869 πειρασόμεθα
558 1800 763 1872 φέρειν.
848 1803 1135 1870 σύγγνωθι
1198 1804 1364 1872 μικρὰ
1424 1800 1513 1855 καὶ
1568 1805 1815 1871 ποιήσεις

132 1889 388 1956 ἀμείνους
440 1889 472 1958 ἢ
529 1890 751 1943 δεῖσθαι
803 1892 1144 1960 συγγνώμης.
1220 1890 1311 1944 καὶ
1366 1891 1449 1944 ὅτι
1504 1910 1564 1959 γε
1617 1892 1813 1944 καινὸν

131 1978 299 2031 οὐδὲν
345 1978 618 2048 αἰτοῦμεν,
673 1977 789 2031 ἀλλ’
821 1980 923 2048 ἤδη
975 1987 1074 2032 τοῦ
1127 1980 1528 2049 συγγινώσκειν
1574 1977 1882 2050 ὑπήρξω,ρο

129 2074 223 2134 τῆς
270 2066 471 2137 ἡμέρας
518 2066 726 2136 ἐκείνης
772 2067 1180 2138 ἀναμνήσθητι,
1237 2068 1297 2122 ἐν
1350 2063 1385 2138 ᾗ
1431 2069 1710 2138 πονηρούς
1755 2088 1811 2121 τε

129 2153 336 2218 ἐκάλεις
397 2154 486 2208 καὶ
557 2157 748 2220 σώζειν
807 2155 1007 2225 ἠξίους.
1098 2158 1386 2227 ἥμαρτον
1446 2156 1584 2226 μέν,
1655 2156 1815 2210 ἀλλὰ

251 2365 302 2403 11
336 2360 387 2404 Il.
413 2377 438 2403 τ
461 2365 544 2404 407

251 2557 272 2595 1
308 2552 550 2609 ἐπιστήσῃς
578 2555 624 2596 Ρ
653 2553 735 2597 sed
766 2570 820 2609 ης
850 2553 896 2595 in
930 2567 1004 2597 ras
1035 2554 1104 2597 m⁸
1186 2553 1448 2608 ἐπιστήσαις
1488 2554 1604 2601 UBI
1642 2555 1724 2597 sed
1766 2555 1815 2597 in

134 2609 304 2654 homan
333 2612 383 2654 in
413 2625 488 2655 ras
519 2611 589 2654 ω’
623 2614 629 2669 Ι
662 2612 744 2656 τὸν
778 2614 885 2655 ante
916 2610 1109 2669 ἡνίοχον
1144 2614 1186 2656 V
1211 2614 1259 2656 et
1287 2613 1413 2657 inser
1443 2612 1501 2656 1²
1623 2618 1647 2655 2
1681 2613 1815 2670 yemi-

132 2671 298 2713 σεσθαι
332 2671 375 2713 V
407 2671 454 2713 et
493 2672 527 2714 I
565 2670 648 2714 sed
693 2671 742 2713 in
781 2671 869 2714 hoc
914 2685 995 2728 ησε
1037 2672 1086 2715 in
1116 2686 1191 2715 ras
1229 2671 1298 2714 m'
1355 2675 1361 2728 Ι
1418 2669 1545 2715 &aava
1580 2673 1760 2716 VIBM

132 2730 157 2768 6
189 2728 274 2784 χρὴ
307 2729 352 2773 V
402 2730 407 2785 Ι
455 2727 728 2786 πλημελείας
747 2731 844 2774 PV
969 2735 992 2773 7
1025 2728 1095 2782 τίς
1120 2732 1233 2775 VIB
1361 2734 1386 2773 9
1419 2730 1757 2787 τηνπρώτηνΒ

135 2789 188 2828 10
219 2787 364 2837 εὐθὺς
393 2788 442 2831 in
473 2802 606 2845 marg
635 2787 693 2831 1²
838 2793 890 2831 12
923 2786 1078 2844 μέντοι
1110 2791 1142 2833 Ι
1169 2791 1250 2833 sed
1282 2806 1327 2834 οι
1358 2789 1406 2832 in
1438 2803 1512 2832 ras
1538 2789 1616 2833 m²
1665 2792 1671 2846 1
1722 2806 1815 2833 τοι-

134 2850 250 2887 αῦτα
282 2845 367 2890 UB
417 2849 422 2902 Ι
472 2847 533 2897 ὡς
564 2861 638 2891 om
671 2848 715 2891 V
874 2852 928 2890 14
975 2849 1159 2901 „malim
1190 2849 1270 2892 ὃὲ“
1309 2849 1378 2892 Re
1552 2853 1606 2891 15
1655 2849 1815 2906 βεβιώ-

133 2918 276 2958 καμεν
299 2906 346 2948 Ρ
374 2905 455 2948 sed
486 2921 600 2961 αμεν
633 2906 681 2948 in
703 2919 779 2948 ras
803 2905 874 2948 m²
995 2911 1049 2949 16
1081 2903 1116 2950 ὦ
1141 2908 1325 2964 βασιλεῦ
1357 2906 1530 2958 πάντες
1562 2906 1817 2963 ἀνειμένως

144 2960 189 3004 U
300 2967 353 3005 17
388 2963 463 3007 ἐπὶ
496 2965 540 3008 V
656 2969 708 3007 19
742 2978 789 3008 σε
821 2964 864 3007 V
980 2970 1034 3007 22
1068 2966 1245 3018 σώιζειν
1270 2968 1314 3010 A

1458 3038 1541 3081 10*
