2060 3162
684 123 910 167 LIBANII
942 121 1167 167 ORATIO
1199 122 1328 165 XXII
1728 120 1837 172 479

148 282 287 332 μεως
326 262 522 332 χρόνῳ,
577 259 644 313 ὃν
693 259 985 328 ἡμερότητι
1039 259 1340 326 κοσμήσας,
1396 256 1425 310 ὃ
1482 258 1550 326 δὴ
1598 255 1690 310 καὶ
1740 259 1840 311 τὸν

149 361 260 405 τῶν
299 351 444 403 ὅλων
481 349 680 417 κύριον
720 347 863 418 ἑώρα
892 349 1245 416 πεποιηκότα,
1286 347 1642 415 δικαιοσύνης
1674 344 1840 409 δόξαν

151 440 211 494 ἐν
274 437 281 510 Ι
347 437 564 507 ἐξουσίᾳ
613 446 713 490 τοῦ
764 446 942 500 κακῶς
991 446 1174 490 ποιεῖν
1223 435 1488 504 ἠνέγκατο
1541 436 1731 489 δεινὸν
1779 449 1821 491 R
1843 448 1928 491 Π9

150 523 290 582 εἶναι
330 530 584 596 νομίζων,
626 527 673 578 εἰ
712 534 830 588 ταῖς
869 522 970 592 μὲν
1008 525 1134 593 παρ’
1168 524 1370 594 ἑτέρων
1417 525 1648 592 βλάβαις
1687 528 1841 594 χαλε-

149 615 448 685 πανοῦμεν,
497 615 653 668 αὐτοὶ
695 612 756 668 δὲ
797 617 876 677 εἰς
916 613 1137 683 ἑτέρους
1175 622 1339 667 τοῦτο
1386 623 1568 667 ποιεῖν
1614 612 1839 676 ἀξιώσο-
1888 637 1907 669 5

148 725 264 775 μεν.
344 703 427 757 16.
467 700 529 757 εὖ
569 713 746 757 ποιῶν
784 705 980 757 τοίνυν
1020 705 1288 756 διατελῶν
1326 704 1569 765 πολλοὺς
1606 699 1708 771 μὲν
1748 704 1842 755 ἅν-

150 796 300 864 δρας,
352 794 455 846 οὐκ
506 793 695 860 ὀλίγας
746 793 807 846 δὲ
852 794 1041 854 πόλεις
1090 792 1181 845 καὶ
1230 801 1342 845 τῶν
1382 790 1444 845 ἐν
1488 800 1605 854 τοῖς
1651 791 1843 854 ὅπλοις

149 885 279 945 τοὺς
317 883 655 951 ἠτυχηκότας
700 891 879 935 ποιῶν
928 881 1186 948 ἀμείνους
1232 890 1349 944 ταῖς
1386 882 1672 950 τιμωρίαις
1708 884 1841 949 μᾶλ-

151 976 250 1025 λον
296 971 329 1040 ἢ
371 972 722 1040 διαφθείρων
768 969 997 1037 ἀνέσχεν
1043 970 1182 1039 ἡμᾶς
1227 972 1348 1023 τότε
1398 968 1842 1038 βαπτιζομένους.

149 1061 349 1130 <τοὺς>
403 1063 562 1128 μήπω
612 1061 1015 1127 μεθεστηκότας
1064 1058 1290 1128 κατέσχε
1344 1057 1434 1111 καὶ
1488 1060 1634 1125 τούς,
1690 1064 1841 1127 εἴπερ
1870 1082 1910 1114 ιο

151 1150 252 1202 οὐκ
292 1148 456 1212 αὐτὸς
494 1149 769 1217 ἠλπίζετο,
819 1149 1038 1211 πάντως
1083 1147 1153 1200 ἂν
1200 1148 1403 1210 αὑτοὺς
1448 1148 1679 1211 πλάνοις
1719 1148 1843 1202 δόν-

151 1258 246 1300 τας
298 1236 516 1291 ἔπεισεν
569 1237 864 1304 ὑπομεῖναι
918 1240 1019 1305 τὴν
1079 1239 1406 1305 παρουσίαν.
1498 1237 1580 1289 17.
1644 1237 1728 1290 ὅτι
1783 1234 1844 1290 δὲ

152 1325 315 1380 ταῦθ’
347 1326 520 1389 οὕτως
560 1323 722 1395 εἶχεν,
775 1324 945 1398 ᾤοντο
993 1326 1095 1395 μὲν
1134 1327 1193 1379 οἰ
1238 1334 1333 1395 τῆς
1371 1326 1637 1394 ἀληθείας
1675 1326 1843 1395 ἡμαρ-

152 1418 375 1485 τηκότες
415 1414 488 1468 δι’
520 1415 721 1485 ἐρήμης
766 1415 869 1484 μὲν
914 1423 1008 1483 τῆς
1055 1415 1191 1468 ὁδοῦ
1230 1416 1331 1468 τὸν
1370 1415 1548 1485 ἄνδρα
1593 1424 1704 1468 τῶν
1742 1433 1844 1467 πυ-

154 1509 267 1558 λῶν
306 1506 578 1571 ἅψεσθαι,
626 1502 698 1556 δι’
729 1502 935 1574 ἐρήμου
988 1503 1050 1556 δὲ
1087 1511 1188 1556 τοῦ
1239 1505 1462 1573 πρώτου
1503 1512 1598 1573 τῆς
1634 1506 1844 1567 πόλεως
1870 1527 1910 1560 15

153 1593 356 1665 μέρους
393 1592 547 1662 ἥξειν
592 1593 718 1662 ἄχρι
764 1601 859 1661 τῆς
903 1600 1246 1661 καταγωγῆς,
1302 1594 1361 1645 οἱ
1398 1591 1445 1645 δ’
1480 1593 1716 1663 ὅσονπερ
1756 1593 1844 1647 ἐπὶ

154 1693 266 1736 τῶν
303 1682 588 1752 προτέρων
627 1681 858 1750 ἀγαθῶν
898 1682 1314 1751 διαδραμόντες,
1369 1683 1422 1734 οἱ
1469 1684 1844 1751 μεμενηκότες,

276 1847 330 1885 12
363 1842 425 1886 Io.
453 1841 611 1898 Chrys.
645 1842 707 1885 ad
737 1856 845 1898 pop.
870 1842 979 1885 Ant.
1005 1842 1128 1885 hom.
1153 1842 1261 1886 XVI
1290 1858 1334 1899 p.
1356 1847 1440 1886 160
1458 1842 1498 1886 D

276 1979 348 2078 11³²
377 1973 591 2034 πλάνοις]
622 1974 725 2031 ἤτοι
758 1982 933 2033 φυγαῖς
970 1975 1050 2018 καὶ
1082 1974 1386 2034 μεταβάσεσιν
1419 1976 1469 2021 ἐκ
1499 1975 1645 2021 τόπου
1678 1977 1743 2027 εἰς
1773 1974 1846 2021 τό-

156 2050 247 2078 πον

278 2173 301 2211 1
335 2168 416 2212 τὸν
450 2182 525 2212 om
549 2168 652 2211 Mor
795 2174 821 2212 3
853 2168 1081 2227 ἠνέγκατο
1114 2182 1223 2213 voce
1257 2169 1429 2213 desinit
1454 2170 1523 2214 Va
1548 2169 1555 2228 1
1583 2169 1742 2214 δεινὸν
1774 2170 1853 2213 ΡΙ

156 2227 239 2270 sed
262 2244 289 2271 ν
315 2229 376 2284 (2)
407 2227 458 2270 in
482 2229 680 2283 utroque
710 2227 761 2270 in
784 2241 859 2272 ras
883 2228 954 2272 m'
1015 2229 1134 2274 δειν“
1178 2243 1282 2272 cum
1315 2241 1389 2271 ras
1423 2234 1447 2271 2
1479 2227 1559 2271 litt
1590 2229 1634 2272 L
1695 2228 1848 2280 δεινὸς

160 2286 288 2331 CAR
321 2287 403 2342 qui
435 2283 526 2344 εἶχε
557 2286 684 2337 τινός
713 2287 764 2330 in
788 2301 922 2345 marg
944 2288 1091 2332 habet
1263 2293 1289 2332 5
1322 2288 1456 2331 αὐτοὶ
1487 2301 1594 2331 cum
1622 2301 1699 2331 ras
1734 2291 1845 2330 1—2

155 2345 237 2388 litt
267 2347 339 2402 (υς
354 2349 392 2403 *2)
420 2346 457 2390 0
599 2350 653 2390 10
684 2347 793 2398 τοὺς
823 2347 998 2390 inserui
1030 2349 1220 2391 auctore
1243 2347 1311 2390 Re
1344 2348 1590 2404 (,‚forsitan
1620 2347 1728 2396 τοὺς
1757 2346 1846 2404 γὰρ

157 2403 292 2462 μήπω
325 2410 407 2449 aut
438 2403 631 2462 ἀνέσχεν
670 2405 802 2463 ἡμᾶς.
864 2406 974 2456 τούς
1011 2422 1060 2450 τε
1099 2406 1187 2463 γὰρ
1220 2404 1583 2465 βαπτιζομένους
1612 2404 1795 2462 μήπω“)
1837 2405 1843 2464 1

158 2481 212 2520 γρ
238 2462 589 2519 καθεστηκότας
618 2465 667 2507 in
691 2478 824 2522 marg
854 2480 915 2509 m.
939 2466 1176 2509 recentiss.
1195 2467 1224 2509 1
1250 2467 1255 2522 Ι
1284 2464 1501 2522 κατέσχεν
1528 2465 1658 2510 GAP
1685 2465 1767 2508 sed
1797 2464 1847 2507 in

158 2523 246 2566 hoc
279 2540 305 2565 ν
338 2523 414 2566 del
538 2528 588 2566 11
622 2522 803 2575 πάντας
826 2524 927 2568 Mor
954 2525 960 2584 Ι
989 2525 1159 2575 αὐτοὺς
1178 2525 1258 2570 ΟΡ
1287 2525 1368 2568 sed
1392 2523 1442 2567 in
1465 2524 1552 2568 hoe
1581 2521 1595 2538 '
1621 2524 1671 2567 in
1688 2522 1699 2538 ²
1733 2538 1846 2578 corr,

161 2582 320 2626 MoPa
344 2582 446 2625 Mor
537 2583 706 2632 αυτοὺς
737 2584 846 2638 spir.
872 2598 1013 2641 supra.
1043 2602 1072 2628 v
1105 2598 1206 2627 eras
1239 2584 1281 2626 L
1317 2583 1323 2642 Ι
1360 2581 1562 2633 πλάναις
1591 2585 1666 2628 Ρα
1688 2582 1790 2627 Mor

162 2645 216 2684 13
265 2646 400 2696 „post
437 2637 558 2698 εἶχεν
597 2642 777 2698 aliquid
815 2643 959 2687 deesse
996 2644 1176 2688 videtur
1207 2657 1240 2687 e.
1266 2658 1301 2687 c.
1341 2642 1444 2687 τοδὶ
1479 2641 1728 2699 τεκμήριον
1766 2647 1850 2686 aut

160 2696 250 2743 ὦδε
274 2705 528 2753 σκοπεῖτε,“
553 2699 621 2743 Re
675 2701 736 2743 ad
759 2715 803 2756 p.
824 2706 961 2756 24,10
978 2702 1020 2745 R
1041 2702 1311 2759 provocavit
1326 2701 1659 2745 Boissonadius
1682 2714 1847 2758 parum

162 2760 271 2815 apte
299 2760 304 2815 Ι
332 2757 644 2815 ἡμαρτηκότες
674 2759 724 2802 in
747 2773 883 2817 marg
905 2762 939 2804 I
947 2760 964 2786 ⁸
1114 2766 1169 2804 15
1202 2761 1415 2816 ἅψεσθαι
1447 2760 1614 2817 scripsi
1645 2774 1670 2804 e
1705 2760 1857 2804 VBaI

162 2818 244 2861 sed
266 2817 316 2860 in
340 2817 430 2861 hoc
454 2833 475 2861 ε
507 2831 563 2861 ex
588 2835 617 2860 α
643 2832 745 2861 corr
805 2818 1028 2875 ἅψασθαι
1057 2820 1228 2875 reliqui
1251 2820 1361 2863 libri
1386 2819 1475 2863 edd
1511 2846 1515 2848 Α
1599 2825 1652 2863 16
1685 2818 1851 2875 μέρους

165 2876 203 2921 G
229 2877 311 2920 sed
343 2893 399 2921 ov
432 2889 488 2919 ex
520 2893 544 2921 ο
577 2891 678 2920 corr
700 2891 722 2921 s
774 2878 780 2932 Ι
830 2876 883 2922 οἴ
900 2876 947 2923 δ’
974 2880 1061 2923 IM
1215 2883 1268 2922 17
1302 2878 1489 2934 ἀγαθὸν
1517 2880 1553 2924 Ο
1627 2882 1848 2934 σταθμῶν

163 2935 267 2978 coni
298 2935 367 2979 Re
390 2935 531 2978 Anim
562 2935 870 2992 probabilisser
896 2941 902 2991 Ι
930 2938 986 2981 οὐ
1011 2939 1044 2981 I
1065 2938 1071 2996 Ι
1099 2935 1407 2994 μεμηνυκότες
1440 2938 1483 2981 V
