2060 3162
659 137 890 182 LIBANII
921 135 1146 181 ORATIO
1179 137 1307 182 XXII
1712 139 1821 191 483

125 282 383 330 τοιοῦτον
421 274 781 342 παράδειγμα.
860 274 946 326 22.
986 274 1161 343 μήτηρ
1203 274 1306 341 γὰρ
1349 275 1418 343 δὴ
1457 282 1570 328 τῶν
1609 273 1670 327 ἐν
1705 284 1821 338 τοῖς

125 363 472 435 κρινομένοις
513 361 635 425 ἑνὸς
681 361 813 416 νέου
853 381 912 415 τε
958 360 1049 415 καὶ
1087 366 1261 415 καλοῦ
1312 361 1403 415 καὶ
1451 366 1681 427 πολλαῖς
1719 361 1822 433 μὲν

125 454 463 523 πρεσβείαις,
517 451 753 514 ἀπάσαις
804 448 865 504 δὲ
914 450 1380 520 λαμπρυνομένου
1435 455 1819 522 λειτουργίαις,

124 551 241 605 τοῖς
277 541 559 610 πράγμασι
601 538 661 593 δὲ
700 540 822 593 ἀντὶ
863 547 964 593 τοῦ
1002 541 1210 609 πατρὸς
1242 538 1575 610 ἀρκέσαντος
1606 543 1822 609 γυμνώ-

125 645 266 685 σασα
317 630 420 696 μὲν
464 630 567 697 τὴν
612 630 879 697 κεφαλήν,
934 629 1150 682 λύσασα
1197 629 1258 682 δὲ
1304 630 1407 698 τὴν
1452 638 1824 699 γεγηρακυῖαν
1870 651 1889 683 5

124 721 297 789 τρίχα,
345 719 783 789 προσδραμοῦσα
833 724 909 790 τῷ
950 722 1144 787 στήθει
1182 716 1274 771 καὶ
1314 723 1608 788 περιθεῖσα
1645 720 1822 791 τούτῳ

122 808 256 875 μετὰ
293 816 405 860 τῶν
443 815 643 876 χειρῶν
681 809 813 869 τοὺς
859 807 1151 870 τοιούτους
1197 807 1515 876 πλοκάμους
1557 806 1675 876 ᾔτει
1720 805 1823 877 μὲν

122 898 223 950 τὸν
260 897 390 950 υἱὸν
430 895 673 949 ἐλεεινὸν
719 898 931 964 βοῶσα,
984 897 1199 965 δάκρυα
1247 892 1308 948 δὲ
1353 897 1420 948 τά
1465 897 1566 963 μὲν
1612 898 1823 965 ἐκείνης

121 983 269 1054 ἔρρει
309 986 445 1038 κατὰ
484 995 597 1038 τῶν
635 986 828 1038 ποδῶν
867 992 966 1038 τοῦ
1009 992 1342 1054 στρατηγοῦ,
1390 986 1456 1037 τὰ
1503 982 1564 1038 δὲ
1604 984 1820 1038 ἐκείνου

121 1075 257 1127 κατὰ
288 1082 383 1142 τῆς
415 1071 627 1142 ἐκείνης
657 1077 914 1141 κεφαλῆς.
983 1073 1286 1144 ἀφείλκυσε
1320 1070 1381 1126 δὲ
1414 1073 1588 1142 αὐτὴν
1619 1075 1821 1142 οὐδείς,
1845 1095 1889 1128 10
1949 1086 1951 1088 ’

122 1161 238 1215 ἀλλ’
273 1159 406 1215 οὐδὲ
453 1163 617 1225 αὐτὸς
666 1162 975 1229 ἀπεώσατο,
1025 1160 1144 1214 ἀλλ’
1177 1162 1354 1225 οὕτως
1399 1159 1606 1215 ἔδωκεν
1651 1162 1823 1217 αὑτὸν

121 1257 197 1323 τῷ
228 1253 389 1320 μήκει
427 1259 522 1319 τῆς
559 1252 805 1319 ἱκετείας,
846 1249 974 1304 ὥστ’
1006 1250 1187 1304 ἐδόκει
1226 1252 1491 1321 κρείττων
1530 1248 1674 1304 εἶναι
1714 1253 1820 1322 φύ-

123 1352 260 1402 σεως
298 1339 674 1409 ἀνθρωπείας,
721 1339 811 1392 καὶ
850 1342 1203 1409 πανταχόθεν
1251 1338 1404 1409 εὐχαὶ
1453 1341 1732 1405 σώζεσθαί
1767 1343 1825 1395 οἱ

121 1430 224 1497 τὴν
262 1429 434 1481 παῖδα
471 1429 705 1500 τοιούτῳ
752 1448 810 1481 τε
849 1430 971 1482 ὄντι
1017 1430 1155 1497 πρὸς
1194 1427 1535 1498 ἀτυχοῦντας
1580 1430 1669 1482 καὶ
1709 1438 1821 1483 πᾶν

121 1518 294 1587 τραχύ
334 1536 393 1570 τε
431 1518 522 1569 καὶ
562 1517 765 1585 ἀπηνὲς
804 1525 901 1586 τῆς
939 1518 1160 1586 γνώμης
1198 1515 1557 1585 ἐξεληλακότι.
1635 1518 1722 1571 23.
1766 1520 1885 1572 021⁵

123 1607 224 1674 μὲν
266 1607 333 1674 δὴ
366 1605 635 1674 ἐδίκαζον,
675 1607 830 1674 ἡμεῖς
863 1603 924 1658 δὲ
955 1607 1423 1676 προσηδρεύομεν.
1486 1606 1515 1660 ὁ
1549 1606 1612 1659 δὲ
1643 1606 1818 1660 ἐδόκει

122 1694 271 1748 τισὶν
324 1695 426 1764 οὐχ
477 1694 649 1747 αὑτοῦ
705 1703 890 1748 ποιεῖν
945 1696 1023 1758 εἰς
1077 1694 1379 1764 ὁμολογίαν
1434 1694 1666 1749 ἕκαστον
1716 1704 1818 1749 τοῦ

121 1793 216 1852 τῆς
256 1783 474 1846 ἀδικίας
514 1783 821 1852 σπέρματος
859 1786 1195 1837 κατακλείων
1241 1784 1247 1853 Ι
1296 1784 1540 1837 ἀπειλῶν
1578 1783 1687 1838 ἑτέ-
1726 1798 1769 1840 R
1791 1796 1906 1841 H15

123 1894 256 1943 ρους
294 1875 620 1940 βασανίσειν
658 1874 790 1935 τοὺς
827 1880 1000 1926 ταῦτα
1037 1881 1433 1942 κατεροῦντας,
1485 1874 1534 1926 εἰ
1573 1874 1644 1942 μὴ
1686 1887 1817 1941 συγ-

121 1970 355 2031 χωροῖεν
395 1960 611 2014 ἐκεῖνοι.
686 1960 778 2014 καὶ
826 1963 937 2030 ἅμα
985 1964 1229 2024 πολλοὺς
1274 1972 1386 2015 τῶν
1436 1961 1603 2026 πέλας
1649 1961 1819 2015 ἐκίνει
1843 1985 1885 2016 20

121 2051 354 2118 νεύμασι
401 2051 499 2103 τὸν
537 2052 872 2119 κρινόμενον
911 2051 990 2113 εἰς
1035 2050 1339 2119 ὁμολογίαν
1378 2049 1615 2119 ἐνάγειν,
1664 2046 1706 2123 ᾧ
1749 2052 1817 2119 δὴ

239 2245 266 2284 4
298 2241 360 2284 Io.
389 2239 546 2296 Chrys.
574 2241 635 2284 ad
659 2254 764 2297 pop.
791 2240 899 2284 Ant.
926 2241 1050 2284 hom.
1076 2240 1204 2284 XVII
1235 2241 1328 2285 t.11
1351 2256 1397 2297 p.
1419 2245 1502 2284 172
1520 2241 1560 2283 D

239 2422 264 2461 2
290 2419 370 2461 καὶ
386 2419 448 2474 (1)
466 2418 643 2462 abscisa
657 2420 731 2462 Pa
782 2432 858 2462 om
871 2417 973 2461 Mor
1080 2422 1106 2461 3
1123 2417 1489 2492 λαμπρυνομένω
1506 2418 1578 2462 Ρα
1682 2423 1711 2461 4
1734 2435 1814 2476 γυ-

119 2477 342 2534 μνώσασα
375 2479 422 2521 Ρ
449 2478 531 2520 sed
562 2495 593 2520 α
625 2479 688 2535 (2)
719 2489 948 2533 suprapos
970 2477 1042 2520 m⁸
1193 2482 1248 2520 10
1280 2477 1461 2532 ἐκεινης
1493 2478 1537 2521 V
1561 2477 1643 2521 sed
1673 2494 1729 2534 ης
1759 2491 1815 2522 ex

121 2553 175 2580 ov
209 2550 311 2579 corr
335 2535 405 2578 m²
468 2533 649 2580 ἐκείνου
673 2538 748 2581 Ρα
771 2536 874 2579 Mor
900 2540 906 2592 Ι
935 2539 964 2581 δ
1010 2536 1079 2579 Re
1203 2541 1257 2579 13
1290 2537 1421 2594 εὐχαὶ
1455 2536 1572 2580 CAI
1596 2537 1677 2580 sed.
1711 2537 1727 2580 ὶ
1758 2550 1813 2580 ex

121 2602 166 2638 ῖσ
198 2609 301 2638 corr
328 2594 514 2639 G⁸A1²I⁸
575 2596 732 2652 εὐχαῖς
761 2597 1083 2640 LMoBMPa
1112 2595 1214 2639 Mor
1245 2595 1371 2650 quod
1404 2608 1506 2638 corr
1528 2595 1596 2639 Re
1624 2598 1630 2652 Ι
1659 2595 1703 2639 οἱ
1738 2610 1813 2639 om

120 2654 223 2698 Mor
300 2653 551 2698 delendum
584 2656 743 2698 censet
768 2653 973 2698 Sintenis
1140 2659 1195 2697 14
1225 2654 1310 2709 τὴν
1343 2653 1508 2710 scripsi
1541 2668 1565 2698 e
1599 2655 1644 2697 P
1671 2655 1754 2698 sed.
1783 2672 1812 2711 η

119 2713 170 2756 in
184 2726 261 2756 ras
278 2712 349 2756 m'
374 2712 477 2756 coll.
496 2727 540 2768 p.
560 2717 726 2766 492,16
789 2712 871 2757 τὸν
894 2713 1065 2768 reliqui
1081 2713 1192 2756 libri
1210 2713 1302 2756 edd
1426 2718 1479 2756 15
1504 2711 1813 2770 ἀπεληλακότι

120 2772 189 2816 Re
290 2776 343 2816 16
368 2771 738 2828 προσεδρεύομεν
751 2773 826 2816 Ρα
838 2771 941 2815 Mor
1044 2777 1096 2815 17
1123 2772 1264 2823 αὐτὸς
1279 2771 1464 2816 PaMor
1565 2777 1618 2817 18
1642 2789 1763 2816 κατα
1779 2771 1817 2816 0

182 2835 235 2874 19
269 2828 542 2889 βασανίσειν
567 2830 731 2886 scripsi
757 2843 782 2873 e
808 2831 852 2874 V
869 2832 1057 2874 auctore
1081 2831 1150 2874 Re
1211 2828 1478 2888 βασανίζειν
1508 2831 1680 2888 reliqui
1702 2830 1811 2875 libri

122 2890 213 2933 edd
241 2893 246 2944 Ι
275 2896 616 2945 καρτεροῦντας
640 2890 714 2933 Ρα
738 2889 840 2932 Mor
961 2894 1016 2933 20
1047 2888 1207 2947 πέλας]
1241 2887 1420 2933 πόλεων
1445 2889 1547 2933 Mor
1668 2896 1722 2934 21
1756 2907 1811 2946 γρ

122 2948 311 3005 νεύματι
343 2949 392 2991 in
416 2961 551 3005 marg
573 2948 675 2992 Mor
702 2950 708 3003 Ι
735 2947 930 3004 ἀνάγειν
957 2951 1042 2993 Mo

1458 3021 1545 3064 31*
