2060 3162
239 154 272 205 2
277 154 346 206 38
733 152 958 196 LIBANII
990 151 1213 196 ORATIO
1244 152 1394 197 XVIII

240 289 502 358 εὐφημίαι
547 308 606 341 τε
642 289 732 341 καὶ
773 290 929 356 λόγοι
967 289 1033 341 τὰ
1071 287 1426 358 πεπραγμένα
1471 288 1583 357 μετ’
1615 289 1808 359 ἀρετῆς
1846 292 1923 354 εἰς

239 378 451 430 ἅπαντα
488 376 939 447 παραπέμποντες
976 377 1076 430 τὸν
1113 378 1332 447 χρόνον.

348 467 397 518 4.
445 464 546 519 Ἀεὶ
577 466 678 533 μὲν
719 461 822 518 οὗν
863 468 1032 534 ἔγωγε
1070 467 1167 518 τὸν
1207 467 1383 536 ἄνδρα
1420 475 1621 520 τοῦτον
1660 466 1922 537 ἐγχειρῶν

237 554 585 622 ἐγκωμιάζειν
639 553 896 617 ἐλάττους
950 550 1117 624 εὗρον
1169 557 1298 618 τοὺς
1352 554 1514 622 ἐμοὺς
1569 558 1767 624 λόγους
1820 565 1921 610 τοῦ

192 664 212 696 5
235 643 506 711 μεγέθους
544 652 656 696 τῶν
696 645 890 714 ἔργων,
939 644 1029 696 καὶ
1068 645 1143 712 μὰ
1180 646 1310 707 τοὺς
1354 646 1523 707 θεοὺς
1571 646 1922 698 οὐδεπώποτε

235 731 542 801 ἠχθέσθην,
598 733 645 785 εἰ
693 734 862 801 φίλου
914 732 1180 800 βασιλέως
1233 731 1394 803 ἀρετὴ
1449 732 1613 806 νικῴη
1666 735 1768 802 τὴν
1820 742 1920 787 τοῦ

235 826 535 890 φιλοῦντος
590 828 859 890 σοφιστοῦ
915 822 1168 890 δύναμιν.
1234 822 1427 875 κοινὸν
1487 823 1590 891 γὰρ
1645 825 1807 876 τοῦτό
1858 843 1921 891 γε

234 920 346 963 τῶν
383 912 599 963 πόλεων
644 909 839 978 κέρδος
877 911 1128 978 ἡγούμην
1166 911 1227 963 τὸ
1265 911 1366 964 τὸν
1404 909 1492 964 ἐπὶ
1532 913 1771 983 σωτηρίᾳ
1809 921 1920 964 τῶν

235 999 381 1051 ὅλων
419 1001 794 1069 παρειληφότα
833 999 934 1067 τὴν
973 997 1146 1069 ἀρχὴν
1180 998 1376 1068 μηδενὶ
1415 1004 1733 1053 καταλιπεῖν
1773 1002 1918 1072 λόγῳ

169 1107 211 1139 10
234 1096 348 1150 τοῖς
394 1089 574 1157 ἔργοις
622 1085 956 1156 ἐξισωθῆναι
994 1097 1107 1151 τοῖς
1155 1087 1369 1142 ἑαυτοῦ.
1454 1089 1483 1142 ὁ
1532 1089 1594 1142 δὲ
1647 1089 1779 1142 οὐδὲ
1824 1091 1919 1152 τὰς

167 1550 207 1583 15

234 1177 367 1246 πρὸς
421 1174 662 1249 Ὠκεανῷ
719 1176 1068 1246 δεδειγμένοις
1131 1176 1509 1248 ἀνδραγαθίας
1571 1171 1689 1241 οἶός
1748 1176 1794 1230 τ’
1841 1180 1919 1231 ὢν

232 1273 503 1334 κοσμῆσαι
542 1267 678 1318 κατὰ
715 1267 816 1334 τὴν
855 1265 1012 1329 ἀξίαν
1049 1269 1245 1334 μόνας,
1292 1268 1372 1329 τίς
1412 1265 1482 1319 ἂν
1521 1272 1641 1334 εἴην
1683 1269 1919 1337 τήμερον

233 1352 478 1422 ἀνάγκην
532 1356 672 1423 ἔχων
727 1353 907 1407 ἐκεῖνά
967 1374 1025 1407 τε
1078 1355 1169 1407 καὶ
1229 1356 1329 1408 τὸν
1381 1353 1470 1408 ἐπὶ
1523 1357 1651 1418 τοὺς
1701 1355 1919 1424 Πέρσας

234 1443 442 1512 δρόμον
482 1441 564 1496 ἑνὶ
603 1444 946 1514 παραδοῦναι
988 1446 1157 1516 λόγῳ;
1220 1443 1268 1497 5.
1320 1439 1472 1513 οἶμαι
1511 1444 1632 1513 γάρ,
1685 1445 1733 1496 εἰ
1772 1445 1919 1514 παρὰ

231 1540 342 1584 τῶν
379 1532 521 1584 κάτω
568 1537 719 1585 θεῶν
766 1531 1066 1586 ἀνάστασιν
1113 1531 1319 1596 ἐκεῖνος
1369 1532 1667 1603 εὑράμενος
1714 1531 1801 1586 ἐπὶ
1847 1539 1921 1605 τῷ

232 1622 458 1672 τουτονί
507 1641 600 1689 μοι
657 1630 1022 1690 συμπονῆσαι,
1058 1622 1158 1675 τὸν
1212 1623 1383 1690 λόγον
1435 1621 1735 1675 λανθάνων
1788 1623 1919 1684 τοὺς

232 1709 433 1772 ἄλλους
479 1710 721 1773 ἅπαντας
768 1708 1048 1763 ἐκοινώνει
1093 1731 1188 1777 μοι
1233 1718 1329 1779 τῆς
1375 1711 1646 1779 σπουδῆς,
1691 1709 1815 1778 μηδ’
1848 1708 1918 1763 ἀν

233 1797 374 1850 οὕτω
429 1798 490 1850 τὸ
544 1797 746 1869 μέτρον
801 1799 1036 1870 ἀκριβῶς
1097 1798 1361 1867 γενέσθαι
1413 1808 1529 1862 τοῖς
1583 1798 1916 1870 πράγμασιν,

350 2035 374 2073 3
409 2031 475 2074 Cf.
502 2046 563 2075 or.
583 2031 710 2075 XVII
740 2047 785 2088 p.
813 2035 913 2087 218,
932 2037 985 2075 21
998 2047 1063 2088 eq.
1190 2037 1241 2076 11
1277 2031 1350 2076 Or.
1377 2032 1461 2075 XII
1491 2047 1535 2088 p.
1556 2037 1625 2086 22,
1646 2036 1699 2074 10
1714 2046 1779 2086 sq.

351 2258 371 2297 1
407 2253 572 2309 ἀρετῆς
603 2253 649 2296 Ρ
677 2252 758 2295 sed
792 2269 813 2302 ς
844 2252 892 2295 in
923 2266 998 2296 ras
1029 2251 1099 2295 111²
1221 2257 1245 2295 2
1278 2250 1665 2308 παραπέμποντες
1695 2253 1727 2295 1
1755 2251 1836 2295 sed
1869 2267 1915 2302 ες

229 2313 278 2355 iu
317 2325 392 2356 ras
431 2312 501 2356 m²
577 2310 963 2387 παραπέμποντα
999 2311 1036 2356 Ο
1082 2311 1163 2354 sed
1193 2327 1267 2362 τες
1305 2324 1529 2367 suprascr.
1563 2326 1627 2365 m,
1660 2312 1782 2355 ALa
1813 2311 1915 2354 Mor

231 2371 353 2414 Fabr
486 2377 514 2414 4
547 2368 702 2439 εὗρον.
714 2371 764 2414 in
795 2369 1009 2425 ευρισκον
1042 2384 1143 2413 corr
1174 2370 1231 2413 Ι8
1366 2375 1391 2413 5
1425 2366 1717 2414 οὐδεπώποτ’
1754 2370 1828 2414 UI
1845 2370 1912 2413 Re

290 2435 315 2473 8
346 2431 428 2475 τὸν
459 2431 495 2474 Ι
520 2431 601 2474 sed
634 2430 658 2474 ὸ
690 2429 740 2473 in
769 2442 846 2473 ras
875 2428 945 2472 m³
1067 2434 1119 2471 11
1157 2430 1282 2474 δεδει
1284 2428 1520 2503 γμέναςΙ
1485 2430 1626 2473 Ised
1658 2445 1725 2485 ειγ
1757 2429 1806 2471 in
1835 2441 1912 2471 ras

230 2489 312 2543 m³‚
374 2503 398 2533 e
431 2488 762 2547 δεδιδαγμένος
793 2502 895 2532 corr
918 2489 1010 2532 La⁸
1079 2489 1242 2533 δεδιδα
1245 2447 1419 2545 γμέναξ
1439 2489 1476 2533 0
1504 2489 1585 2532 sed
1609 2506 1662 2545 γρ
1682 2485 1913 2544 δεδειγμέ-

230 2565 316 2597 νας
346 2562 572 2604 suprascr
597 2563 656 2602 m,
679 2549 927 2593 ABMoM
954 2546 1036 2590 sed
1066 2547 1115 2589 in
1143 2547 1231 2590 hoe
1268 2565 1323 2604 γρ
1349 2546 1646 2605 δεδειγμένοις
1684 2559 1909 2603 suprascr.

230 2607 299 2649 m³
333 2609 338 2663 Ι
374 2624 438 2651 ων
473 2607 509 2651 Ο
538 2607 620 2652 sed.
651 2624 678 2651 ν
708 2607 833 2650 inser
861 2608 891 2662 f
1035 2611 1087 2649 12
1122 2604 1265 2661 μόνας
1298 2607 1335 2650 0
1364 2607 1445 2650 sed
1478 2623 1527 2657 ος
1558 2619 1783 2662 suprascr.
1808 2620 1852 2648 m

230 2665 370 2721 μόνος
393 2667 438 2708 Β
601 2670 698 2720 13,
703 2667 872 2722 ‚malim
904 2661 1111 2715 ἐκείνας“
1143 2665 1211 2708 Re
1377 2671 1429 2709 15
1463 2665 1708 2722 εὑρόμενος
1738 2664 1781 2707 V
1805 2678 1911 2719 pro-

230 2724 371 2768 bante
409 2724 564 2768 Gasda
611 2726 661 2768 at
703 2724 758 2768 cf.
784 2724 847 2768 IV
872 2728 1046 2778 269,17
1105 2725 1109 2782 Ι
1166 2726 1273 2780 posb
1312 2725 1387 2769 ἐπὶ
1431 2737 1594 2768 rasura
1632 2728 1658 2766 3
1697 2722 1779 2766 litt
1807 2724 1852 2764 A
1902 2722 1907 2780 Ι

228 2790 290 2826 τῶ
330 2796 355 2826 e
394 2783 445 2827 τὸ
487 2798 586 2828 corr
621 2785 694 2829 0¹¹¹
782 2783 835 2827 τὸ
875 2782 1007 2827 AMo
1048 2782 1139 2826 edd
1238 2785 1423 2839 „malim
1461 2789 1611 2828 tamen
1647 2784 1739 2840 τῷ“
1784 2781 1851 2824 Re

231 2846 284 2884 16
318 2849 597 2898 συμποιῆσαι
614 2842 835 2887 ΑΒΜοΟ
857 2841 973 2886 sed
961 2856 1010 2884 m
1033 2841 1121 2885 hoc
1143 2848 1346 2898 πονῆσαι
1370 2855 1511 2899 supra
1533 2847 1727 2909 ποιῆσαι
1751 2853 1833 2883 scr.
1852 2854 1909 2892 m,

302 2901 350 2943 in
400 2907 691 2957 συμπονῆσαι
741 2915 841 2944 corr
884 2900 1015 2945 MP²
1127 2918 1182 2958 γρ
1216 2907 1497 2957 συμπονῆσαι
1547 2901 1596 2943 in
1639 2912 1771 2955 marg
1809 2898 1910 2941 Mor

230 2959 286 3002 ef.
315 2964 412 3012 239,
433 2964 457 3002 3
582 2965 635 3003 18
668 2959 831 3016 μέτρον
864 2958 1177 3018 <ἰσόμετρον>
1210 2961 1411 3018 ἀκριβῶς
1442 2959 1546 3003 coni
1568 2959 1637 3002 Re
