2054 3140
207 126 282 179 40
765 126 994 170 LIBANH
1026 125 1248 171 0RAT1O
1281 127 1367 171 XII

212 266 356 325 λιαῖς
387 261 667 315 ἐνυπνίων
699 263 911 330 ὄψεσιν,
945 261 1062 316 ἀλλ’
1094 263 1275 333 ὥσπερ
1308 271 1416 316 νῦν
1445 263 1598 332 ἡμεῖς
1630 263 1902 332 ἀλλήλους
1941 333 1944 338 ¹

215 351 562 421 ὁρῶμεν·καὶ
603 351 870 419 φράσειεν
908 349 978 404 ἂν
1017 352 1180 414 ἄλλος
1218 352 1365 423 ἄλλῳ
1410 353 1535 422 περὶ
1573 361 1672 406 τοῦ
1711 351 1901 421 λέγον-

215 460 326 508 τος,
360 441 432 502 ὡς
465 435 525 491 εὗ
559 438 818 508 λέγοντος
848 439 880 507 ἢ
913 439 1262 508 τούναντίον,
1294 441 1468 503 οὕτως
1500 439 1701 494 ἐκεῖνοι
1725 441 1902 513 τούτῳ

168 551 191 581 4
214 530 339 598 περὶ
392 537 504 581 τῶν
548 530 911 598 πρασσόντων
955 529 1218 598 νεώτερα,
1273 538 1533 597 τιμῶντες
1585 530 1731 601 αὐτῷ
1772 532 1904 592 τοὺς

124 630 166 674 R
187 634 272 674 398
306 618 637 686 ὀφθαλμοὺς
661 614 665 687 Ι
685 624 750 687 τῇ
783 616 1020 687 σφετέρᾳ
1050 616 1157 687 θέᾳ
1180 618 1270 670 καὶ
1295 617 1399 670 οὐκ
1430 617 1623 680 ἐῶντες
1654 618 1904 672 ἀπιστεῖν

207 706 418 778 Ὁμήρῳ
458 707 630 768 θεοὺς
661 705 982 776 ἀνθρώποις
1014 704 1336 775 ἀναμίξαντι
1367 707 1617 775 καθάπερ
1652 705 1905 776 ἑταίρους

213 794 306 848 καὶ
339 797 551 864 φίλους.
615 794 699 847 87.
731 804 846 857 πῶς
878 795 939 847 δὲ
971 794 1075 847 οὐκ
1107 797 1336 861 ἔμελλον
1367 793 1598 848 ἔσεσθαί
1628 810 1715 849 σοι
1747 799 1903 864 φίλοι

213 884 450 952 μηδενὸς
482 883 669 946 αὐτοῖς
702 882 1072 952 ἀμεληθέντος
1096 882 1157 936 ἐν
1181 891 1245 954 τῇ
1271 884 1438 953 δεῦρο
1465 886 1660 954 πορείᾳ
1691 888 1903 953 βωμοῦ-ς

215 972 276 1036 ὅς
330 992 393 1041 γε
445 970 536 1025 καὶ
583 980 677 1040 τῆς
724 972 944 1034 εὐθείας
991 971 1127 1025 ὁδοῦ
1174 979 1442 1025 τοσοῦτον
1490 971 1777 1042 ἐκδραμὼν
1825 975 1904 1036 εἰς

149 1084 192 1116 10
221 1063 477 1132 Φρυγίαν
508 1059 693 1114 ἐλθὼν
723 1061 826 1128 τὴν
855 1068 1124 1114 τεκοῦσαν
1155 1061 1287 1130 ἡμῖν
1317 1063 1447 1123 τοὺς
1477 1064 1648 1124 θεοὺς
1682 1065 1906 1125 πολλοῖς

214 1149 305 1203 καὶ
353 1150 611 1219 μεγάλοις
657 1151 883 1218 τιμήσας
935 1147 1258 1217 ἑπανῆλθες.
1332 1150 1482 1218 ἥκων
1531 1152 1726 1203 τοίνυν
1771 1148 1896 1220 παρ’

215 1240 372 1309 ἡμᾶς,
403 1239 476 1301 ὡς
507 1239 609 1307 μὲν
640 1240 710 1290 ἄν
733 1258 816 1301 τις
848 1240 982 1307 φαίη
1008 1247 1121 1291 τῶν
1145 1235 1313 1291 οὐδὲν
1337 1240 1580 1307 εἰδότων,
1612 1239 1906 1308 ἡσύχασας,

217 1328 290 1391 ὡς
315 1326 364 1381 δ’
389 1326 459 1380 ἂν
484 1327 605 1396 ἐγώ,
630 1327 1023 1395 πεπολέμηκας,
1047 1326 1138 1380 καὶ
1162 1336 1274 1381 τῶν
1298 1329 1374 1390 εἰς
1397 1329 1498 1396 τὴν
1520 1329 1682 1395 νίκην
1707 1329 1905 1398 φερόν-

214 1436 326 1470 των
373 1416 601 1486 εὕρηταί
642 1436 695 1468 τι
733 1419 917 1482 μεῖζον
957 1417 1122 1485 αὐτῆς
1159 1424 1254 1484 τῆς
1291 1416 1475 1485 μάχης.
1537 1414 1628 1469 καὶ
1667 1417 1771 1484 γὰρ
1812 1416 1906 1469 οὕ-

150 1527 192 1559 15
217 1525 322 1568 τως
361 1507 483 1574 ἔχει.
561 1504 647 1557 88.
698 1504 799 1557 οὐκ
838 1499 908 1572 ἦν
947 1505 1100 1573 ἡμῶν
1138 1506 1237 1558 τὸν
1274 1503 1593 1575 ἔμπροσθεν
1631 1507 1834 1574 χρόνον
1872 1506 1905 1574 ἡ

218 1597 456 1663 Περσῶν
485 1593 719 1662 δύναμις
742 1593 870 1646 οὔτε
901 1596 1105 1662 πλήθει
1136 1595 1333 1662 μείζων
1364 1594 1491 1647 οὔτε
1515 1593 1652 1664 ἀλκῇ
1676 1596 1907 1661 βελτίων

217 1683 344 1735 οὔτε
397 1681 557 1751 τέχνῃ
608 1684 847 1735 καλλίων
898 1683 1025 1734 οὔτε
1075 1682 1266 1745 ὅπλοις
1321 1682 1669 1753 ἰσχυροτέρα,
1721 1680 1835 1736 ἀλλ’
1877 1681 1906 1735 ὃ

214 1772 394 1824 πάντα
431 1778 601 1824 ταῦτα
639 1771 728 1823 καὶ
767 1770 985 1840 συνέχει
1023 1769 1115 1824 καὶ
1151 1771 1471 1841 διαφθείρει
1501 1779 1608 1824 νῦν
1638 1768 1740 1838 μὲν
1771 1789 1907 1840 παρ-

216 1861 300 1928 όν,
339 1867 446 1912 νῦν
489 1856 549 1911 δὲ
589 1858 749 1927 ἀπόν,
788 1857 961 1912 ἐκεῖσε
998 1861 1346 1927 μεθειστήκει
1394 1860 1486 1912 καὶ
1531 1858 1643 1926 μετ’
1681 1858 1908 1913 ἐκείνων

127 1961 275 2004 R399
317 1946 493 2019 ἐπῄει,
548 1949 805 2016 δαίμονες
862 1946 868 2018 Ι
924 1947 1166 2016 πολέμου
1216 1948 1306 2000 καὶ
1351 1949 1657 2017 μάχηςκαὶ
1703 1955 1908 2016 τροπῆς

152 2059 194 2091 21
219 2036 429 2106 κύριοι,
474 2039 979 2104 καταπολεμοῦντες
1023 2033 1125 2105 μὲν
1162 2038 1292 2098 τοὺς
1331 2035 1707 2105 ἀτιμάζοντας,
1758 2034 1907 2107 ἐπιρ-

219 2125 531 2194 ρωννύντες
570 2124 631 2177 δὲ
668 2126 799 2187 τοὺς
846 2123 1223 2193 αἰδουμένους.
1301 2123 1384 2177 89.
1441 2126 1749 2177 συνιόντων
1795 2125 1907 2178 τοί-

218 2234 325 2267 νυν
380 2215 459 2266 ἔτι
512 2223 623 2267 τῶν
677 2212 1061 2283 στρατοπέδων
1115 2212 1298 2281 ἀφανῆ
1359 2211 1484 2283 παρ’
1533 2212 1758 2266 ἐκείνων
1819 2211 1906 2266 ἐπὶ

218 2304 349 2364 τοὺς
387 2301 682 2370 ἡμετέρους
720 2301 943 2364 ὁπλίτας
981 2300 1172 2371 ἐχώρει
1211 2301 1342 2370 βέλη
1379 2311 1490 2355 τῶν
1521 2310 1714 2370 ψυχῶν
1746 2301 1907 2354 ἁπτό-

341 2523 367 2561 4
398 2522 506 2575 post
537 2527 570 2563 ῶ
603 2520 653 2563 in
676 2520 799 2564 αὐτῶ
831 2533 994 2564 rasura
1027 2525 1049 2563 1
1082 2520 1271 2564 litterae
1302 2522 1373 2577 (ut
1395 2519 1579 2564 videtur
1602 2521 1646 2576 ν)
1674 2521 1710 2563 Ι
1762 2519 1906 2562 αὐτοῦ

223 2578 284 2621 Μ
320 2578 402 2621 sed
446 2595 500 2622 ov
551 2579 599 2621 in
638 2592 713 2622 ras
763 2578 833 2622 m²
879 2581 927 2623 et
973 2579 1078 2623 coni
1122 2578 1278 2623 Gasda
1458 2583 1513 2621 10
1561 2579 1716 2622 ἐλθεῖν
1760 2578 1822 2620 M

226 2641 277 2679 11
312 2636 503 2692 τιμήσας
533 2637 581 2679 in
612 2651 747 2694 marg
778 2637 835 2681 1⁸
979 2643 1032 2680 13
1064 2638 1149 2694 τὴν
1181 2652 1255 2681 om
1285 2640 1347 2682 M
1486 2642 1541 2680 14
1578 2642 1688 2690 „aut
1718 2634 1907 2692 εὕρηταί

223 2693 295 2739 σοι’
326 2712 370 2738 τι
401 2696 479 2752 leq.
513 2702 595 2738 aut
626 2694 817 2751 εῧρησαί
848 2701 920 2739 τι“
946 2697 1015 2739 Re
1152 2701 1205 2739 17
1239 2696 1345 2741 οὔτε
1374 2695 1512 2754 τέχνῃ
1543 2693 1740 2739 καλλίων
1771 2709 1905 2750 prae-

222 2755 362 2796 misso
395 2751 607 2810 κείμενον
639 2755 687 2797 in
718 2767 850 2810 marg
882 2755 938 2798 1²
981 2758 986 2810 Ι
1029 2753 1141 2798 οὔθ’
1179 2757 1241 2800 M
1370 2759 1423 2798 19
1457 2753 1504 2798 δ’
1538 2754 1606 2797 Re
1739 2758 1793 2796 20
1825 2754 1907 2798 καὶ

222 2812 389 2870 μάχης]
439 2819 556 2867 „aut
600 2814 678 2870 leq.
719 2813 800 2856 καὶ
842 2811 974 2869 νίκης
1016 2819 1099 2858 aut
1139 2814 1220 2856 καὶ
1266 2813 1412 2870 μάχης
1454 2813 1533 2856 καὶ
1575 2810 1735 2868 νίκης“
1777 2813 1846 2856 Re

224 2876 280 2915 23
315 2872 359 2915 ἔτ
391 2872 440 2914 in
473 2871 538 2915 ἔτι
568 2871 617 2914 in
647 2885 723 2914 ras
755 2871 826 2914 Ρ3
918 2872 992 2916 ἐπὶ
1027 2873 1106 2916 CA
1137 2872 1248 2916 Fen·
1270 2872 1392 2926 Mor,
1433 2872 1557 2926 quod
1590 2885 1691 2915 eon·
1720 2872 1788 2914 Re
1819 2871 1906 2914 im-

223 2931 452 2986 probante
485 2929 640 2973 Gasda
672 2930 753 2985 qui
784 2930 912 2974 οὔπω
946 2930 1050 2974 coni
