2072 3162
239 127 346 179 112
773 127 1003 170 LIBANII
1033 125 1257 171 ORATIO
1289 127 1394 172 XIV

234 273 353 316 νῶν
401 264 490 316 καὶ
543 264 609 315 τὰ
659 261 926 332 μέλλοντα
976 264 1341 334 φοβερώτερα.
1428 277 1647 333 προεισι
1699 261 1801 333 μὲν
1851 266 1929 328 εἰς

236 351 472 420 ἡλικίαν,
527 351 650 413 δέος
690 350 775 420 δέ,
825 352 897 419 μὴ
948 353 1266 422 προσαγάγῃ
1306 373 1387 415 τις
1436 355 1702 422 μηχανήν,
1751 355 1926 424 μήτηρ

237 440 299 493 δὲ
345 441 683 509 οἰκουροῦσα
727 440 863 510 πρὸς
908 440 1004 503 τὰς
1058 438 1165 504 ἔξω
1214 442 1390 509 πάγας
1438 442 1540 494 οὐκ
1588 440 1657 494 ἂν
1708 441 1926 511 ἀμύνοι,

235 538 448 597 γνῶμαι
518 524 579 580 δὲ
647 529 862 581 παίδων
938 529 1350 599 εὐπαράγωγοι,
1428 531 1513 583 δεῖ
1581 527 1642 583 δὲ
1709 532 1926 600 πατρός.

188 637 211 669 5
237 617 320 669 69.
369 616 573 679 ἀπόδος
611 620 824 685 τοίνυν,
867 613 907 670 ὦ
949 621 1195 687 βασιλεῦ,
1242 625 1317 690 τῷ
1349 617 1454 690 νέῳ
1493 619 1591 671 τὸν
1629 619 1927 688 ὀφθαλμὸν

234 714 334 758 τοῦ
395 708 727 775 γεννήτορος
787 704 878 759 καὶ
939 714 1106 774 γενοῦ
1169 707 1537 776 σωφροσύνης
1590 713 1776 771 αἴτιος.
1853 710 1925 777 μὴ

231 796 433 847 πλείτω
486 795 625 863 πρὸς
677 795 742 847 τὰ
796 794 1002 865 πέρατα
1055 802 1150 863 τῆς
1202 803 1303 864 γῆς
1341 794 1739 866 Ἀριστοφάνης
1792 798 1925 865 μετὰ

234 884 510 953 δακρύων,
551 883 689 936 ἀλλὰ
720 883 981 952 βαδιζέτω
1021 882 1135 953 μετ’
1168 884 1518 955 εὐφροσύνης
1555 886 1693 955 πρὸς
1730 886 1791 938 τὸ
1824 893 1923 938 τοῦ

234 972 487 1034 Πέλοπος
547 975 765 1042 χωρίον.
844 971 905 1026 ἐν
965 972 1100 1043 μέσῃ
1157 975 1566 1044 Πελοποννήσῳ
1623 974 1922 1042 διηγείσθω

166 1081 209 1113 1⁰
231 1062 326 1123 τὰς
373 1062 470 1123 σας
517 1060 733 1130 ἀρετάς,
788 1059 899 1130 ἔχει
945 1065 1192 1129 γλῶτταν
1239 1061 1521 1132 ἀρκοῦσαν
1565 1070 1680 1123 τοῖς
1727 1064 1923 1132 ἔργοις,

232 1149 430 1218 λεγέτω
469 1150 607 1220 πρὸς
643 1152 775 1212 τοὺς
801 1148 1093 1218 ’Ἑλληνας,
1146 1150 1207 1203 ἐν
1257 1143 1340 1213 οἷς
1390 1153 1480 1220 ζῇς
1532 1149 1660 1203 καθ’
1698 1150 1923 1220 ἡμέραν,

233 1237 267 1290 ἃ
319 1237 587 1291 τεθέαται.
679 1237 1004 1309 πορευέσθω
1068 1240 1312 1308 μηνυτὴς
1372 1249 1483 1292 τῶν
1547 1243 1769 1292 πολλῶν
1833 1238 1924 1293 καὶ

142 1339 290 1382 3450
329 1331 759 1397 μεγαλοπρεπῶν
798 1333 1036 1396 θυσιῶν,
1085 1324 1163 1381 ὧν
1200 1329 1296 1390 τὰς
1333 1325 1435 1397 μὲν
1474 1329 1506 1396 ἡ
1545 1330 1705 1391 πόλις
1753 1326 1759 1398 Ι
1810 1328 1924 1381 ἐδέ-

233 1413 379 1483 ξατο,
417 1417 513 1478 τὰς
552 1416 614 1469 δὲ
643 1417 676 1485 ἡ
708 1417 932 1486 Δάφνη,
970 1418 1066 1480 τὰς
1106 1414 1166 1470 δὲ
1204 1418 1264 1470 τὸ
1304 1418 1448 1487 ὅρος,
1489 1416 1684 1484 ἀγέλας
1723 1416 1924 1486 ε’σφαγ-

167 1524 209 1557 15
234 1503 416 1573 μένας,
458 1505 682 1572 αἵματος
726 1506 949 1574 ῥύακας,
990 1506 1231 1559 εὐωδίαν
1270 1507 1346 1568 εἰς
1385 1506 1557 1558 αὐτὸν
1595 1505 1924 1576 ἀνατρέχου-

230 1607 337 1645 σαν
385 1593 600 1663 αἰθέρα.
677 1592 968 1657 εὐξάσθων
1016 1595 1178 1663 ὅμοια
1222 1593 1313 1647 καὶ
1351 1595 1499 1664 παρὰ
1548 1596 1742 1663 σφίσιν
1782 1596 1923 1648 ἰδεῖν

230 1681 293 1735 ἐν
317 1686 580 1751 Δελφοῖς,
621 1681 682 1736 ἐν
714 1685 881 1753 Πίσῃ,
920 1682 1395 1754 παρ”Ἀθηναίοις,
1434 1684 1580 1752 παρὰ
1611 1692 1727 1745 τοῖς
1757 1683 1923 1736 τοῦδε

229 1773 503 1839 πολίταις,
564 1779 845 1841 πανταχοῦ
899 1781 996 1841 τῆς
1042 1769 1331 1840 Ἑλλάδος,
1392 1771 1507 1824 κατ’
1552 1774 1798 1841 ἤπειρον,
1861 1771 1921 1824 ἐν

228 1859 433 1926 νήσοις.
511 1860 595 1911 70.
649 1868 820 1913 ταῦτα
864 1857 968 1927 μὲν
1013 1861 1104 1914 καὶ
1151 1862 1314 1924 αὐτὸς
1361 1861 1587 1930 εὔχομαι
1632 1859 1723 1913 καὶ
1762 1879 1921 1929 μετα-

163 1968 207 2000 20
231 1956 386 2015 σχεῖν
424 1967 485 2014 γε
523 1955 618 2016 τῆς
648 1950 871 2017 πορείας
903 1948 1127 2017 ἐκείνης.
1191 1950 1264 2012 ὡς
1294 1951 1468 2003 καλὸν
1499 1947 1579 2001 ἐπ’
1605 1947 1919 2011 Ἐλευσῖνος

231 2035 373 2087 ἰδεῖν
409 2036 623 2104 μύστην
648 2034 912 2106 εΗρακλεῖῑ
945 2038 1356 2107 παρισούμενον
1395 2036 1485 2089 καὶ
1516 2044 1716 2089 τοῦτον
1748 2037 1918 2089 αὐτὸν

221 2121 626 2193 Ἀριστοφάνην
663 2121 802 2195 ὑπὲρ
842 2127 970 2187 τοὺς
1010 2126 1209 2187 ἄλλους
1248 2126 1519 2192 πηδῶντα.

343 2212 426 2264 71.
474 2214 542 2264 Τί
570 2214 695 2282 φής,
735 2208 777 2265 ὦ
810 2216 1060 2281 βασιλεῦ;
1100 2215 1370 2280 πείθομεν
1407 2211 1440 2280 ἢ
1473 2215 1769 2282 ληροῦμεν;
1809 2213 1913 2281 ἤδη

227 2302 470 2368 ψηφίζου
516 2308 785 2354 τοσοῦτον
833 2303 1304 2371 προενθυμηθείς,
1359 2301 1430 2362 ὡς
1477 2300 1542 2352 οὐ
1594 2302 1746 2369 λήσει
1783 2303 1914 2363 τοὺς

347 2450 399 2488 21
435 2445 552 2490 Plat.
578 2445 768 2490 Axioch.
802 2461 846 2502 p.
874 2451 957 2490 371
973 2446 1026 2490 D.
1089 2445 1278 2489 Aristid.
1305 2445 1375 2490 t.1
1401 2449 1470 2501 58,
1489 2449 1514 2487 9
1532 2444 1572 2487 D

349 2581 370 2619 1
407 2580 589 2631 „malim
607 2576 901 2638 <πρόσεισι>.
927 2577 1136 2633 πρόεισιι*
1154 2578 1222 2621 Re
1283 2576 1463 2633 πρόεισι
1486 2578 1521 2620 Ι
1538 2576 1620 2620 sed
1635 2592 1724 2631 προ
1751 2590 1774 2619 e
1791 2591 1911 2632 προσ

229 2648 330 2678 corr
352 2636 422 2677 m⁸
564 2643 588 2679 2
621 2638 910 2695 προσαγάγοι
938 2639 978 2681 Τ
1051 2636 1260 2693 προσάγη
1286 2637 1398 2680 ΒΜ
1527 2639 1553 2679 8
1585 2635 1697 2692 μετὰ
1730 2650 1910 2691 σωφρο-

228 2693 370 2750 σύνης
394 2696 439 2737 Β
481 2698 486 2751 1
528 2696 579 2739 τὸ
613 2711 687 2739 om
710 2697 821 2740 Fen·
840 2698 942 2740 Mor
1062 2701 1086 2739 9
1118 2695 1446 2750 πελοποννήσω
1471 2696 1516 2739 Ρ
1545 2695 1626 2738 sed
1650 2711 1734 2750 ννη
1760 2695 1810 2737 in
1832 2708 1907 2738 ras

226 2751 298 2795 m³
378 2754 677 2808 πελοπονήσω
717 2757 758 2799 Τ
903 2761 955 2799 11
990 2759 1071 2811 ζῆν
1103 2755 1214 2798 Fert
1243 2754 1345 2797 Mor
1375 2754 1456 2809 qui
1488 2753 1559 2809 ἔζη
1593 2753 1697 2796 coni
1725 2756 1730 2810 Ι
1758 2756 1908 2809 καθη-

227 2809 372 2868 μέραν
405 2812 449 2855 V
563 2818 616 2856 16
650 2813 892 2866 εὐξάσθων
925 2814 1089 2870 scripsi
1121 2828 1144 2857 e
1179 2815 1310 2858 VIM
1327 2813 1418 2856 Par
1492 2811 1705 2864 εὐξάσθω
1738 2811 1908 2867 reliqui

227 2869 338 2912 libri
369 2870 460 2914 edd
626 2876 679 2914 19
716 2873 795 2915 καὶ
828 2874 936 2916 ante
966 2880 1112 2916 ταῦτα
1145 2873 1236 2916 edd
1401 2876 1456 2914 22
1496 2870 1782 2926 ἀριστοφάνη
1814 2872 1855 2914 Τ

228 2933 285 2971 23
318 2929 529 2986 βασιλεύς
557 2930 617 2973 Μ
734 2936 789 2974 24
820 2931 945 2986 λήσει
975 2933 1011 2975 Ι
1036 2932 1117 2976 sed
1149 2947 1189 2975 ει
1219 2931 1269 2974 in
1298 2944 1374 2974 ras
1398 2929 1467 2974 ω’·
1528 2929 1640 2988 λήσῃ
1673 2930 1784 2973 Ferr
1806 2930 1909 2972 Mor
