2060 3162
250 137 359 190 234
742 136 971 180 LIBANII
1001 136 1224 181 ORATIO
1256 137 1404 183 xvm

245 278 486 327 1113116661.
504 277 579 324 ΙΙΙ
607 279 659 337 13
695 279 784 338 213
828 279 894 324 23
930 280 978 325 et
1011 277 1363 327 Sozomenus
1398 278 1510 327 hist.
1530 278 1724 326 eccl.VI
1752 282 1777 326 1
1807 281 1856 328 et
1881 281 1928 341 2,

248 370 272 400 6
314 352 491 413 quibus
530 367 621 399 sua
658 351 930 400 hauserunt
976 354 1025 399 et
1061 351 1367 414 Nicephorus
1408 351 1529 400 Gall.
1560 354 1606 400 11.
1639 353 1751 400 eccl.
1782 353 1827 400 X
1860 354 1926 401 36

246 430 296 474 et
329 427 397 473 34
438 430 487 472 et
527 423 844 474 Cassiodorus
883 425 1012 474 Hist.
1044 427 1158 487 trip.
1177 425 1275 473 VH
1300 428 1330 473 2
1372 428 1523 488 atque
1563 429 1734 474 auctor
1763 427 1929 475 Histo-

244 502 347 548 riae
379 499 627 547 miscellae
651 498 722 546 XI
748 500 833 559 24,
862 516 950 561 per
975 515 1098 561 quos
1131 499 1302 561 aliqua
1333 501 1510 548 saltem
1531 500 1729 548 Libanii
1751 501 1930 548 notitia

245 573 407 621 medio
450 589 568 620 aevo
610 573 673 620 ad
710 574 843 622 viros
882 573 1051 622 doctos
1092 574 1359 623 occidentis
1397 576 1546 622 venit.

358 645 530 695 Oratio
569 647 784 709 primum
823 647 957 695 edita
996 650 1070 695 est
1109 663 1138 694 a
1167 647 1420 697 Morello
1450 648 1925 710 t.Hp.260—331

247 715 342 787 (=
374 714 522 787 Mor),
562 720 646 769 sed
684 721 913 770 mendose
946 721 1221 769 admodum.
1291 721 1490 770 Lacuna
1528 738 1589 770 ne
1627 723 1792 784 ipsum
1825 722 1931 784 qui-

246 796 357 843 dem
406 796 559 858 fugit,
611 796 795 858 quippe
848 797 933 857 qui
985 797 1037 842 in
1090 796 1313 859 margine
1358 813 1404 858 p.
1441 797 1546 844 300
1598 796 1929 845 adnotaverit:

245 869 397 918 λείπει
442 867 534 917 οὐκ
580 865 718 934 ὀλίγα
764 872 813 917 613
849 870 949 918 Hie
994 870 1331 918 desiderantur
1376 871 1612 929 quaedam
1658 871 1713 918 ob
1755 869 1932 918 Graeci

251 943 364 992 Cod.
390 944 661 991 Lacusnam.
713 943 904 992 Desunt
927 943 1076 991 verba
1107 936 1259 1002 αὖθις
1281 942 1607 1009 παρεσκεύασε
1630 960 1677 1005 p.
1698 944 1819 1004 576,
1839 945 1867 991 2
1888 943 1932 990 R

246 1033 400 1079 usque
441 1016 503 1064 ad
548 1016 739 1076 τούτοις
783 1024 1058 1081 κρατοῦσαν
1095 1034 1142 1079 p.
1171 1019 1292 1078 585,
1318 1019 1365 1066 2.
1442 1016 1670 1065 Codicem
1716 1019 1802 1080 qui
1838 1018 1931 1065 hac

246 1092 424 1138 lacuna
461 1090 654 1138 laboret
690 1107 789 1139 non
827 1093 964 1151 novi,
1004 1091 1322 1140 nihilominus
1361 1091 1557 1140 Morelli
1593 1091 1932 1139 testimonium

245 1166 297 1212 in
328 1165 654 1227 suspicionem
677 1181 851 1213 vocare
882 1182 980 1213 non
1013 1166 1256 1227 auderem,
1288 1167 1385 1214 nisi
1416 1165 1614 1213 aliunde
1639 1165 1931 1225 didicissem,

247 1241 462 1300 quantae
517 1239 736 1287 levitatis
789 1240 935 1288 homo
997 1233 1212 1306 fuerit.1)
1299 1240 1426 1287 Eum
1480 1255 1580 1287 non
1632 1239 1931 1287 intellexisse

245 1313 395 1360 verba
428 1329 553 1375 quae
587 1330 615 1360 a
647 1330 693 1375 p.
721 1314 822 1361 301
859 1329 1013 1375 usque
1055 1314 1116 1361 ad
1151 1315 1271 1376 304,
1292 1315 1356 1361 27
1391 1313 1595 1375 praebet
1628 1306 1722 1380 (=
1750 1313 1875 1373 608,
1901 1312 1932 1361 9

252 1388 445 1448 —613,
474 1388 543 1442 18>
567 1381 648 1452 R),
689 1403 832 1435 suum
862 1388 1025 1435 locum
1055 1390 1169 1450 post
1206 1403 1263 1435 ea
1295 1403 1420 1450 quae
1452 1390 1724 1449 sequuntur
1753 1386 1933 1434 habere

245 1463 399 1522 patet.
461 1460 534 1508 De
567 1461 729 1509 codice
756 1461 956 1525 Aegidii
986 1462 1191 1523 Noallii,
1230 1478 1255 1510 6
1288 1477 1384 1524 quo
1419 1476 1468 1508 se
1499 1461 1626 1509 hanc
1658 1462 1932 1509 orationem

248 1551 401 1596 aeque
441 1537 590 1597 atque
622 1535 904 1583 Monodiam
934 1535 1119 1583 Iuliani
1149 1535 1383 1598 praebere
1418 1536 1633 1583 testatur
1661 1534 1774 1583 vide
1807 1549 1932 1596 quae

247 1624 397 1671 supra
429 1602 499 1675 (p.
520 1602 649 1675 203)
676 1609 999 1671 exposuimus.
1057 1609 1254 1658 Certum
1278 1611 1352 1657 est
1373 1611 1565 1657 textum
1588 1608 1933 1657 Morellianum

248 1682 310 1729 ad
348 1684 537 1730 nullum
583 1683 736 1731 alium
767 1683 982 1732 codicem
1019 1684 1223 1747 propius
1264 1683 1489 1732 accedere
1530 1699 1679 1745 quam
1717 1682 1780 1730 ad
1811 1682 1932 1730 Bar-

249 1756 475 1804 berinum
514 1750 626 1823 (B).

358 1830 431 1878 De
484 1833 643 1893 pretio
695 1831 926 1880 editionis
981 1831 1160 1879 acriter
1205 1831 1403 1893 quidem
1456 1831 1540 1879 sed
1585 1846 1699 1879 vere
1744 1830 1934 1878 iudicat

248 1903 309 1950 Η.
341 1898 668 1970 Valesius2)
715 1905 768 1952 in
813 1906 943 1952 1111116
987 1906 1207 1953 modum:
1264 1906 1467 1954 Libanu'
1512 1906 1664 1952 oratio
1713 1903 1934 1964 funebris

248 1977 306 2025 de
353 1978 580 2026 laudibus
618 1979 811 2027 Iuh‘ani
857 1981 985 2027 edita
1030 1981 1220 2039 quidem
1268 1982 1336 2027 est
1380 1994 1413 2027 a
1450 1979 1657 2026 Morello
1704 1977 1789 2025 sed
1835 1991 1933 2024 eor-

247 2052 544 2110 ruptissima.
621 2052 753 2099 Nam
804 2056 848 2100 et
891 2055 1259 2112 transpositione
1309 2053 1515 2100 duorum
1564 2052 1933 2111 quaternionum

247 2125 498 2184 insiyniter
528 2125 723 2184 foedata
755 2129 843 2173 est:
874 2130 918 2173 et
941 2129 1196 2186 praeterea
1219 2127 1402 2185 aliquot
1421 2127 1724 2185 payinarum
1754 2124 1933 2172 lacuna

250 2199 450 2246 laborat.
512 2198 606 2246 Sed
635 2213 723 2246 nos
753 2200 913 2258 ipsam
945 2200 1133 2258 quidem
1164 2200 1582 2258 transpositionem
1607 2199 1716 2258 Jam
1737 2197 1933 2257 pridem

249 2273 657 2332 deprehendimus.
733 2272 994 2321 Lacunam
1039 2287 1148 2320 vero
1189 2287 1244 2320 ex
1281 2274 1622 2332 anuseripto
1661 2273 1815 2319 codiee
1853 2271 1933 2318 Io-

249 2347 396 2393 annis
435 2343 592 2394 Alam·
629 2347 969 2406 supplevimus,
1046 2344 1274 2394 Codicem
1320 2345 1518 2393 Altini
1563 2346 1712 2394 fuisse
1751 2344 1932 2392 Parisi-

249 2423 367 2466 num
406 2436 476 2482 gr.
511 2421 651 2468 3016
692 2422 728 2468 13.
754 2419 779 2466 Ι
816 2437 862 2481 p.
891 2420 957 2468 58
1000 2421 1196 2468 conieci.
1275 2419 1370 2467 Sed
1402 2419 1628 2467 Valesius
1669 2418 1801 2481 quod
1839 2418 1934 2465 sibi

249 2496 574 2554 proposuerat
617 2499 676 2540 ut
722 2494 851 2541 hanc
896 2493 1166 2541 orationem
1212 2509 1322 2541 cum
1361 2494 1471 2542 aliis
1518 2493 1763 2556 integram
1800 2492 1932 2539 foras

249 2566 483 2628 mitteret,
522 2583 620 2615 non
660 2570 909 2616 assecutus
950 2570 1035 2614 est.

361 2640 614 2688 Lacunam
666 2641 806 2689 illam
853 2642 974 2689 satis
1012 2641 1186 2688 habuit
1225 2656 1250 2687 e
1290 2656 1376 2688 suo
1425 2641 1602 2688 codicis
1642 2637 1931 2686 Barocciani

250 2713 331 2760 vel
368 2715 536 2775 potius
572 2714 935 2778 Langbainiani
975 2714 1257 2778 apographo
1301 2708 1383 2780 (cf.
1408 2731 1455 2776 p.
1476 2709 1605 2779 226)
1647 2729 1756 2760 cum
1795 2711 1932 2759 vitiis

372 2886 414 2940 1)
447 2883 512 2928 Cf.
542 2884 707 2928 Philol.
734 2884 835 2927 LIX
858 2888 956 2928 403.

371 2945 414 2999 2>
447 2943 569 2986 Socr.
594 2943 702 2988 hist.
729 2943 838 2987 6661.
865 2945 1019 2986 annot.
1053 2943 1103 2986 in
1136 2942 1240 2986 libr.
1266 2945 1370 2987 tert.
1404 2955 1503 2998 cap.
1530 2941 1677 2996 XXIH
1706 2956 1751 2997 p.
1777 2944 1846 2984 44.
