<?xml version="1.0" encoding="UTF-8"?>
<!DOCTYPE html PUBLIC "-//W3C//DTD XHTML 1.0 Transitional//EN"
    "http://www.w3.org/TR/xhtml1/DTD/xhtml1-transitional.dtd">
<html xmlns="http://www.w3.org/1999/xhtml" xml:lang="en" lang="en">
 <head>
  <title>
</title>
<meta http-equiv="Content-Type" content="text/html;charset=utf-8" />
  <meta name='ocr-system' content='tesseract 3.04.00' />
  <meta name='ocr-capabilities' content='ocr_page ocr_carea ocr_par ocr_line ocrx_word'/>
</head>
<body>
  <div class='ocr_page' id='page_1' title='image "./operarecensuitri02libauoft_0372.png"; bbox 0 0 2060 3162; ppageno 0'>
   <div class='ocr_carea' id='block_1_1' title="bbox 232 56 1410 145">
    <p class='ocr_par' dir='ltr' id='par_1_1' title="bbox 232 56 1410 145">
     <span class='ocr_line' id='line_1_1' title="bbox 232 56 1410 145; baseline -0.008 0"><span class='ocrx_word' id='word_1_1' title='bbox 232 92 341 145; x_wconf 80' lang='grc'><strong><em>362</em></strong></span> <span class='ocrx_word' id='word_1_2' title='bbox 492 56 495 59; x_wconf 88' lang='lat'><em>-</em></span> <span class='ocrx_word' id='word_1_3' title='bbox 750 91 977 136; x_wconf 88' lang='lat' dir='ltr'>LIBANII</span> <span class='ocrx_word' id='word_1_4' title='bbox 1008 90 1230 136; x_wconf 86' lang='lat' dir='ltr'><strong>ORATIO</strong></span> <span class='ocrx_word' id='word_1_5' title='bbox 1262 92 1410 136; x_wconf 89' lang='lat' dir='ltr'>XVIII</span> 
     </span>
    </p>
   </div>
   <div class='ocr_carea' id='block_1_2' title="bbox 144 225 1915 1627">
    <p class='ocr_par' dir='ltr' id='par_1_2' title="bbox 343 225 1910 298">
     <span class='ocr_line' id='line_1_2' title="bbox 343 225 1910 298; baseline 0.002 -19"><span class='ocrx_word' id='word_1_6' title='bbox 343 227 465 279; x_wconf 81' lang='lat'><strong>286.</strong></span> <span class='ocrx_word' id='word_1_7' title='bbox 506 228 703 280; x_wconf 81' lang='grc' dir='ltr'><strong><em>Καίτοι</em></strong></span> <span class='ocrx_word' id='word_1_8' title='bbox 741 225 832 281; x_wconf 82' lang='grc' dir='ltr'><strong><em>καὶ</em></strong></span> <span class='ocrx_word' id='word_1_9' title='bbox 870 234 969 280; x_wconf 87' lang='grc' dir='ltr'><strong><em>τοῦ</em></strong></span> <span class='ocrx_word' id='word_1_10' title='bbox 1001 227 1162 296; x_wconf 78' lang='grc' dir='ltr'><strong><em>ἡλίου</em></strong></span> <span class='ocrx_word' id='word_1_11' title='bbox 1202 228 1371 281; x_wconf 79' lang='grc' dir='ltr'><strong><em>ταύτὰ</em></strong></span> <span class='ocrx_word' id='word_1_12' title='bbox 1401 225 1503 298; x_wconf 77' lang='grc' dir='ltr'><strong><em>μὲν</em></strong></span> <span class='ocrx_word' id='word_1_13' title='bbox 1534 225 1615 281; x_wconf 80' lang='grc' dir='ltr'><strong><em>ἔτι</em></strong></span> <span class='ocrx_word' id='word_1_14' title='bbox 1647 229 1910 298; x_wconf 84' lang='grc' dir='ltr'><strong><em>δρῶντος,</em></strong></span> 
     </span>
    </p>

    <p class='ocr_par' dir='ltr' id='par_1_3' title="bbox 231 312 1912 388">
     <span class='ocr_line' id='line_1_3' title="bbox 231 312 1912 388; baseline 0.001 -20"><span class='ocrx_word' id='word_1_15' title='bbox 231 316 332 384; x_wconf 87' lang='grc' dir='ltr'><strong><em>τὴν</em></strong></span> <span class='ocrx_word' id='word_1_16' title='bbox 363 315 536 384; x_wconf 85' lang='grc' dir='ltr'><strong><em>αὐτὴν</em></strong></span> <span class='ocrx_word' id='word_1_17' title='bbox 568 312 629 368; x_wconf 77' lang='grc' dir='ltr'><strong><em>δὲ</em></strong></span> <span class='ocrx_word' id='word_1_18' title='bbox 662 317 841 378; x_wconf 79' lang='grc' dir='ltr'><strong><em>ἰόντος</em></strong></span> <span class='ocrx_word' id='word_1_19' title='bbox 872 315 974 385; x_wconf 89' lang='grc' dir='ltr'><strong><em>οὐχ</em></strong></span> <span class='ocrx_word' id='word_1_20' title='bbox 1009 315 1171 384; x_wconf 85' lang='grc' dir='ltr'><strong><em>ὁμοία</em></strong></span> <span class='ocrx_word' id='word_1_21' title='bbox 1201 324 1317 379; x_wconf 88' lang='grc' dir='ltr'><strong><em>τοῖς</em></strong></span> <span class='ocrx_word' id='word_1_22' title='bbox 1346 319 1648 385; x_wconf 79' lang='grc' dir='ltr'><strong><em>βελτίστοις</em></strong></span> <span class='ocrx_word' id='word_1_23' title='bbox 1677 317 1710 386; x_wconf 80' lang='grc' dir='ltr'><em>ἡ</em></span> <span class='ocrx_word' id='word_1_24' title='bbox 1742 318 1912 388; x_wconf 78' lang='grc' dir='ltr'><strong><em>χάρις.</em></strong></span> 
     </span>
    </p>

    <p class='ocr_par' dir='ltr' id='par_1_4' title="bbox 230 402 1912 562">
     <span class='ocr_line' id='line_1_4' title="bbox 231 402 1912 477; baseline 0.002 -22"><span class='ocrx_word' id='word_1_25' title='bbox 231 403 263 472; x_wconf 81' lang='grc' dir='ltr'>ἡ</span> <span class='ocrx_word' id='word_1_26' title='bbox 304 405 407 474; x_wconf 78' lang='grc' dir='ltr'><strong><em>γὰρ</em></strong></span> <span class='ocrx_word' id='word_1_27' title='bbox 447 402 535 456; x_wconf 81' lang='grc' dir='ltr'><strong><em>ἐπὶ</em></strong></span> <span class='ocrx_word' id='word_1_28' title='bbox 566 405 702 476; x_wconf 73' lang='grc' dir='ltr'><strong><em>τῷδε</em></strong></span> <span class='ocrx_word' id='word_1_29' title='bbox 734 405 875 472; x_wconf 89' lang='grc' dir='ltr'><strong><em>λύπη</em></strong></span> <span class='ocrx_word' id='word_1_30' title='bbox 917 407 1251 477; x_wconf 81' lang='grc' dir='ltr'><strong><em>βαπτίζουσα</em></strong></span> <span class='ocrx_word' id='word_1_31' title='bbox 1281 405 1381 474; x_wconf 81' lang='grc' dir='ltr'><strong><em>μὲν</em></strong></span> <span class='ocrx_word' id='word_1_32' title='bbox 1410 406 1510 474; x_wconf 88' lang='grc' dir='ltr'><strong><em>τὴν</em></strong></span> <span class='ocrx_word' id='word_1_33' title='bbox 1540 407 1740 474; x_wconf 80' lang='grc' dir='ltr'><strong><em>ψυχήν,</em></strong></span> <span class='ocrx_word' id='word_1_34' title='bbox 1780 419 1912 459; x_wconf 92' lang='grc' dir='ltr'><strong><em>συν-</em></strong></span> 
     </span>
     <span class='ocr_line' id='line_1_5' title="bbox 230 488 1912 562; baseline 0.001 -17"><span class='ocrx_word' id='word_1_35' title='bbox 230 495 482 545; x_wconf 86' lang='grc' dir='ltr'><strong><em>θολοῦσα</em></strong></span> <span class='ocrx_word' id='word_1_36' title='bbox 522 488 583 545; x_wconf 74' lang='grc' dir='ltr'><strong><em>δὲ</em></strong></span> <span class='ocrx_word' id='word_1_37' title='bbox 621 493 722 561; x_wconf 87' lang='grc' dir='ltr'><strong><em>τὴν</em></strong></span> <span class='ocrx_word' id='word_1_38' title='bbox 760 494 985 561; x_wconf 81' lang='grc' dir='ltr'><em>γνώμην</em></span> <span class='ocrx_word' id='word_1_39' title='bbox 1023 491 1197 562; x_wconf 77' lang='grc' dir='ltr'><strong><em>ἀχλύν</em></strong></span> <span class='ocrx_word' id='word_1_40' title='bbox 1234 513 1358 547; x_wconf 91' lang='grc' dir='ltr'><strong><em>τινα</em></strong></span> <span class='ocrx_word' id='word_1_41' title='bbox 1395 491 1485 546; x_wconf 88' lang='grc' dir='ltr'><strong><em>καὶ</em></strong></span> <span class='ocrx_word' id='word_1_42' title='bbox 1522 502 1636 556; x_wconf 84' lang='grc' dir='ltr'><strong><em>τοῖς</em></strong></span> <span class='ocrx_word' id='word_1_43' title='bbox 1673 494 1912 561; x_wconf 80' lang='grc' dir='ltr'><strong><em>ὄμμασιν</em></strong></span> 
     </span>
    </p>

    <p class='ocr_par' dir='ltr' id='par_1_5' title="bbox 144 579 1915 1627">
     <span class='ocr_line' id='line_1_6' title="bbox 188 579 1911 652; baseline 0.001 -18"><span class='ocrx_word' id='word_1_44' title='bbox 188 601 207 634; x_wconf 87' lang='lat'><strong>5</strong></span> <span class='ocrx_word' id='word_1_45' title='bbox 233 579 505 651; x_wconf 81' lang='grc' dir='ltr'><em>ἐπιφέρει,</em></span> <span class='ocrx_word' id='word_1_46' title='bbox 559 580 651 634; x_wconf 85' lang='grc' dir='ltr'><strong><em>καὶ</em></strong></span> <span class='ocrx_word' id='word_1_47' title='bbox 696 583 895 651; x_wconf 88' lang='grc' dir='ltr'><strong><em>μικρόν</em></strong></span> <span class='ocrx_word' id='word_1_48' title='bbox 943 602 994 634; x_wconf 93' lang='grc' dir='ltr'><strong><em>τι</em></strong></span> <span class='ocrx_word' id='word_1_49' title='bbox 1049 581 1386 652; x_wconf 80' lang='grc' dir='ltr'><strong><em>διαφέρομεν</em></strong></span> <span class='ocrx_word' id='word_1_50' title='bbox 1431 591 1542 636; x_wconf 82' lang='grc' dir='ltr'><strong><em>τῶν</em></strong></span> <span class='ocrx_word' id='word_1_51' title='bbox 1587 582 1804 647; x_wconf 83' lang='grc' dir='ltr'><strong><em>ζώντων</em></strong></span> <span class='ocrx_word' id='word_1_52' title='bbox 1850 581 1911 636; x_wconf 80' lang='grc' dir='ltr'><strong><em>ἐν</em></strong></span> 
     </span>
     <span class='ocr_line' id='line_1_7' title="bbox 234 662 1913 742; baseline 0.001 -20"><span class='ocrx_word' id='word_1_53' title='bbox 234 671 424 742; x_wconf 77' lang='grc' dir='ltr'><strong><em>σκότῳ.</em></strong></span> <span class='ocrx_word' id='word_1_54' title='bbox 501 662 591 723; x_wconf 85' lang='grc' dir='ltr'><strong><em>οἶα</em></strong></span> <span class='ocrx_word' id='word_1_55' title='bbox 644 671 747 740; x_wconf 78' lang='grc' dir='ltr'><strong><em>γὰρ</em></strong></span> <span class='ocrx_word' id='word_1_56' title='bbox 803 665 971 733; x_wconf 79' lang='grc' dir='ltr'><strong><em>αὖθις</em></strong></span> <span class='ocrx_word' id='word_1_57' title='bbox 1025 668 1319 739; x_wconf 79' lang='grc' dir='ltr'><strong><em>ἐπεισῆλθε</em></strong></span> <span class='ocrx_word' id='word_1_58' title='bbox 1371 678 1434 740; x_wconf 78' lang='grc' dir='ltr'><strong><em>τῇ</em></strong></span> <span class='ocrx_word' id='word_1_59' title='bbox 1488 678 1587 724; x_wconf 89' lang='grc' dir='ltr'><strong><em>τοῦ</em></strong></span> <span class='ocrx_word' id='word_1_60' title='bbox 1647 669 1913 738; x_wconf 86' lang='grc' dir='ltr'><strong><em>βασιλέως</em></strong></span> 
     </span>
     <span class='ocr_line' id='line_1_8' title="bbox 232 756 1911 829; baseline 0.001 -19"><span class='ocrx_word' id='word_1_61' title='bbox 232 766 433 828; x_wconf 78' lang='grc' dir='ltr'><strong><em>σφαγῇ.</em></strong></span> <span class='ocrx_word' id='word_1_62' title='bbox 503 757 694 828; x_wconf 85' lang='grc' dir='ltr'><strong><em>σεμνοὶ</em></strong></span> <span class='ocrx_word' id='word_1_63' title='bbox 733 756 834 825; x_wconf 73' lang='grc' dir='ltr'><strong><em>μὲν</em></strong></span> <span class='ocrx_word' id='word_1_64' title='bbox 871 760 929 812; x_wconf 80' lang='grc' dir='ltr'><strong><em>οἱ</em></strong></span> <span class='ocrx_word' id='word_1_65' title='bbox 955 760 1090 812; x_wconf 78' lang='grc' dir='ltr'><strong><em>κατὰ</em></strong></span> <span class='ocrx_word' id='word_1_66' title='bbox 1129 767 1240 812; x_wconf 83' lang='grc' dir='ltr'><strong><em>τῶν</em></strong></span> <span class='ocrx_word' id='word_1_67' title='bbox 1270 765 1421 812; x_wconf 88' lang='grc' dir='ltr'><strong><em>θεῶν</em></strong></span> <span class='ocrx_word' id='word_1_68' title='bbox 1453 760 1911 829; x_wconf 75' lang='grc' dir='ltr'><strong><em>δημηγοροῦντες,</em></strong></span> 
     </span>
     <span class='ocr_line' id='line_1_9' title="bbox 235 840 1910 918; baseline 0.001 -20"><span class='ocrx_word' id='word_1_69' title='bbox 235 847 398 916; x_wconf 77' lang='grc' dir='ltr'><strong><em>ἱερεῖς</em></strong></span> <span class='ocrx_word' id='word_1_70' title='bbox 437 843 498 899; x_wconf 73' lang='grc' dir='ltr'><strong><em>δὲ</em></strong></span> <span class='ocrx_word' id='word_1_71' title='bbox 535 845 598 900; x_wconf 83' lang='grc' dir='ltr'><strong><em>ἐν</em></strong></span> <span class='ocrx_word' id='word_1_72' title='bbox 637 847 905 910; x_wconf 84' lang='grc' dir='ltr'><strong><em>εὐθύναις</em></strong></span> <span class='ocrx_word' id='word_1_73' title='bbox 935 849 1287 918; x_wconf 85' lang='grc' dir='ltr'><strong><em>παρανόμοις.</em></strong></span> <span class='ocrx_word' id='word_1_74' title='bbox 1354 840 1437 910; x_wconf 85' lang='grc' dir='ltr'><strong><em>οἷς</em></strong></span> <span class='ocrx_word' id='word_1_75' title='bbox 1468 847 1529 900; x_wconf 79' lang='grc' dir='ltr'><strong><em>δὲ</em></strong></span> <span class='ocrx_word' id='word_1_76' title='bbox 1560 846 1910 918; x_wconf 79' lang='grc' dir='ltr'><strong><em>ἐθεραπεύθη</em></strong></span> 
     </span>
     <span class='ocr_line' id='line_1_10' title="bbox 231 935 1911 1006; baseline 0.001 -19"><span class='ocrx_word' id='word_1_77' title='bbox 231 935 292 987; x_wconf 93' lang='grc' dir='ltr'><strong><em>τὸ</em></strong></span> <span class='ocrx_word' id='word_1_78' title='bbox 345 936 636 1002; x_wconf 90' lang='grc' dir='ltr'><strong><em>δαιμόνιον</em></strong></span> <span class='ocrx_word' id='word_1_79' title='bbox 691 937 860 1005; x_wconf 80' lang='grc' dir='ltr'><strong><em>ἱεροῖς</em></strong></span> <span class='ocrx_word' id='word_1_80' title='bbox 905 935 995 989; x_wconf 83' lang='grc' dir='ltr'><strong><em>καὶ</em></strong></span> <span class='ocrx_word' id='word_1_81' title='bbox 1049 935 1082 988; x_wconf 77' lang='grc' dir='ltr'><em>ἃ</em></span> <span class='ocrx_word' id='word_1_82' title='bbox 1127 937 1187 989; x_wconf 91' lang='grc' dir='ltr'><strong><em>τὸ</em></strong></span> <span class='ocrx_word' id='word_1_83' title='bbox 1235 944 1346 1006; x_wconf 85' lang='grc' dir='ltr'><strong><em>πῦρ</em></strong></span> <span class='ocrx_word' id='word_1_84' title='bbox 1395 937 1571 1005; x_wconf 82' lang='grc' dir='ltr'><strong><em>ἔλαβε,</em></strong></span> <span class='ocrx_word' id='word_1_85' title='bbox 1622 937 1833 989; x_wconf 86' lang='grc' dir='ltr'><strong><em>τούτων</em></strong></span> <span class='ocrx_word' id='word_1_86' title='bbox 1878 937 1911 1005; x_wconf 79' lang='grc' dir='ltr'><em>ἡ</em></span> 
     </span>
     <span class='ocr_line' id='line_1_11' title="bbox 165 1021 1911 1094; baseline 0.001 -17"><span class='ocrx_word' id='word_1_87' title='bbox 165 1045 208 1078; x_wconf 83' lang='lat'><strong><em>10</em></strong></span> <span class='ocrx_word' id='word_1_88' title='bbox 231 1024 357 1092; x_wconf 87' lang='grc' dir='ltr'><strong><em>τιμὴ</em></strong></span> <span class='ocrx_word' id='word_1_89' title='bbox 385 1025 615 1092; x_wconf 77' lang='grc' dir='ltr'><strong><em>τίθεται,</em></strong></span> <span class='ocrx_word' id='word_1_90' title='bbox 639 1027 849 1092; x_wconf 81' lang='grc' dir='ltr'><strong><em>μᾶλλον</em></strong></span> <span class='ocrx_word' id='word_1_91' title='bbox 881 1021 941 1077; x_wconf 75' lang='grc' dir='ltr'><strong><em>δὲ</em></strong></span> <span class='ocrx_word' id='word_1_92' title='bbox 974 1024 1002 1077; x_wconf 86' lang='grc' dir='ltr'>ὁ</span> <span class='ocrx_word' id='word_1_93' title='bbox 1035 1024 1135 1094; x_wconf 83' lang='grc' dir='ltr'><strong><em>μὲν</em></strong></span> <span class='ocrx_word' id='word_1_94' title='bbox 1166 1024 1419 1094; x_wconf 83' lang='grc' dir='ltr'><strong><em>εὐπορῶν</em></strong></span> <span class='ocrx_word' id='word_1_95' title='bbox 1443 1029 1669 1077; x_wconf 77' lang='grc' dir='ltr'><strong><em>οἴκοθεν</em></strong></span> <span class='ocrx_word' id='word_1_96' title='bbox 1693 1027 1911 1093; x_wconf 83' lang='grc' dir='ltr'><strong><em>ἔθηκεν,</em></strong></span> 
     </span>
     <span class='ocr_line' id='line_1_12' title="bbox 233 1110 1912 1183; baseline 0.001 -19"><span class='ocrx_word' id='word_1_97' title='bbox 233 1111 261 1165; x_wconf 86' lang='grc' dir='ltr'>ὁ</span> <span class='ocrx_word' id='word_1_98' title='bbox 303 1110 353 1164; x_wconf 82' lang='grc' dir='ltr'><strong><em>δ’</em></strong></span> <span class='ocrx_word' id='word_1_99' title='bbox 385 1113 486 1165; x_wconf 86' lang='grc' dir='ltr'><strong><em>οὐκ</em></strong></span> <span class='ocrx_word' id='word_1_100' title='bbox 533 1113 787 1183; x_wconf 81' lang='grc' dir='ltr'><strong><em>εὐπορῶν</em></strong></span> <span class='ocrx_word' id='word_1_101' title='bbox 833 1111 1018 1176; x_wconf 84' lang='grc' dir='ltr'><strong><em>δεθεὶς</em></strong></span> <span class='ocrx_word' id='word_1_102' title='bbox 1063 1111 1311 1181; x_wconf 86' lang='grc' dir='ltr'><strong><em>τέθνηκε.</em></strong></span> <span class='ocrx_word' id='word_1_103' title='bbox 1387 1113 1509 1167; x_wconf 81' lang='lat'><strong>287.</strong></span> <span class='ocrx_word' id='word_1_104' title='bbox 1563 1122 1706 1166; x_wconf 82' lang='grc' dir='ltr'><strong><em>νεῶν</em></strong></span> <span class='ocrx_word' id='word_1_105' title='bbox 1753 1114 1814 1166; x_wconf 83' lang='grc' dir='ltr'><strong><em>δὲ</em></strong></span> <span class='ocrx_word' id='word_1_106' title='bbox 1859 1113 1912 1166; x_wconf 85' lang='grc' dir='ltr'><strong><em>οἱ</em></strong></span> 
     </span>
     <span class='ocr_line' id='line_1_13' title="bbox 231 1199 1908 1272; baseline 0.001 -19"><span class='ocrx_word' id='word_1_107' title='bbox 231 1200 333 1266; x_wconf 81' lang='grc' dir='ltr'><strong><em>μὲν</em></strong></span> <span class='ocrx_word' id='word_1_108' title='bbox 385 1201 820 1270; x_wconf 78' lang='grc' dir='ltr'><strong><em>κατεσκάφησαν,</em></strong></span> <span class='ocrx_word' id='word_1_109' title='bbox 875 1202 928 1254; x_wconf 89' lang='grc' dir='ltr'><strong><em>οἱ</em></strong></span> <span class='ocrx_word' id='word_1_110' title='bbox 977 1199 1024 1254; x_wconf 91' lang='grc' dir='ltr'><strong><em>δ’</em></strong></span> <span class='ocrx_word' id='word_1_111' title='bbox 1056 1201 1395 1270; x_wconf 83' lang='grc' dir='ltr'><strong><em>ἡμιτέλεστοι</em></strong></span> <span class='ocrx_word' id='word_1_112' title='bbox 1448 1200 1619 1270; x_wconf 81' lang='grc' dir='ltr'><strong><em>γέλως</em></strong></span> <span class='ocrx_word' id='word_1_113' title='bbox 1668 1200 1852 1254; x_wconf 82' lang='grc' dir='ltr'><strong><em>ἑστᾶσι</em></strong></span> <span class='ocrx_word' id='word_1_114' title='bbox 1902 1200 1908 1272; x_wconf 71' lang='grc' dir='ltr'>Ι</span> 
     </span>
     <span class='ocr_line' id='line_1_14' title="bbox 144 1288 1913 1361; baseline -0.002 -16"><span class='ocrx_word' id='word_1_115' title='bbox 144 1301 292 1345; x_wconf 82' lang='lat' dir='ltr'>R620</span> <span class='ocrx_word' id='word_1_116' title='bbox 331 1298 446 1352; x_wconf 89' lang='grc' dir='ltr'><strong><em>τοῖς</em></strong></span> <span class='ocrx_word' id='word_1_117' title='bbox 490 1298 734 1359; x_wconf 79' lang='grc' dir='ltr'><strong><em>μιαροῖς,</em></strong></span> <span class='ocrx_word' id='word_1_118' title='bbox 781 1292 1106 1359; x_wconf 86' lang='grc' dir='ltr'><strong><em>φιλοσόφων</em></strong></span> <span class='ocrx_word' id='word_1_119' title='bbox 1156 1288 1217 1343; x_wconf 75' lang='grc' dir='ltr'><strong><em>δὲ</em></strong></span> <span class='ocrx_word' id='word_1_120' title='bbox 1256 1290 1477 1361; x_wconf 76' lang='grc' dir='ltr'><strong><em>ἀνδρῶν</em></strong></span> <span class='ocrx_word' id='word_1_121' title='bbox 1514 1291 1772 1354; x_wconf 82' lang='grc' dir='ltr'><strong><em>αἰκίζεται</em></strong></span> <span class='ocrx_word' id='word_1_122' title='bbox 1810 1290 1913 1343; x_wconf 81' lang='grc' dir='ltr'><strong><em>σώ-</em></strong></span> 
     </span>
     <span class='ocr_line' id='line_1_15' title="bbox 232 1377 1914 1448; baseline 0.001 -18"><span class='ocrx_word' id='word_1_123' title='bbox 232 1397 398 1446; x_wconf 91' lang='grc' dir='ltr'><strong><em>ματα,</em></strong></span> <span class='ocrx_word' id='word_1_124' title='bbox 445 1377 536 1431; x_wconf 83' lang='grc' dir='ltr'><strong><em>καὶ</em></strong></span> <span class='ocrx_word' id='word_1_125' title='bbox 575 1379 637 1431; x_wconf 92' lang='grc' dir='ltr'><strong><em>τὸ</em></strong></span> <span class='ocrx_word' id='word_1_126' title='bbox 679 1378 961 1448; x_wconf 86' lang='grc' dir='ltr'><strong><em>εἰληφέναι</em></strong></span> <span class='ocrx_word' id='word_1_127' title='bbox 1007 1399 1059 1432; x_wconf 92' lang='grc' dir='ltr'><strong><em>τι</em></strong></span> <span class='ocrx_word' id='word_1_128' title='bbox 1098 1378 1363 1447; x_wconf 85' lang='grc' dir='ltr'><strong><em>βασιλέως</em></strong></span> <span class='ocrx_word' id='word_1_129' title='bbox 1401 1380 1654 1442; x_wconf 80' lang='grc' dir='ltr'><strong><em>διδόντος</em></strong></span> <span class='ocrx_word' id='word_1_130' title='bbox 1693 1380 1914 1447; x_wconf 80' lang='grc' dir='ltr'><strong><em>ὄφλημα</em></strong></span> 
     </span>
     <span class='ocr_line' id='line_1_16' title="bbox 166 1465 1915 1537; baseline -0.001 -17"><span class='ocrx_word' id='word_1_131' title='bbox 166 1486 208 1520; x_wconf 87' lang='lat'><strong><em>15</em></strong></span> <span class='ocrx_word' id='word_1_132' title='bbox 233 1465 425 1534; x_wconf 77' lang='grc' dir='ltr'><strong><em>γέγονε</em></strong></span> <span class='ocrx_word' id='word_1_133' title='bbox 470 1466 562 1519; x_wconf 81' lang='grc' dir='ltr'><strong><em>καὶ</em></strong></span> <span class='ocrx_word' id='word_1_134' title='bbox 601 1470 895 1537; x_wconf 89' lang='grc' dir='ltr'><strong><em>πρόσεστιν</em></strong></span> <span class='ocrx_word' id='word_1_135' title='bbox 933 1469 1079 1521; x_wconf 86' lang='grc' dir='ltr'><strong><em>αἰτία</em></strong></span> <span class='ocrx_word' id='word_1_136' title='bbox 1118 1471 1322 1535; x_wconf 81' lang='grc' dir='ltr'><strong><em>κλοπῆς</em></strong></span> <span class='ocrx_word' id='word_1_137' title='bbox 1366 1465 1457 1520; x_wconf 77' lang='grc' dir='ltr'><strong><em>καὶ</em></strong></span> <span class='ocrx_word' id='word_1_138' title='bbox 1505 1468 1589 1520; x_wconf 91' lang='grc' dir='ltr'><strong><em>δεῖ</em></strong></span> <span class='ocrx_word' id='word_1_139' title='bbox 1633 1486 1915 1535; x_wconf 76' lang='grc' dir='ltr'><strong><em>γεγυμνω-</em></strong></span> 
     </span>
     <span class='ocr_line' id='line_1_17' title="bbox 234 1554 1914 1627; baseline -0.001 -19"><span class='ocrx_word' id='word_1_140' title='bbox 234 1554 403 1624; x_wconf 90' lang='grc' dir='ltr'><strong><em>μένον</em></strong></span> <span class='ocrx_word' id='word_1_141' title='bbox 448 1554 619 1624; x_wconf 81' lang='grc' dir='ltr'><strong><em>μέσου</em></strong></span> <span class='ocrx_word' id='word_1_142' title='bbox 659 1555 864 1627; x_wconf 81' lang='grc' dir='ltr'><strong><em>θέρους</em></strong></span> <span class='ocrx_word' id='word_1_143' title='bbox 903 1555 964 1609; x_wconf 77' lang='grc' dir='ltr'><strong><em>ἐν</em></strong></span> <span class='ocrx_word' id='word_1_144' title='bbox 1002 1557 1308 1627; x_wconf 80' lang='grc' dir='ltr'><strong><em>μεσημβρίᾳ</em></strong></span> <span class='ocrx_word' id='word_1_145' title='bbox 1352 1565 1470 1619; x_wconf 93' lang='grc' dir='ltr'><strong><em>ταῖς</em></strong></span> <span class='ocrx_word' id='word_1_146' title='bbox 1517 1555 1694 1608; x_wconf 81' lang='grc' dir='ltr'><strong><em>ἀκτῖσι</em></strong></span> <span class='ocrx_word' id='word_1_147' title='bbox 1739 1556 1914 1619; x_wconf 82' lang='grc' dir='ltr'><strong><em>πιεζό-</em></strong></span> 
     </span>
    </p>
   </div>
   <div class='ocr_carea' id='block_1_3' title="bbox 237 1674 589 1680">
    <p class='ocr_par' dir='ltr' id='par_1_6' title="bbox 237 1674 589 1680">
     <span class='ocr_line' id='line_1_18' title="bbox 237 1674 589 1680; baseline 0 0"><span class='ocrx_word' id='word_1_148' title='bbox 237 1674 589 1680; x_wconf 95' lang='lat' dir='ltr'><strong><em> </em></strong></span> 
     </span>
    </p>
   </div>
   <div class='ocr_carea' id='block_1_4' title="bbox 355 1730 1834 1803">
    <p class='ocr_par' dir='ltr' id='par_1_7' title="bbox 355 1730 1834 1803">
     <span class='ocr_line' id='line_1_19' title="bbox 355 1730 1834 1803; baseline -0.001 -16"><span class='ocrx_word' id='word_1_149' title='bbox 355 1749 409 1788; x_wconf 86' lang='grc'><strong><em>13</em></strong></span> <span class='ocrx_word' id='word_1_150' title='bbox 439 1744 555 1789; x_wconf 87' lang='lat' dir='ltr'><strong>Eun.</strong></span> <span class='ocrx_word' id='word_1_151' title='bbox 580 1745 660 1789; x_wconf 76' lang='lat' dir='ltr'>vit.</span> <span class='ocrx_word' id='word_1_152' title='bbox 686 1746 814 1803; x_wconf 82' lang='lat' dir='ltr'>soph.</span> <span class='ocrx_word' id='word_1_153' title='bbox 849 1730 1074 1803; x_wconf 62' lang='lat' dir='ltr'>(Maximi)</span> <span class='ocrx_word' id='word_1_154' title='bbox 1105 1750 1224 1802; x_wconf 61' lang='grc'>1159</span> <span class='ocrx_word' id='word_1_155' title='bbox 1248 1745 1393 1790; x_wconf 83' lang='lat' dir='ltr'>Boiss.</span> <span class='ocrx_word' id='word_1_156' title='bbox 1428 1744 1484 1790; x_wconf 86' lang='lat' dir='ltr'><strong><em>cf.</em></strong></span> <span class='ocrx_word' id='word_1_157' title='bbox 1511 1757 1649 1801; x_wconf 80' lang='lat' dir='ltr'>supra</span> <span class='ocrx_word' id='word_1_158' title='bbox 1679 1760 1723 1801; x_wconf 90' lang='lat' dir='ltr'><strong><em>p.</em></strong></span> <span class='ocrx_word' id='word_1_159' title='bbox 1749 1748 1834 1787; x_wconf 83' lang='lat'><strong><em>223</em></strong></span> 
     </span>
    </p>
   </div>
   <div class='ocr_carea' id='block_1_5' title="bbox 238 1853 590 1859">
    <p class='ocr_par' dir='ltr' id='par_1_8' title="bbox 238 1853 590 1859">
     <span class='ocr_line' id='line_1_20' title="bbox 238 1853 590 1859; baseline 0 0"><span class='ocrx_word' id='word_1_160' title='bbox 238 1853 590 1859; x_wconf 95' lang='lat' dir='ltr'><strong><em> </em></strong></span> 
     </span>
    </p>
   </div>
   <div class='ocr_carea' id='block_1_6' title="bbox 239 1921 1913 2036">
    <p class='ocr_par' dir='ltr' id='par_1_9' title="bbox 239 1921 1913 2036">
     <span class='ocr_line' id='line_1_21' title="bbox 356 1921 1913 2026; baseline -0.001 -60"><span class='ocrx_word' id='word_1_161' title='bbox 356 1927 409 2026; x_wconf 54' lang='grc' dir='ltr'><strong><em>1ιᾷ</em></strong></span> <span class='ocrx_word' id='word_1_162' title='bbox 458 1922 602 1973; x_wconf 84' lang='grc' dir='ltr'><strong><em>ὄντως</em></strong></span> <span class='ocrx_word' id='word_1_163' title='bbox 644 1921 878 1979; x_wconf 74' lang='grc' dir='ltr'><strong><em>ἐξάγιστος</em></strong></span> <span class='ocrx_word' id='word_1_164' title='bbox 921 1924 975 1967; x_wconf 80' lang='grc' dir='ltr'><strong><em>σὺ</em></strong></span> <span class='ocrx_word' id='word_1_165' title='bbox 1018 1923 1096 1967; x_wconf 86' lang='grc' dir='ltr'><strong><em>καὶ</em></strong></span> <span class='ocrx_word' id='word_1_166' title='bbox 1142 1923 1427 1978; x_wconf 82' lang='grc' dir='ltr'><strong><em>μιαρώτατος</em></strong></span> <span class='ocrx_word' id='word_1_167' title='bbox 1466 1929 1659 1966; x_wconf 88' lang='grc' dir='ltr'><strong><em>τοιαῦτα</em></strong></span> <span class='ocrx_word' id='word_1_168' title='bbox 1706 1922 1913 1977; x_wconf 85' lang='grc' dir='ltr'><strong><em>παραλη-</em></strong></span> 
     </span>
     <span class='ocr_line' id='line_1_22' title="bbox 239 1987 427 2036; baseline 0 -12"><span class='ocrx_word' id='word_1_169' title='bbox 239 1987 330 2036; x_wconf 88' lang='grc' dir='ltr'><strong><em>ρῶν</em></strong></span> <span class='ocrx_word' id='word_1_170' title='bbox 410 1988 427 2006; x_wconf 67' lang='lat' dir='ltr'>r</span> 
     </span>
    </p>
   </div>
   <div class='ocr_carea' id='block_1_7' title="bbox 235 2073 588 2081">
    <p class='ocr_par' dir='ltr' id='par_1_10' title="bbox 235 2073 588 2081">
     <span class='ocr_line' id='line_1_23' title="bbox 235 2073 588 2081; baseline 0 0"><span class='ocrx_word' id='word_1_171' title='bbox 235 2073 588 2081; x_wconf 95' lang='lat' dir='ltr'><strong><em> </em></strong></span> 
     </span>
    </p>
   </div>
   <div class='ocr_carea' id='block_1_8' title="bbox 235 2140 1913 2950">
    <p class='ocr_par' dir='ltr' id='par_1_11' title="bbox 235 2140 1913 2950">
     <span class='ocr_line' id='line_1_24' title="bbox 357 2140 1912 2224; baseline -0.001 -38"><span class='ocrx_word' id='word_1_172' title='bbox 357 2148 379 2186; x_wconf 89' lang='lat'>1</span> <span class='ocrx_word' id='word_1_173' title='bbox 426 2142 573 2187; x_wconf 75' lang='grc' dir='ltr'><strong><em>ταυτα</em></strong></span> <span class='ocrx_word' id='word_1_174' title='bbox 604 2143 638 2186; x_wconf 89' lang='grc' dir='ltr'><em>Ι</em></span> <span class='ocrx_word' id='word_1_175' title='bbox 678 2143 759 2186; x_wconf 84' lang='lat' dir='ltr'><strong><em>sed</em></strong></span> <span class='ocrx_word' id='word_1_176' title='bbox 800 2156 939 2199; x_wconf 84' lang='lat' dir='ltr'>supra</span> <span class='ocrx_word' id='word_1_177' title='bbox 969 2159 997 2185; x_wconf 93' lang='grc' dir='ltr'><strong><em>υ</em></strong></span> <span class='ocrx_word' id='word_1_178' title='bbox 1028 2156 1102 2186; x_wconf 81' lang='lat' dir='ltr'><strong><em>ras</em></strong></span> <span class='ocrx_word' id='word_1_179' title='bbox 1193 2149 1339 2186; x_wconf 82' lang='grc' dir='ltr'><strong><em>ταῦτα</em></strong></span> <span class='ocrx_word' id='word_1_180' title='bbox 1377 2141 1426 2185; x_wconf 90' lang='lat' dir='ltr'><strong><em>in</em></strong></span> <span class='ocrx_word' id='word_1_181' title='bbox 1464 2141 1610 2185; x_wconf 82' lang='grc' dir='ltr'><strong><em>ταῦτὰ</em></strong></span> <span class='ocrx_word' id='word_1_182' title='bbox 1649 2155 1749 2185; x_wconf 85' lang='lat' dir='ltr'>corr</span> <span class='ocrx_word' id='word_1_183' title='bbox 1782 2142 1843 2185; x_wconf 89' lang='grc' dir='ltr'><strong>Μ</strong></span> <span class='ocrx_word' id='word_1_184' title='bbox 1851 2140 1912 2224; x_wconf 46' lang='lat'><strong><em>⁸2</em></strong></span> 
     </span>
     <span class='ocr_line' id='line_1_25' title="bbox 238 2200 1891 2258; baseline -0.004 -10"><span class='ocrx_word' id='word_1_185' title='bbox 238 2203 302 2248; x_wconf 82' lang='grc' dir='ltr'><strong><em>ἔτι</em></strong></span> <span class='ocrx_word' id='word_1_186' title='bbox 333 2204 457 2246; x_wconf 81' lang='lat' dir='ltr'>inser</span> <span class='ocrx_word' id='word_1_187' title='bbox 481 2204 513 2244; x_wconf 90' lang='lat' dir='ltr'><strong><em>I</em></strong></span> <span class='ocrx_word' id='word_1_188' title='bbox 521 2201 537 2226; x_wconf 83' lang='lat'><strong>²</strong></span> <span class='ocrx_word' id='word_1_189' title='bbox 586 2203 591 2257; x_wconf 87' lang='grc' dir='ltr'>Ι</span> <span class='ocrx_word' id='word_1_190' title='bbox 643 2202 707 2246; x_wconf 78' lang='grc' dir='ltr'><strong><em>ἔτι</em></strong></span> <span class='ocrx_word' id='word_1_191' title='bbox 740 2201 957 2258; x_wconf 84' lang='grc' dir='ltr'><strong><em>δρῶντος]</em></strong></span> <span class='ocrx_word' id='word_1_192' title='bbox 993 2201 1273 2256; x_wconf 84' lang='grc' dir='ltr'><strong><em>ἐπιδρῶντος</em></strong></span> <span class='ocrx_word' id='word_1_193' title='bbox 1305 2203 1366 2245; x_wconf 88' lang='lat' dir='ltr'><em>M</em></span> <span class='ocrx_word' id='word_1_194' title='bbox 1392 2200 1474 2244; x_wconf 79' lang='lat' dir='ltr'><strong>sed.</strong></span> <span class='ocrx_word' id='word_1_195' title='bbox 1506 2200 1570 2245; x_wconf 78' lang='grc' dir='ltr'><strong><em>ἔτι</em></strong></span> <span class='ocrx_word' id='word_1_196' title='bbox 1600 2200 1649 2243; x_wconf 81' lang='lat' dir='ltr'><strong><em>in</em></strong></span> <span class='ocrx_word' id='word_1_197' title='bbox 1681 2213 1813 2256; x_wconf 85' lang='lat' dir='ltr'>marg</span> <span class='ocrx_word' id='word_1_198' title='bbox 1843 2214 1891 2242; x_wconf 89' lang='lat' dir='ltr'><strong>m</strong></span> 
     </span>
     <span class='ocr_line' id='line_1_26' title="bbox 296 2258 1912 2316; baseline -0.002 -11"><span class='ocrx_word' id='word_1_199' title='bbox 296 2267 320 2305; x_wconf 83' lang='lat'>2</span> <span class='ocrx_word' id='word_1_200' title='bbox 354 2259 398 2306; x_wconf 85' lang='grc' dir='ltr'><strong><em>δ’</em></strong></span> <span class='ocrx_word' id='word_1_201' title='bbox 429 2261 497 2306; x_wconf 81' lang='lat' dir='ltr'><strong><em>Re</em></strong></span> <span class='ocrx_word' id='word_1_202' title='bbox 675 2266 702 2303; x_wconf 87' lang='lat'>4</span> <span class='ocrx_word' id='word_1_203' title='bbox 733 2267 830 2311; x_wconf 89' lang='grc' dir='ltr'><strong><em>τοῖς</em></strong></span> <span class='ocrx_word' id='word_1_204' title='bbox 862 2259 1060 2316; x_wconf 84' lang='grc' dir='ltr'><strong><em>ὄμμασιν</em></strong></span> <span class='ocrx_word' id='word_1_205' title='bbox 1092 2262 1124 2303; x_wconf 93' lang='grc' dir='ltr'><em>Ι</em></span> <span class='ocrx_word' id='word_1_206' title='bbox 1150 2260 1232 2304; x_wconf 81' lang='lat' dir='ltr'><strong>sed.</strong></span> <span class='ocrx_word' id='word_1_207' title='bbox 1263 2276 1333 2316; x_wconf 80' lang='grc' dir='ltr'><strong><em>ρις</em></strong></span> <span class='ocrx_word' id='word_1_208' title='bbox 1365 2259 1422 2315; x_wconf 87' lang='grc' dir='ltr'><strong><em>ὀμ</em></strong></span> <span class='ocrx_word' id='word_1_209' title='bbox 1453 2259 1502 2302; x_wconf 83' lang='lat' dir='ltr'><strong><em>in</em></strong></span> <span class='ocrx_word' id='word_1_210' title='bbox 1526 2272 1601 2302; x_wconf 78' lang='lat' dir='ltr'><strong><em>ras</em></strong></span> <span class='ocrx_word' id='word_1_211' title='bbox 1624 2258 1707 2313; x_wconf 72' lang='lat' dir='ltr'><strong><em>m&#39;,</em></strong></span> <span class='ocrx_word' id='word_1_212' title='bbox 1742 2261 1804 2303; x_wconf 89' lang='lat' dir='ltr'><em>M</em></span> <span class='ocrx_word' id='word_1_213' title='bbox 1830 2259 1912 2302; x_wconf 82' lang='lat' dir='ltr'><strong><em>sed</em></strong></span> 
     </span>
     <span class='ocr_line' id='line_1_27' title="bbox 235 2315 1913 2394; baseline -0.002 -30"><span class='ocrx_word' id='word_1_214' title='bbox 235 2321 285 2364; x_wconf 90' lang='lat' dir='ltr'><strong><em>in</em></strong></span> <span class='ocrx_word' id='word_1_215' title='bbox 315 2333 448 2377; x_wconf 84' lang='lat' dir='ltr'><strong>marg</strong></span> <span class='ocrx_word' id='word_1_216' title='bbox 479 2315 571 2379; x_wconf 81' lang='grc' dir='ltr'><strong><em>εἶχε</em></strong></span> <span class='ocrx_word' id='word_1_217' title='bbox 602 2320 806 2375; x_wconf 80' lang='grc' dir='ltr'><strong><em>σώμασιν</em></strong></span> <span class='ocrx_word' id='word_1_218' title='bbox 868 2320 1070 2394; x_wconf 69' lang='grc' dir='ltr'><strong><em>σώμασιν</em></strong></span> <span class='ocrx_word' id='word_1_219' title='bbox 1096 2320 1188 2363; x_wconf 89' lang='grc' dir='ltr'><strong><em>ΒΡ</em></strong></span> <span class='ocrx_word' id='word_1_220' title='bbox 1290 2323 1315 2361; x_wconf 84' lang='grc'>5</span> <span class='ocrx_word' id='word_1_221' title='bbox 1340 2325 1427 2362; x_wconf 80' lang='grc' dir='ltr'><strong><em>νῦν</em></strong></span> <span class='ocrx_word' id='word_1_222' title='bbox 1452 2320 1560 2362; x_wconf 64' lang='lat' dir='ltr'>antae</span> <span class='ocrx_word' id='word_1_223' title='bbox 1593 2318 1642 2362; x_wconf 83' lang='grc' dir='ltr'><strong><em>ἐν</em></strong></span> <span class='ocrx_word' id='word_1_224' title='bbox 1666 2318 1768 2361; x_wconf 92' lang='lat' dir='ltr'><strong><em>Mor</em></strong></span> <span class='ocrx_word' id='word_1_225' title='bbox 1790 2318 1913 2361; x_wconf 80' lang='lat' dir='ltr'>Fabr</span> 
     </span>
     <span class='ocr_line' id='line_1_28' title="bbox 237 2380 1911 2479; baseline -0.002 -13"><span class='ocrx_word' id='word_1_226' title='bbox 237 2423 362 2479; x_wconf 88' lang='lat' dir='ltr'><strong>quod</strong></span> <span class='ocrx_word' id='word_1_227' title='bbox 394 2422 669 2468; x_wconf 75' lang='lat' dir='ltr'>cancellavit</span> <span class='ocrx_word' id='word_1_228' title='bbox 698 2422 766 2466; x_wconf 79' lang='lat' dir='ltr'><strong><em>Re</em></strong></span> <span class='ocrx_word' id='word_1_229' title='bbox 886 2427 911 2465; x_wconf 87' lang='lat'><strong>6</strong></span> <span class='ocrx_word' id='word_1_230' title='bbox 945 2380 1090 2472; x_wconf 50' lang='lat'><strong><em>{⁴323}</em></strong></span> <span class='ocrx_word' id='word_1_231' title='bbox 1122 2424 1169 2469; x_wconf 88' lang='grc' dir='ltr'><strong><em>Ρ,</em></strong></span> <span class='ocrx_word' id='word_1_232' title='bbox 1291 2425 1316 2466; x_wconf 90' lang='grc'>8</span> <span class='ocrx_word' id='word_1_233' title='bbox 1349 2420 1485 2477; x_wconf 82' lang='grc' dir='ltr'><strong><em>ἱερεῖς</em></strong></span> <span class='ocrx_word' id='word_1_234' title='bbox 1514 2422 1549 2464; x_wconf 93' lang='grc' dir='ltr'><em>Ι</em></span> <span class='ocrx_word' id='word_1_235' title='bbox 1574 2420 1655 2464; x_wconf 81' lang='lat' dir='ltr'><strong><em>sed</em></strong></span> <span class='ocrx_word' id='word_1_236' title='bbox 1687 2437 1727 2465; x_wconf 86' lang='grc' dir='ltr'><strong><em>ει</em></strong></span> <span class='ocrx_word' id='word_1_237' title='bbox 1757 2420 1807 2463; x_wconf 88' lang='lat' dir='ltr'><strong><em>in</em></strong></span> <span class='ocrx_word' id='word_1_238' title='bbox 1835 2433 1911 2463; x_wconf 80' lang='lat' dir='ltr'><strong><em>ras</em></strong></span> 
     </span>
     <span class='ocr_line' id='line_1_29' title="bbox 237 2478 1911 2537; baseline -0.002 -12"><span class='ocrx_word' id='word_1_239' title='bbox 237 2481 306 2525; x_wconf 80' lang='lat' dir='ltr'><strong><em>m²</em></strong></span> <span class='ocrx_word' id='word_1_240' title='bbox 367 2481 507 2536; x_wconf 84' lang='grc' dir='ltr'><strong><em>ἱεροῖς</em></strong></span> <span class='ocrx_word' id='word_1_241' title='bbox 525 2484 608 2527; x_wconf 89' lang='grc' dir='ltr'><strong><em>Μο</em></strong></span> <span class='ocrx_word' id='word_1_242' title='bbox 633 2481 688 2525; x_wconf 88' lang='lat' dir='ltr'><strong><em>cf.</em></strong></span> <span class='ocrx_word' id='word_1_243' title='bbox 707 2482 807 2525; x_wconf 74' lang='lat' dir='ltr'>Act.</span> <span class='ocrx_word' id='word_1_244' title='bbox 826 2481 1089 2526; x_wconf 80' lang='lat' dir='ltr'>Erud.1721</span> <span class='ocrx_word' id='word_1_245' title='bbox 1115 2496 1159 2537; x_wconf 90' lang='lat' dir='ltr'><strong><em>p.</em></strong></span> <span class='ocrx_word' id='word_1_246' title='bbox 1180 2485 1263 2524; x_wconf 81' lang='lat'><strong><em>269</em></strong></span> <span class='ocrx_word' id='word_1_247' title='bbox 1275 2494 1342 2535; x_wconf 86' lang='lat' dir='ltr'><strong><em>sq.</em></strong></span> <span class='ocrx_word' id='word_1_248' title='bbox 1372 2483 1377 2537; x_wconf 82' lang='grc' dir='ltr'>Ι</span> <span class='ocrx_word' id='word_1_249' title='bbox 1405 2478 1450 2524; x_wconf 79' lang='grc' dir='ltr'><strong><em>δ’</em></strong></span> <span class='ocrx_word' id='word_1_250' title='bbox 1468 2480 1540 2523; x_wconf 81' lang='lat' dir='ltr'><strong><em>bis</em></strong></span> <span class='ocrx_word' id='word_1_251' title='bbox 1558 2480 1625 2523; x_wconf 86' lang='lat' dir='ltr'><strong><em>Re</em></strong></span> <span class='ocrx_word' id='word_1_252' title='bbox 1738 2483 1763 2522; x_wconf 88' lang='lat'><strong>9</strong></span> <span class='ocrx_word' id='word_1_253' title='bbox 1789 2493 1911 2534; x_wconf 83' lang='lat' dir='ltr'><em>„ma-</em></span> 
     </span>
     <span class='ocr_line' id='line_1_30' title="bbox 237 2536 1912 2598; baseline -0.003 -14"><span class='ocrx_word' id='word_1_254' title='bbox 237 2542 313 2584; x_wconf 81' lang='lat' dir='ltr'><strong><em>lim</em></strong></span> <span class='ocrx_word' id='word_1_255' title='bbox 348 2539 557 2596; x_wconf 86' lang='grc' dir='ltr'><strong><em>ἱερείοις“</em></strong></span> <span class='ocrx_word' id='word_1_256' title='bbox 581 2540 648 2584; x_wconf 84' lang='lat' dir='ltr'><strong><em>Re</em></strong></span> <span class='ocrx_word' id='word_1_257' title='bbox 676 2542 683 2597; x_wconf 92' lang='grc' dir='ltr'>Ι</span> <span class='ocrx_word' id='word_1_258' title='bbox 711 2540 871 2598; x_wconf 81' lang='grc' dir='ltr'><strong><em>ἔλαβεν</em></strong></span> <span class='ocrx_word' id='word_1_259' title='bbox 897 2542 970 2585; x_wconf 91' lang='lat' dir='ltr'><strong><em>La</em></strong></span> <span class='ocrx_word' id='word_1_260' title='bbox 1106 2544 1157 2583; x_wconf 91' lang='lat'><strong><em>11</em></strong></span> <span class='ocrx_word' id='word_1_261' title='bbox 1191 2538 1418 2596; x_wconf 82' lang='grc' dir='ltr'><strong><em>τέθνηκεν</em></strong></span> <span class='ocrx_word' id='word_1_262' title='bbox 1450 2541 1525 2584; x_wconf 87' lang='lat' dir='ltr'><strong><em>La</em></strong></span> <span class='ocrx_word' id='word_1_263' title='bbox 1595 2536 1775 2583; x_wconf 85' lang='grc' dir='ltr'><strong><em>τέθεικε</em></strong></span> <span class='ocrx_word' id='word_1_264' title='bbox 1807 2536 1912 2581; x_wconf 84' lang='lat' dir='ltr'>coni</span> 
     </span>
     <span class='ocr_line' id='line_1_31' title="bbox 237 2595 1852 2656; baseline -0.002 -14"><span class='ocrx_word' id='word_1_265' title='bbox 237 2600 305 2642; x_wconf 83' lang='lat' dir='ltr'><strong><em>Re</em></strong></span> <span class='ocrx_word' id='word_1_266' title='bbox 366 2614 477 2642; x_wconf 89' lang='lat' dir='ltr'><strong><em>num</em></strong></span> <span class='ocrx_word' id='word_1_267' title='bbox 509 2600 678 2655; x_wconf 69' lang='grc' dir='ltr'><strong><em>ἔθηκεῗ</em></strong></span> <span class='ocrx_word' id='word_1_268' title='bbox 707 2601 712 2656; x_wconf 93' lang='grc' dir='ltr'>Ι</span> <span class='ocrx_word' id='word_1_269' title='bbox 740 2599 827 2644; x_wconf 85' lang='grc' dir='ltr'><strong><em>νεὼ</em></strong></span> <span class='ocrx_word' id='word_1_270' title='bbox 852 2600 897 2643; x_wconf 91' lang='grc' dir='ltr'><strong><em>Ρ</em></strong></span> <span class='ocrx_word' id='word_1_271' title='bbox 925 2600 1005 2643; x_wconf 83' lang='lat' dir='ltr'><strong><em>sed</em></strong></span> <span class='ocrx_word' id='word_1_272' title='bbox 1030 2601 1137 2656; x_wconf 72' lang='lat' dir='ltr'>post.</span> <span class='ocrx_word' id='word_1_273' title='bbox 1160 2617 1194 2642; x_wconf 90' lang='grc' dir='ltr'><strong><em>ω</em></strong></span> <span class='ocrx_word' id='word_1_274' title='bbox 1226 2612 1300 2642; x_wconf 79' lang='lat' dir='ltr'><strong><em>ras</em></strong></span> <span class='ocrx_word' id='word_1_275' title='bbox 1328 2603 1350 2641; x_wconf 94' lang='lat'>1</span> <span class='ocrx_word' id='word_1_276' title='bbox 1376 2598 1455 2641; x_wconf 73' lang='lat' dir='ltr'><strong>litt</strong></span> <span class='ocrx_word' id='word_1_277' title='bbox 1487 2599 1533 2641; x_wconf 74' lang='lat' dir='ltr'><strong><em>et</em></strong></span> <span class='ocrx_word' id='word_1_278' title='bbox 1555 2596 1564 2611; x_wconf 81' lang='grc'><em>“</em></span> <span class='ocrx_word' id='word_1_279' title='bbox 1597 2597 1646 2640; x_wconf 87' lang='lat' dir='ltr'><strong><em>in</em></strong></span> <span class='ocrx_word' id='word_1_280' title='bbox 1676 2610 1751 2640; x_wconf 82' lang='lat' dir='ltr'><strong><em>ras</em></strong></span> <span class='ocrx_word' id='word_1_281' title='bbox 1782 2595 1852 2638; x_wconf 79' lang='lat' dir='ltr'><strong><em>m³</em></strong></span> 
     </span>
     <span class='ocr_line' id='line_1_32' title="bbox 241 2655 1912 2715; baseline -0.002 -14"><span class='ocrx_word' id='word_1_282' title='bbox 241 2662 293 2701; x_wconf 80' lang='lat'><strong><em>12</em></strong></span> <span class='ocrx_word' id='word_1_283' title='bbox 328 2657 380 2701; x_wconf 85' lang='grc' dir='ltr'><strong><em>οῖ’</em></strong></span> <span class='ocrx_word' id='word_1_284' title='bbox 397 2659 498 2703; x_wconf 91' lang='lat' dir='ltr'><strong><em>BV</em></strong></span> <span class='ocrx_word' id='word_1_285' title='bbox 525 2662 529 2713; x_wconf 82' lang='grc' dir='ltr'>Ι</span> <span class='ocrx_word' id='word_1_286' title='bbox 558 2658 608 2702; x_wconf 82' lang='grc' dir='ltr'><strong><em>δὲ</em></strong></span> <span class='ocrx_word' id='word_1_287' title='bbox 640 2659 709 2702; x_wconf 82' lang='lat' dir='ltr'><strong><em>Re</em></strong></span> <span class='ocrx_word' id='word_1_288' title='bbox 751 2661 756 2715; x_wconf 90' lang='grc' dir='ltr'>Ι</span> <span class='ocrx_word' id='word_1_289' title='bbox 800 2657 948 2701; x_wconf 82' lang='grc' dir='ltr'><strong><em>ἱστᾶσι</em></strong></span> <span class='ocrx_word' id='word_1_290' title='bbox 980 2659 1054 2703; x_wconf 88' lang='lat' dir='ltr'><strong><em>La</em></strong></span> <span class='ocrx_word' id='word_1_291' title='bbox 1183 2661 1236 2701; x_wconf 85' lang='lat'><strong><em>13</em></strong></span> <span class='ocrx_word' id='word_1_292' title='bbox 1269 2675 1322 2713; x_wconf 77' lang='grc' dir='ltr'><strong><em>γρ</em></strong></span> <span class='ocrx_word' id='word_1_293' title='bbox 1355 2661 1650 2711; x_wconf 86' lang='grc' dir='ltr'><strong><em>Χριστιανοῖς</em></strong></span> <span class='ocrx_word' id='word_1_294' title='bbox 1683 2655 1740 2700; x_wconf 74' lang='lat'><strong><em>(1⁶</em></strong></span> <span class='ocrx_word' id='word_1_295' title='bbox 1773 2668 1912 2710; x_wconf 81' lang='lat' dir='ltr'><strong>supra</strong></span> 
     </span>
     <span class='ocr_line' id='line_1_33' title="bbox 238 2715 1911 2773; baseline -0.001 -14"><span class='ocrx_word' id='word_1_296' title='bbox 238 2723 421 2773; x_wconf 84' lang='grc' dir='ltr'><strong><em>μιαροῖς</em></strong></span> <span class='ocrx_word' id='word_1_297' title='bbox 450 2719 498 2760; x_wconf 75' lang='lat' dir='ltr'><strong><em>et</em></strong></span> <span class='ocrx_word' id='word_1_298' title='bbox 527 2717 577 2761; x_wconf 86' lang='lat' dir='ltr'><strong><em>in</em></strong></span> <span class='ocrx_word' id='word_1_299' title='bbox 607 2731 741 2773; x_wconf 83' lang='lat' dir='ltr'>marg</span> <span class='ocrx_word' id='word_1_300' title='bbox 773 2719 877 2771; x_wconf 82' lang='lat' dir='ltr'><strong><em>Mo,</em></strong></span> <span class='ocrx_word' id='word_1_301' title='bbox 913 2717 1014 2760; x_wconf 89' lang='lat' dir='ltr'><strong><em>Mor</em></strong></span> <span class='ocrx_word' id='word_1_302' title='bbox 1043 2717 1166 2760; x_wconf 85' lang='lat' dir='ltr'>Fabr</span> <span class='ocrx_word' id='word_1_303' title='bbox 1197 2717 1321 2772; x_wconf 87' lang='lat' dir='ltr'><strong>quod</strong></span> <span class='ocrx_word' id='word_1_304' title='bbox 1353 2715 1579 2759; x_wconf 79' lang='lat' dir='ltr'>scholium</span> <span class='ocrx_word' id='word_1_305' title='bbox 1611 2726 1709 2759; x_wconf 80' lang='lat' dir='ltr'>esse</span> <span class='ocrx_word' id='word_1_306' title='bbox 1741 2727 1911 2770; x_wconf 85' lang='lat' dir='ltr'>cogno-</span> 
     </span>
     <span class='ocr_line' id='line_1_34' title="bbox 238 2771 1911 2832; baseline -0.002 -14"><span class='ocrx_word' id='word_1_307' title='bbox 238 2777 402 2819; x_wconf 74' lang='lat' dir='ltr'>verunt</span> <span class='ocrx_word' id='word_1_308' title='bbox 431 2775 499 2818; x_wconf 79' lang='lat' dir='ltr'><strong><em>Re</em></strong></span> <span class='ocrx_word' id='word_1_309' title='bbox 530 2777 577 2819; x_wconf 75' lang='lat' dir='ltr'><strong><em>et</em></strong></span> <span class='ocrx_word' id='word_1_310' title='bbox 609 2775 754 2821; x_wconf 65' lang='lat' dir='ltr'><strong>Cobet]</strong></span> <span class='ocrx_word' id='word_1_311' title='bbox 775 2775 998 2819; x_wconf 77' lang='lat' dir='ltr'>MnemV</span> <span class='ocrx_word' id='word_1_312' title='bbox 1017 2779 1100 2819; x_wconf 85' lang='lat'><strong><em>134</em></strong></span> <span class='ocrx_word' id='word_1_313' title='bbox 1125 2775 1255 2832; x_wconf 83' lang='lat' dir='ltr'><strong>(Con.</strong></span> <span class='ocrx_word' id='word_1_314' title='bbox 1273 2777 1373 2831; x_wconf 83' lang='lat'>114)</span> <span class='ocrx_word' id='word_1_315' title='bbox 1403 2777 1408 2830; x_wconf 86' lang='grc' dir='ltr'>Ι</span> <span class='ocrx_word' id='word_1_316' title='bbox 1435 2771 1480 2818; x_wconf 85' lang='grc' dir='ltr'><strong><em>δ’</em></strong></span> <span class='ocrx_word' id='word_1_317' title='bbox 1509 2774 1577 2818; x_wconf 83' lang='lat' dir='ltr'><strong><em>Re</em></strong></span> <span class='ocrx_word' id='word_1_318' title='bbox 1604 2775 1610 2829; x_wconf 87' lang='grc' dir='ltr'>Ι</span> <span class='ocrx_word' id='word_1_319' title='bbox 1636 2771 1693 2816; x_wconf 81' lang='grc' dir='ltr'><strong><em>τὰ</em></strong></span> <span class='ocrx_word' id='word_1_320' title='bbox 1725 2772 1911 2827; x_wconf 81' lang='grc' dir='ltr'><strong><em>σώματα</em></strong></span> 
     </span>
     <span class='ocr_line' id='line_1_35' title="bbox 238 2830 1852 2890; baseline -0.001 -14"><span class='ocrx_word' id='word_1_321' title='bbox 238 2834 307 2877; x_wconf 84' lang='lat' dir='ltr'><strong><em>Re</em></strong></span> <span class='ocrx_word' id='word_1_322' title='bbox 452 2839 505 2877; x_wconf 85' lang='lat'><strong><em>14</em></strong></span> <span class='ocrx_word' id='word_1_323' title='bbox 535 2832 580 2878; x_wconf 87' lang='grc' dir='ltr'><strong><em>τί</em></strong></span> <span class='ocrx_word' id='word_1_324' title='bbox 611 2836 839 2879; x_wconf 86' lang='lat' dir='ltr'><strong><em>BVIMP</em></strong></span> <span class='ocrx_word' id='word_1_325' title='bbox 884 2836 889 2890; x_wconf 89' lang='grc' dir='ltr'>Ι</span> <span class='ocrx_word' id='word_1_326' title='bbox 940 2833 1103 2884; x_wconf 86' lang='grc' dir='ltr'><strong><em>δόντος</em></strong></span> <span class='ocrx_word' id='word_1_327' title='bbox 1131 2833 1334 2877; x_wconf 76' lang='lat' dir='ltr'><strong>Sintenis</strong></span> <span class='ocrx_word' id='word_1_328' title='bbox 1474 2837 1527 2877; x_wconf 84' lang='lat'><strong><em>15</em></strong></span> <span class='ocrx_word' id='word_1_329' title='bbox 1560 2830 1747 2889; x_wconf 77' lang='grc' dir='ltr'><strong><em>γέγονεν</em></strong></span> <span class='ocrx_word' id='word_1_330' title='bbox 1780 2831 1852 2875; x_wconf 85' lang='lat' dir='ltr'><strong><em>La</em></strong></span> 
     </span>
     <span class='ocr_line' id='line_1_36' title="bbox 242 2890 1479 2950; baseline -0.001 -14"><span class='ocrx_word' id='word_1_331' title='bbox 242 2897 294 2936; x_wconf 89' lang='lat'><strong><em>16</em></strong></span> <span class='ocrx_word' id='word_1_332' title='bbox 327 2891 465 2949; x_wconf 85' lang='grc' dir='ltr'><strong><em>μέσον</em></strong></span> <span class='ocrx_word' id='word_1_333' title='bbox 498 2894 607 2937; x_wconf 89' lang='grc' dir='ltr'><strong><em>ΒΜ</em></strong></span> <span class='ocrx_word' id='word_1_334' title='bbox 635 2895 681 2937; x_wconf 72' lang='lat' dir='ltr'><strong><em>et</em></strong></span> <span class='ocrx_word' id='word_1_335' title='bbox 712 2907 852 2950; x_wconf 85' lang='lat' dir='ltr'><strong>supra</strong></span> <span class='ocrx_word' id='word_1_336' title='bbox 883 2891 1022 2949; x_wconf 80' lang='grc' dir='ltr'><strong><em>μέσου</em></strong></span> <span class='ocrx_word' id='word_1_337' title='bbox 1058 2894 1114 2938; x_wconf 71' lang='lat'><strong><em>0⁸</em></strong></span> <span class='ocrx_word' id='word_1_338' title='bbox 1142 2895 1146 2949; x_wconf 94' lang='grc' dir='ltr'>Ι</span> <span class='ocrx_word' id='word_1_339' title='bbox 1175 2890 1326 2936; x_wconf 80' lang='grc' dir='ltr'><strong><em>ἀκτίσι</em></strong></span> <span class='ocrx_word' id='word_1_340' title='bbox 1359 2893 1479 2935; x_wconf 85' lang='lat' dir='ltr'><strong><em>BLa</em></strong></span> 
     </span>
    </p>
   </div>
  </div>
 </body>
</html>
