2060 3162
679 129 907 173 LIBANH
938 129 1161 174 ORATIO
1193 129 1299 173 X1X
1719 130 1827 182 409

148 261 280 317 οὐδὲ
331 264 536 332 ὀλίγαι,
590 274 708 327 ταῖς
754 265 815 317 δὲ
861 264 966 318 ἀπὸ
1017 273 1112 333 τῆς
1158 266 1392 334 Δάφνης
1447 264 1534 318 ἐπὶ
1580 266 1640 318 τὸ
1692 267 1829 319 ἄστυ

147 353 411 416 θεούσαις
450 353 516 405 οὐ
555 355 760 416 πολλὰς
799 353 1130 421 ἀντιθήσεις.
1207 354 1293 407 53.
1347 353 1439 407 καὶ
1480 355 1590 423 μὴν
1627 355 1830 424 χειμών

146 461 204 493 τε
242 448 416 511 πρᾷος
452 442 541 494 καὶ
581 439 750 511 θέρος
788 441 1008 509 ἀνέμοις
1045 443 1277 510 ἥδιστον
1313 443 1488 511 ἀγορά
1525 461 1582 496 τε
1621 443 1653 511 ἡ
1693 441 1820 496 καθ’

146 529 353 599 ἡμέραν
391 529 558 583 ἀνθεῖ
594 529 908 599 παρέχουσα
946 540 1062 593 τοῖς
1097 531 1304 601 ὁρῶσιν
1335 532 1477 600 ὠνῆς
1507 530 1828 600 ἐπιθυμίαν,

145 620 287 672 πολὺ
328 618 389 672 δὲ
427 619 487 672 τὸ
525 621 876 688 πανταχόθεν
908 621 984 682 εἰς
1015 620 1188 688 αὐτὴν
1218 622 1672 689 μετοικιζόμενον,
1710 621 1743 689 ἡ
1769 618 1830 673 δὲ
1876 644 1896 677 5

147 707 363 776 δέχεταί
396 727 454 760 τε
493 707 698 777 ἀσμένη
745 709 835 761 καὶ
883 709 1183 777 θεραπεύει
1230 707 1320 762 καὶ
1368 709 1470 762 οὐκ
1516 707 1578 779 ἐᾷ
1622 708 1830 776 μέμψα-

146 802 281 849 σθαι
335 797 401 849 τὰ
462 796 886 866 βεβουλευμένα.
962 797 1048 850 54.
1103 798 1205 866 τὴν
1260 799 1420 867 ἰσχὺν
1474 795 1534 850 δὲ
1587 799 1688 866 τὴν
1739 799 1830 851 διὰ

144 885 370 938 πάντων
421 893 516 953 τῆς
568 887 778 948 πόλεως
836 884 1031 938 πολλοὶ
1092 883 1194 953 μὲν
1254 888 1482 954 πόλεμοι
1538 886 1677 955 πρὸς
1729 887 1831 954 τὴν

146 978 383 1043 Περσῶν
437 973 611 1044 ἀρχὴν
663 974 1067 1043 πολεμηθέντες
1120 973 1418 1042 ἐπέδειξαν,
1482 975 1581 1044 οὐχ
1633 976 1830 1043 ἥκιστα

146 1059 207 1114 δὲ
238 1057 280 1135 ᾧ
314 1062 481 1132 πέρας
522 1062 816 1126 Ἰουλιανὸς
847 1062 1056 1126 ἐκεῖνος
1087 1062 1323 1133 ἐπέθηκε
1355 1062 1578 1127 διδάξας
1609 1064 1831 1117 διώκειν
1855 1089 1898 1122 10

146 1154 276 1214 τοὺς
308 1152 540 1220 φεύγειν
578 1154 963 1220 μεμαθηκότας
995 1153 1086 1205 διὰ
1124 1155 1329 1221 χρόνου
1354 1150 1632 1221 Ῥωμαίοις
1663 1149 1830 1222 ἔργον

147 1241 330 1293 αὐτῶν
377 1240 632 1303 ἀποδούς.
709 1239 794 1294 55.
849 1243 920 1310 μὴ
969 1236 1074 1294 οὖν
1112 1242 1245 1294 ἄλλο
1292 1261 1345 1294 τι
1383 1243 1612 1311 νομίσῃς
1650 1248 1758 1294 νῦν
1796 1239 1829 1308 ἢ

143 1327 268 1398 περὶ
307 1338 419 1382 τῶν
459 1328 604 1382 ὅλων
650 1323 793 1382 εἶναι
831 1330 933 1398 τὴν
972 1332 1198 1399 βουλήν,
1250 1330 1399 1398 εἴπερ
1449 1327 1584 1398 ὑπὲρ
1623 1331 1830 1392 πόλεώς

147 1416 315 1486 ἐστιν,
354 1418 424 1486 ἣν
463 1418 492 1471 ὁ
524 1418 722 1487 Μῆδος
759 1417 792 1485 ἣ
832 1419 903 1487 μὴ
944 1415 1087 1471 εἶναι
1124 1417 1376 1486 βούλοιτ’
1400 1417 1470 1472 ἂν
1508 1419 1540 1487 ἢ
1572 1418 1830 1486 πράττειν

145 1516 348 1575 κακῶς,
389 1507 462 1569 ὡς
499 1508 564 1559 τὰ
604 1506 775 1560 αὑτοῦ
813 1506 1035 1574 βέλτιον
1081 1509 1227 1577 παρὰ
1273 1514 1435 1560 τοῦτο
1476 1505 1681 1570 ἕξοντα.
1758 1508 1829 1576 μὴ
1855 1531 1898 1565 15

144 1596 339 1648 τοίνυν
401 1598 753 1666 συναγωνίσῃ
814 1605 931 1658 ταῖς
984 1605 1095 1649 τῶν
1148 1596 1442 1666 βαρβάρων
1496 1594 1829 1665 ἐπιθυμίαις.

144 1684 282 1751 μηδὲ
334 1686 436 1752 τὴν
490 1683 688 1754 ἀρετὴν
740 1685 840 1753 τὴν
891 1683 1107 1738 Κέλσου
1162 1687 1534 1755 περιυβρίσῃς.
1612 1686 1660 1737 εἰ
1722 1686 1826 1754 γὰρ

265 1913 288 1952 7
324 1909 380 1954 cf.
406 1910 427 1952 I
451 1913 550 1964 480,
571 1914 609 1953 7.
649 1910 766 1954 Plat.
787 1910 924 1967 Soph.
958 1927 1002 1968 p.
1023 1915 1107 1955 254
1125 1911 1161 1954 B
1285 1917 1337 1956 17
1372 1912 1427 1955 cf.
1454 1927 1496 1968 p.
1517 1916 1617 1966 401,
1637 1917 1705 1956 14.
1738 1914 1770 1955 t.
1788 1912 1830 1955 II

146 1984 188 2025 p.
218 1972 316 2021 298,
338 1974 389 2012 17
403 1983 469 2024 sq2
487 1970 540 2014 R.
590 1969 768 2014 Sievers
792 1970 867 2015 1.1.
894 1986 939 2027 p.
966 1975 1050 2014 263

266 2189 318 2228 15
352 2185 413 2235 ὡς
436 2211 492 2217 -—-
522 2185 700 2244 ἕξοντα]
737 2183 1013 2237 ἀντίπτωσις
1042 2194 1188 2230 ταῦτα
1221 2186 1326 2230 ἀντὶ
1357 2192 1541 2243 γενικῆς
1573 2186 1830 2242 αἰτιατικῆς

144 2242 384 2300 κριθείσης
413 2248 476 2304 τῷ
508 2242 666 2300 ῥήτορι
700 2247 765 2290 Vr

265 2470 287 2507 1
322 2462 367 2508 δ’
396 2467 506 2510 Bad
531 2466 621 2509 edd
757 2471 781 2510 2
815 2466 1068 2523 φερούσαις
1098 2468 1208 2511 Bad
1232 2466 1333 2510 Mor
1465 2471 1490 2510 3
1522 2473 1671 2521 πρᾶος
1694 2468 1831 2511 ΡΙΜ

149 2523 153 2581 Ι
189 2527 464 2580 καθημέραν
485 2525 559 2568 VI
672 2531 696 2569 6
730 2524 911 2583 δέχεται
941 2524 1148 2583 ἀσμένως
1179 2527 1288 2571 Bad
1311 2525 1413 2569 Mor
1534 2529 1558 2567 7
1589 2524 1673 2581 τὴν
1707 2527 1767 2582 (2)
1800 2527 1834 2569 Ι

145 2582 226 2626 sed
258 2582 314 2639 ὴν
345 2583 394 2626 in
416 2597 493 2627 ras
516 2583 586 2626 m²
749 2588 775 2627 8
806 2584 957 2641 πάσης
987 2586 1098 2630 Bad
1120 2585 1222 2629 Mor
1383 2588 1407 2627 9
1440 2583 1692 2638 ἀπέδειξαν
1725 2585 1788 2629 Μ
1818 2583 1826 2643 I

110 2677 114 2680 .
145 2641 394 2699 οὐχήκιστα
421 2643 614 2687 VBadB
736 2648 790 2687 10
823 2643 1018 2696 διδάξας
1042 2671 1096 2676 -
1116 2649 1168 2687 11
1203 2641 1533 2700 μεμαθηκότας
1564 2643 1680 2688 citat
1710 2643 1828 2687 Plan

144 2699 353 2744 fol.103v
497 2706 547 2745 11
583 2701 833 2759 διαχρόνον
864 2703 972 2747 Flor
998 2709 1003 2759 Ι
1025 2701 1279 2760 Ῥωμαίους
1308 2702 1410 2746 Mor
1469 2704 1577 2758 post
1606 2699 1829 2759 ῤ’ωμαίοις

145 2773 219 2802 ras
238 2759 406 2804 5litt1
521 2764 574 2804 12
600 2761 714 2805 αὐτὸ
738 2769 860 2806 νοῶν
878 2762 951 2806 Pa
1013 2762 1156 2806 αὐτὸν
1174 2762 1283 2806 Bad
1404 2765 1458 2804 14
1483 2758 1592 2818 ἢ,(1)
1618 2775 1693 2805 om
1712 2763 1774 2806 M

149 2822 203 2861 15
227 2818 372 2863 αὐτοῦ
389 2820 531 2862 ΙΒΜ
553 2819 559 2877 Ι
586 2827 722 2863 τοῦτο
747 2820 795 2863 in
819 2818 957 2864 τοῦθ’
979 2835 1080 2864 corr
1098 2821 1156 2866 ΟΒ
1279 2824 1332 2862 17
1357 2819 1417 2875 μὴ
1442 2820 1494 2864 δὲ
1511 2821 1832 2865 APVITBM

149 2876 154 2934 l
188 2876 272 2933 τὴν
299 2877 337 2922 Ο
364 2878 446 2921 sed
470 2877 498 2934 ὴ
530 2878 579 2920 in
601 2892 676 2921 ras
699 2879 769 2921 m'
818 2880 824 2937 Ι
874 2878 1021 2937 ἀρχὴν
1050 2881 1123 2924 Ρα
1155 2879 1235 2923 sed
1267 2896 1292 2936 χ
1325 2878 1373 2921 in
1396 2892 1473 2922 ras
1523 2881 1529 2937 Ι
1579 2877 1770 2937 ὑβρίσῃς
1791 2880 1833 2923 Τ

207 2940 260 2979 17
294 2935 382 2993 γὰρ
415 2937 494 2980 καὶ
526 2937 581 2980 σὺ
614 2938 687 2981 Ρα
