2072 3162
231 153 304 206 94
767 153 995 197 LIBANII
1027 153 1250 198 ORATIO
1282 153 1388 198 XIV

233 292 358 342 σίου
398 297 592 358 στῆναι
626 289 765 358 πρὸς
795 290 971 352 πάσας
1003 289 1242 358 ἀνάγκας
1271 291 1432 359 ἤγετο
1464 287 1920 360 προσπαροξύνας

230 398 283 431 τι
321 376 453 430 καθ’
485 376 684 430 ἑαυτοῦ
716 378 815 430 τὸν
848 381 1080 431 Παῦλον
1111 378 1350 449 ῥήμασιν
1383 378 1570 451 ἐκείνῳ
1611 375 1713 447 μὲν
1750 392 1920 448 προσ-

229 468 480 535 ήκουσιν,
521 465 771 534 ἀμείνοσι
811 463 872 519 δὲ
921 468 1042 520 τότε
1083 472 1360 534 σιγᾶσθαι.
1439 467 1523 519 17.
1576 474 1671 536 τῆς
1715 486 1922 539 τραγῳ-

231 555 352 617 δίας
391 551 452 606 δὲ
493 553 702 624 ἐκείνης
734 555 811 618 εἰς
841 553 960 618 ἔτος
990 557 1395 626 προβεβηκυίας
1425 558 1613 625 τρίτον
1642 556 1733 608 καὶ
1765 558 1920 625 μόλις

188 664 207 695 5
233 643 508 711 λαβούσης
545 645 804 713 τελευτὴν
841 653 956 707 τοῖς
994 641 1095 711 μὲν
1131 644 1317 706 ἄλλοις
1347 643 1588 714 ὑπῆρξεν
1620 644 1920 714 ἀπαλλαγή,

229 733 399 800 μόνος
431 729 492 784 δὲ
525 728 686 795 οὗτος
718 731 998 797 ἐκολάζετο
1030 741 1421 803 περιγραπτοῖς
1453 733 1619 803 ὅροις,
1659 729 1738 786 ὧν
1770 731 1922 796 ἐκτὸς

230 819 332 873 οὐκ
370 815 440 888 ἧν
477 827 772 874 κινεῖσθαι.
848 822 939 874 καὶ
990 819 1239 891 ἐπέμπετ’
1279 820 1348 874 ἂν
1395 821 1708 890 δεδεμένος,
1754 823 1802 875 εἰ
1847 823 1920 891 μὴ

229 913 381 962 θεῶν
426 929 510 973 τις
555 911 656 979 τὴν
706 917 876 963 ταῦτα
928 918 1378 981 παρανομοῦσαν,
1433 905 1539 981 ἀρά
1583 930 1678 978 μοι
1726 911 1920 973 δώσεις

228 1000 531 1064 τυραννίδα
568 999 706 1069 πρὸς
743 996 804 1052 σὲ
845 1001 1043 1065 εἰπεῖν;
1082 1001 1287 1068 ἔστησε.

165 1109 207 1140 10
330 1087 414 1139 18.
448 1089 747 1157 Τοιούτοις,
770 1085 811 1141 ὦ
829 1091 1074 1157 βασιλεῦ,
1099 1090 1514 1158 προσπαλαίσας
1528 1086 1922 1158 Ἀριστοφάνης

231 1176 501 1241 Κύκλωψι
535 1178 707 1230 δεῖται
745 1185 866 1246 σοῦ,
901 1178 991 1230 καὶ
1023 1177 1177 1246 ἡμεῖς
1208 1174 1270 1230 δὲ
1307 1178 1672 1246 συνδεόμεθα,
1713 1175 1921 1245 πέμψαι

230 1266 376 1335 παρά
415 1267 545 1328 τοὺς
584 1267 821 1328 οἰκείους
851 1267 1114 1335 χαίροντα
1143 1269 1240 1319 καί
1268 1286 1328 1334 γε
1361 1266 1675 1334 δυνάμενον
1707 1265 1922 1334 διάγειν

230 1362 343 1406 τῶν
366 1356 659 1423 προγόνων
683 1351 860 1417 ἀξίως.
926 1355 1009 1407 19.
1041 1355 1146 1408 καὶ
1177 1357 1297 1423 τίς,
1329 1357 1540 1423 φήσεις,
1573 1353 1772 1406 αὐτὸν
1803 1374 1921 1407 κω-

231 1443 372 1494 λύει
402 1444 723 1510 βαδίζειν;
754 1444 931 1512 πολλὰ
962 1442 1051 1496 καὶ
1083 1444 1312 1513 μεγάλα·
1350 1443 1412 1496 τὸ
1439 1444 1832 1513 δεσμωτήριον,
1865 1443 1921 1494 αἱ

167 1552 207 1584 15
231 1533 450 1600 πληγαί,
489 1532 522 1600 ἡ
556 1531 758 1601 ἀτιμία,
789 1533 850 1585 τὸ
885 1538 1250 1602 γυμνωθῆναι
1274 1532 1412 1602 πρὸς
1445 1533 1709 1600 βάσανον,
1741 1531 1801 1582 τὸ
1834 1551 1921 1599 μι-

143 1632 184 1675 R
205 1636 287 1675 431
322 1626 458 1690 κροῦ
490 1620 787 1689 πλησιάσαι
817 1621 917 1674 τὸν
951 1620 958 1692 Ι
992 1622 1195 1674 κοντὸν
1226 1629 1341 1684 τοῖς
1371 1621 1581 1688 νώτοις,
1622 1620 1669 1672 εἰ
1699 1620 1771 1688 μὴ
1799 1621 1921 1671 Μό-

234 1709 422 1771 δεστος
461 1701 543 1771 οἷς
587 1708 817 1778 ἐβόησεν
855 1693 1032 1773 οὗτος,
1055 1708 1144 1762 ἐπὶ
1183 1709 1501 1780 διακρούσει
1538 1715 1634 1777 τῆς
1671 1707 1919 1776 βασάνου

233 1798 595 1867 συνεχώρησε.
670 1805 841 1851 ταῦτα
879 1798 1052 1851 αὐτὸν
1090 1797 1389 1867 ἐμποδίζει,
1439 1804 1610 1850 ταῦτα
1650 1796 1919 1865 δεσμεύει,

231 1892 402 1938 ταῦτα
431 1895 544 1939 τῶν
573 1888 792 1940 οἰκείων
825 1888 1072 1957 διείργει,
1102 1894 1272 1939 ταῦτα
1297 1885 1367 1939 ἂν
1397 1888 1470 1955 μή
1501 1905 1584 1949 τις
1608 1885 1791 1955 ἀνέλῃ,
1821 1893 1922 1938 πᾶ-

167 1995 211 2027 20
234 1986 339 2026 σαν
370 1968 532 2036 οὗτος
571 1976 763 2038 ὄψεται
801 1977 966 2028 πόλιν
996 1976 1142 2043 πλὴν
1172 1983 1267 2043 τῆς
1299 1977 1516 2037 οἰκείας.
1585 1974 1670 2026 20.
1712 1973 1779 2026 οὐ
1811 1974 1917 2043 γὰρ

232 2062 294 2115 τὸ
326 2064 736 2131 βασανισθῆναι
767 2065 957 2132 μόνον,
990 2060 1031 2116 ὦ
1063 2066 1309 2132 βασιλεῦ,
1340 2071 1561 2131 καταχεῖ
1583 2071 1694 2115 τῶν
1716 2078 1918 2114 πεπον-

353 2285 377 2324 6
409 2281 601 2325 Aristid.
628 2296 690 2326 or.
715 2281 838 2325 XLII
869 2286 894 2335 ς
919 2285 1003 2325 327
1035 2283 1069 2325 t.
1094 2281 1136 2324 11
1158 2285 1230 2336 48,
1250 2286 1275 2324 6
1298 2280 1352 2325 K.

354 2492 378 2530 2
410 2489 500 2532 τισὶ
530 2490 566 2532 Ι
590 2490 655 2546 (eia
684 2489 786 2532 Par.
814 2490 946 2546 3017)
1073 2493 1101 2531 4
1133 2485 1178 2533 δ’
1207 2487 1275 2530 Re
1400 2490 1424 2528 6
1457 2483 1598 2541 μόνος
1631 2511 1682 2516 —
1718 2487 1741 2526 7
1774 2492 1916 2529 κινεῖ-

235 2549 351 2590 σθαι
383 2547 499 2590 citat
520 2548 636 2591 Plan
669 2547 747 2592 fol.
775 2552 830 2591 38
969 2552 993 2590 6
1025 2545 1355 2603 περιγράπτοις
1384 2544 1501 2588 Plan
1633 2547 1656 2585 7
1690 2541 1914 2599 ἐπέμπετο

235 2605 282 2648 Ρ
310 2605 391 2648 sed
422 2606 544 2650 inter
567 2605 590 2651 έ
621 2608 668 2650 et
691 2624 721 2662 μ
750 2619 914 2650 rasura
939 2611 964 2650 3
988 2606 1068 2650 litt
1128 2601 1380 2660 ἑπέπεμπτ’
1410 2603 1553 2647 Cobet
1576 2602 1742 2644 Mnem.
1761 2602 1803 2645 V
1830 2607 1913 2645 112

236 2663 366 2719 (0011.
388 2667 489 2722 108)
610 2669 636 2708 8
667 2666 782 2717 θεὸς
805 2667 851 2710 Α
882 2666 963 2709 sed
994 2669 1122 2709 θεῶν
1152 2681 1221 2714 τις
1251 2665 1301 2707 in
1322 2677 1456 2719 marg
1481 2661 1551 2704 m²
1670 2665 1694 2703 9
1729 2660 1914 2716 ἔστησεν

240 2722 278 2766 C
305 2723 396 2766 edd
518 2729 572 2767 10
603 2725 833 2776 τοιούτοις
861 2751 919 2757 -
954 2729 1005 2767 11
1041 2738 1124 2768 σου
1156 2723 1272 2767 citat
1294 2722 1412 2766 Plan
1442 2720 1520 2764 fol.
1549 2724 1603 2763 38
1726 2723 1780 2762 10
1811 2720 1914 2775 ἀρι-

236 2781 471 2837 στοφάνης
501 2778 535 2826 ὦ
579 2784 765 2840 βασιλεῦ
804 2781 1155 2839 προσπαλαίσας
1186 2783 1230 2826 U
1404 2785 1456 2824 11
1500 2779 1701 2834 κύκλοψι
1739 2779 1922 2822 UBMI

235 2840 335 2897 (sed
366 2840 414 2883 in
445 2841 533 2884 hoc
564 2858 588 2885 ο
621 2842 670 2884 in
702 2859 736 2885 ω
770 2856 871 2885 con·
900 2841 986 2899 111²)
1014 2843 1021 2900 Ι
1049 2840 1196 2885 δεῖταί
1228 2855 1310 2884 σου
1343 2839 1521 2884 VIBM
1549 2838 1659 2881 Ferr
1681 2837 1783 2881 Mor
1817 2837 1822 2896 Ι
1862 2837 1914 2882 δὲ

237 2912 312 2943 om
346 2900 523 2944 UIBM
643 2905 695 2943 12
728 2898 808 2944 καί
832 2901 901 2958 γε]
935 2901 996 2952 ὡς
1025 2900 1075 2943 in
1098 2914 1173 2943 ras
1203 2899 1304 2943 Par.
1332 2903 1460 2952 3017,
1494 2897 1619 2953 quod
1649 2895 1737 2953 (vel
1761 2894 1822 2947 ὥς
1845 2896 1913 2953 γε)

236 2957 452 3014 probavit
484 2958 640 3002 Gasda
760 2964 816 3002 20
847 2957 982 3004 πόλιν
1013 2958 1131 3015 πλὴν
1162 2965 1243 3015 τῆς
1273 2955 1447 3008 οἰκείας
1479 2956 1645 3013 ὄψεται
1671 2956 1714 2999 V
