2060 3162
219 113 328 166 456
753 115 980 159 LIBANH
1013 114 1237 160 ORATIO
1269 116 1376 160 XXI

221 250 353 303 ὅτου
389 257 558 304 ταῦτα
598 249 796 319 ἐγένετ’
829 253 915 319 ἄν,
954 254 1133 305 πόνου
1167 251 1458 321 συνέχειαν
1497 254 1664 322 φύσει
1695 263 1908 324 πτερῶν

219 337 375 412 ᾠήθη
415 341 536 392 δεῖν
574 338 827 403 ἐξισῶσαι
866 338 956 392 καὶ
995 341 1062 393 τὰ
1099 340 1407 410 παρέχοντα
1447 343 1514 411 δὴ
1553 343 1654 411 τὴν
1692 340 1753 395 ἐν
1790 351 1909 407 ταῖς

223 427 375 490 ὁδοῖς
413 428 635 497 τρυφὴν
671 429 851 481 πάντα
883 429 1046 497 ρ”ίψας
1083 428 1175 482 καὶ
1218 433 1431 498 χαίρειν
1462 429 1621 500 ἀφεὶς
1659 430 1750 484 καὶ
1781 451 1909 484 κου-

221 518 465 584 φότατον
504 516 951 586 ἀπεργασάμενος
999 518 1071 580 ὡς
1111 511 1233 571 οἷόν
1271 538 1328 571 τε
1377 519 1438 571 τὸ
1479 518 1655 589 φέρον
1702 519 1911 588 ἀναβὰς

176 624 196 656 5
220 603 385 658 παντὶ
424 611 498 677 τῷ
531 605 681 674 τάχει
713 615 825 658 τῶν
856 605 1031 676 ὀρέων
1063 604 1256 677 ἐχρῆτο
1289 610 1596 677 προσόντος
1630 616 1729 661 τοῦ
1762 610 1911 678 παρὰ

219 701 314 761 τῆς
360 695 637 762 μάστιγος.
719 695 801 747 13.
855 696 945 748 καὶ
992 695 1053 748 τὸ
1108 692 1211 763 μὲν
1263 695 1592 765 προπέμψον
1641 705 1911 752 τοσοῦτον

219 777 306 850 ἦν,
354 779 423 851 ἧν
470 780 530 836 δὲ
578 785 683 852 ἄρα
729 785 896 836 τοῦδε
942 785 1003 837 τὸ
1049 784 1220 837 πλέον
1267 794 1546 853 γυναῖκες,
1602 789 1662 839 αἳ
1706 788 1772 855 δὴ
1819 785 1910 840 καὶ

219 872 321 939 τὴν
366 873 529 924 πόλιν
576 869 745 941 εἶχον,
798 873 1093 942 τριάκοντα
1141 875 1207 942 δὴ
1263 875 1521 936 σταδίους
1565 884 1679 938 τοῖς
1727 875 1912 928 αὑτῶν

221 955 381 1013 αὗται
411 961 727 1024 καλύψασαι
759 962 1007 1030 σώμασιν
1037 959 1137 1026 ἔξω
1169 963 1229 1014 τὸ
1260 963 1397 1031 πρὸς
1428 962 1665 1033 ἑσπέραν
1696 961 1910 1032 ἔμενον,

158 1069 198 1101 ιο
222 1048 250 1102 ὁ
292 1049 370 1117 δέ,
419 1051 534 1102 ἔστι
573 1051 676 1120 γὰρ
718 1051 962 1121 σώφρων
1000 1049 1091 1103 καὶ
1133 1051 1292 1113 εἰδὼς
1332 1050 1365 1103 ἃ
1408 1052 1746 1105 διωθεῖσθαι
1784 1053 1910 1106 κάλ-

222 1141 361 1205 λιον,
416 1139 506 1191 καὶ
545 1140 640 1202 τὰς
689 1140 847 1207 τιμὰς
898 1139 958 1193 ἐν
1008 1149 1123 1202 τοῖς
1169 1138 1262 1192 ὑπ’
1294 1140 1466 1193 αὐτοῦ
1517 1140 1913 1210 πραττομένοις

223 1225 391 1289 ἀξιῶν
430 1230 575 1296 ἔχειν
620 1227 833 1295 πέμψας
870 1225 973 1295 μὲν
1013 1229 1114 1281 οὐκ
1155 1228 1398 1297 ἀπήλασε
1437 1229 1535 1281 τὸν
1575 1231 1741 1298 ὄχλον
1780 1227 1911 1283 οὐδὲ

132 1329 172 1371 R
194 1332 279 1372 686
321 1315 574 1384 ἐλύπησε,
616 1318 707 1370 διὰ
739 1317 801 1370 δὲ
831 1325 926 1385 τῆς
958 1316 1189 1388 ἑσπέρας
1221 1317 1389 1386 αὐτῆς
1424 1316 1429 1389 Ι
1465 1325 1627 1370 τοῦτο
1663 1320 1912 1388 ποιήσας,

222 1403 410 1473 ἐπειδὴ
448 1406 637 1476 καιρὸς
668 1401 756 1474 ἦν,
796 1399 874 1469 εἷς
913 1409 1174 1476 γίγνομαι
1210 1407 1277 1475 δὴ
1307 1415 1420 1459 τῶν
1452 1406 1913 1477 ἀναστρεψάντων

158 1514 199 1548 15
224 1492 314 1546 καὶ
363 1494 542 1557 αὐτός.
623 1495 705 1547 14.
760 1496 849 1548 καὶ
890 1495 963 1558 ὡς
1002 1495 1288 1564 ἐκαθήμην
1326 1496 1464 1564 πρὸς
1508 1504 1627 1558 ταῖς
1674 1495 1912 1563 ἐμαυτοῦ

222 1584 441 1653 θύραις,
481 1586 614 1652 βοῆς
653 1583 927 1652 ἀκούομεν
961 1585 1196 1637 ἱκετείαν
1228 1582 1472 1653 ἐχούσης.
1540 1585 1760 1646 εἰκάσας
1791 1581 1913 1652 οὖν,

223 1671 357 1741 ὅπερ
408 1669 494 1740 ἦν,
549 1670 748 1736 ἐξιέναι
816 1673 916 1726 τὸν
965 1674 1165 1741 ἄνδρα,
1220 1674 1387 1726 πάλιν
1450 1672 1545 1726 ἐπὶ
1592 1673 1689 1725 τὸν
1743 1673 1915 1726 ἵππον

223 1760 431 1829 ἀναβὰς
471 1761 713 1830 ἀσθενὴς
753 1760 781 1814 ὁ
822 1761 1002 1831 γέρων
1025 1750 1105 1814 ’τὰ
1144 1771 1332 1832 πρῶτα
1370 1762 1471 1831 μὲν
1512 1762 1756 1830 εἱπόμην,
1797 1755 1913 1815 εἶτα

222 1852 596 1919 παρήλαυνον,
636 1847 821 1903 ἔπειτα
858 1853 1002 1903 πολὺ
1035 1852 1095 1904 τὸ
1127 1850 1297 1919 μέσον
1336 1849 1575 1917 ἐμαυτοῦ
1612 1851 1748 1920 πρὸς
1780 1850 1915 1903 ἐκεῖ-

160 1959 203 1991 20
227 1957 330 1990 νον
382 1941 615 2007 ποιήσας
661 1938 946 2008 ἀνέμενον,
1003 1941 1280 2009 δακρύσας
1335 1936 1395 1992 δὲ
1442 1940 1695 2007 ἥκοντος,
1751 1946 1914 1992 τοῦτο

348 2163 369 2201 1
404 2156 553 2203 πόνου
587 2185 641 2191 -
676 2164 702 2201 4
735 2158 1117 2216 ἀπεργασάμενος
1152 2159 1269 2202 estat
1300 2158 1417 2202 Plan
1447 2158 1526 2202 fol.
1554 2162 1634 2201 38*
1800 2162 1825 2199 2
1858 2157 1916 2200 τὰ

227 2216 498 2332 ἰηεθτάἓξῖςΙ
527 2217 604 2275 δὴ]
640 2217 714 2261 ἐπὶ
746 2218 821 2262 La
884 2232 956 2261 om
981 2218 1099 2261 Plan
1127 2218 1133 2276 Ι
1160 2218 1244 2274 τὴν
1273 2218 1341 2261 Re
1401 2224 1493 2260 τῶν
1526 2216 1635 2259 libri
1666 2216 1784 2260 Plan
1814 2216 1918 2259 Mor

288 2340 313 2378 3
347 2335 490 2379 εἰπών
523 2336 678 2380 LaVa
821 2340 847 2377 4
881 2334 1261 2392 ἀπεργασάμενος
1292 2334 1432 2392 ὤχετο
1463 2334 1581 2378 Plan
1726 2340 1751 2377 5
1785 2334 1915 2402 ἐχρή-

228 2409 340 2438 σατο
370 2394 439 2438 Re
467 2397 472 2451 1
500 2393 757 2450 προσόντός
787 2410 869 2438 του
902 2394 982 2437 καὶ
1015 2396 1083 2439 Va
1110 2396 1114 2448 1
1142 2395 1252 2445 τοὺς
1286 2395 1367 2438 Mo
1391 2394 1494 2437 Mor
1525 2394 1605 2450 qui
1637 2401 1718 2437 τοῦ
1753 2393 1857 2437 coni

229 2458 253 2496 6
286 2460 507 2498 τοσοῦτον
540 2454 586 2496 Ρ
615 2454 695 2496 sed
728 2471 755 2497 ν
788 2453 882 2497 add.
906 2453 975 2495 m3
1098 2458 1120 2496 7
1155 2450 1202 2496 δ’
1230 2453 1298 2497 Re
1420 2457 1446 2497 8
1479 2453 1536 2509 δὴ
1571 2450 1778 2504 σταδίοις
1800 2453 1915 2507 Mor,

227 2529 282 2569 γρ
309 2510 576 2562 δισταδίους
606 2513 655 2556 in
686 2526 820 2569 marg
859 2513 865 2570 Ι
905 2512 1058 2556 αὐτῶν
1092 2513 1242 2556 ΜοΜ
1374 2517 1398 2555 9
1434 2514 1617 2567 „malim
1649 2512 1817 2556 αὐταὶ“
1847 2511 1917 2555 Re

291 2575 343 2613 12
377 2571 613 2626 ἀπήλασσε
638 2573 699 2615 Μ
757 2570 995 2646 ἀπήλαυνε
1021 2572 1123 2615 ILa
1146 2572 1214 2615 Re
1275 2549 1491 2627 ἠπείλήσε
1515 2573 1582 2615 Va
1706 2575 1759 2614 13
1794 2584 1915 2625 „ma-

230 2631 309 2674 lim
341 2630 534 2686 ἐλύπησε
567 2630 684 2689 (διὰ
707 2638 798 2675 τῶν
823 2627 1146 2688 ραβδούχων)
1180 2630 1260 2674 διὰ
1285 2630 1336 2674 δὲ
1360 2636 1442 2686 τῆς
1460 2629 1662 2698 ἑσπέρας
1692 2632 1770 2686 (sc.
1794 2605 1917 2682 ἀπή-

228 2691 337 2732 λασε
368 2689 450 2732 τὸν
483 2689 636 2746 ὄχλον)
670 2691 811 2745 αὐτῆς
847 2696 983 2732 τοῦτο
1023 2689 1308 2746 ποιησάσης“
1341 2690 1422 2743 Re
1455 2689 1505 2732 in
1538 2703 1627 2744 quo
1662 2686 1918 2743 ποιησάσης

888 2765 943 2805 γρ
962 2749 1067 2792 ἀντι

230 2806 428 2850 fortasse
459 2807 753 2862 probandum
883 2812 937 2850 14
969 2806 1364 2863 ἀναστρεψάντων
1396 2809 1427 2849 Ι
1552 2812 1605 2850 15
1638 2804 1764 2859 παρὰ
1791 2806 1859 2849 Va

234 2870 288 2908 18
321 2864 345 2908 ὁ
370 2878 470 2908 eras
496 2867 570 2910 ΡΙ
639 2880 714 2909 om
739 2866 849 2909 ΒΜ
902 2869 908 2921 ι
963 2873 1182 2919 ταπρῶτα
1214 2867 1300 2910 VB
1332 2869 1379 2909 et
1410 2879 1435 2908 e
1465 2865 1523 2909 τὰ
1553 2872 1713 2920 πρῶτα
1738 2877 1839 2906 corr
1861 2863 1918 2906 1⁸

235 2924 240 2982 l
277 2922 473 2980 εἱπόμην
498 2927 544 2969 Ρ
572 2926 653 2969 sed
679 2923 689 2940 ²
730 2926 779 2967 in
804 2938 879 2968 ras
903 2925 973 2968 m3
1096 2929 1148 2967 19
1183 2922 1389 2976 ἐκείνους
1412 2925 1481 2968 Va
