2054 3140
668 83 895 128 LIBANII
925 83 1150 128 ORATIO
1183 84 1291 128 XIII
1756 85 1831 138 49

136 223 305 274 δόσιον
336 222 535 290 βασιλέα
564 222 675 291 περὶ
710 230 797 287 τῆς
829 223 1060 283 στάσεωςε
1167 223 1310 290 λόγος
1333 218 1448 292 β’Ῑ).
1503 225 1616 275 Des.
1642 226 1727 273 fol.
1756 226 1823 274 65

135 297 447 362 ἀπόπεμψον.
524 298 628 346 Fol.
665 299 760 346 65v
800 313 1010 346 vacuum
1048 300 1135 346 est.

249 375 315 421 66
367 375 461 420 inc.
500 371 752 436 Λιβανίου
798 378 1037 435 σοφιστοῦ
1083 369 1206 438 ὑπὲρ
1258 371 1538 438 σωκράτους
1586 370 1827 439 ἀπολογία

135 446 277 513 λόγος
314 466 356 512 γ.
433 447 546 494 Des.
579 446 663 494 fol.
700 447 783 495 96.

251 521 346 569 96V
374 522 469 568 inc.
510 519 601 569 δύο
640 519 852 585 γείτονες
889 511 1018 583 ’ἦσαν
1056 517 1237 585 πτωχοὶ
1274 517 1357 568 καὶ
1394 527 1480 569 τοῦ
1520 518 1629 579 ἑνὸς
1666 519 1826 585 ἕφνης

135 593 525 657 πεπλουτηκότος
556 591 582 643 ὅ
607 591 765 660 ἕτερος
796 591 1014 660 προσιὼν
1037 597 1140 652 τοῖς
1171 593 1419 652 δικασταῖς
1450 593 1582 643 αἰτεῖ
1603 594 1823 644 κώνειον.

133 669 232 717 Inc.
259 663 384 716 Ἀλλ’
413 667 458 716 εἰ
492 666 575 716 καὶ
608 689 677 707 --
709 668 782 715 IV
810 668 912 716 159
932 683 1002 730 sq.

247 744 349 791 107
391 743 485 791 inc.
539 741 689 806 Φήμη
745 733 810 805 ἦν
859 745 1082 791 συνεῖναι
1131 740 1217 790 τὸν
1266 739 1448 808 πατέρα
1487 764 1556 781 =
1596 742 1669 790 IV
1703 744 1822 791 568.

131 815 245 865 Des.
276 817 397 864 folio
441 818 561 878 113‘,
600 818 737 865 cuius
776 818 962 880 pagina
1001 832 1174 864 aversa
1204 832 1371 868 ,vacua
1408 818 1494 864 est.

246 892 350 938 114
382 893 476 938 inc.
515 889 585 950 εἰς
621 889 888 939 εὐστάθιον
926 889 1011 939 τὸν
1048 889 1196 955 κάραε
1235 910 1292 929 ω
1333 889 1473 956 λόγος
1511 887 1549 939 ε’

246 966 377 1013 114*
429 964 656 1030 λιβανίου
706 962 829 1030 πρὸς
876 962 962 1013 τὸν
1014 961 1214 1028 βασιλέα
1267 963 1530 1014 θεοδόσιον
1586 962 1664 1013 ἐπὶ
1717 968 1822 1024 ταῖς

132 1038 436 1104 διαλλαγαῖςε
550 1038 693 1104 λόγος
731 1035 784 1094 ς’

246 1114 347 1160 121
397 1119 484 1161 τοῦ
524 1111 678 1161 αὐτοῦ
725 1111 848 1179 πρὸς
886 1109 1135 1176 ἀντιοχέας
1181 1109 1291 1178 περὶ
1330 1118 1417 1176 τῆς
1455 1118 1542 1160 τοῦ
1588 1109 1823 1177 βασιλέως

131 1205 156 1236 0
190 1204 303 1252 γηςτ
416 1205 449 1250 η

159 1205 187 1253 ρ
247 1262 349 1309 128
413 1266 516 1309 τοῦ
577 1259 760 1309 αὐτοῦ
814 1258 1393 1326 προσφωνηματικὸς
1455 1259 1740 1309 ἰονλιανῶ
1804 1275 1823 1308 ῐ

130 1334 226 1383 des.
266 1335 350 1384 fol.
380 1336 522 1383 133&

244 1411 349 1457 134
373 1411 467 1457 inc.
491 1408 679 1474 Θεωρία
705 1401 883 1475 (rubr.)
909 1408 1084 1458 Πόθεν
1108 1411 1210 1466 τοῖς
1233 1406 1427 1471 ἕλλησιν
1458 1411 1556 1457 κτλ.
1590 1402 1685 1475 (IV
1711 1403 1823 1477 81).

130 1482 267 1531 Haec
303 1483 590 1545 protheoria
627 1499 780 1530 manu
819 1483 976 1531 altera
1015 1483 1202 1545 scripta
1240 1484 1326 1531 est.

240 1557 343 1605 Fol.
380 1557 482 1604 135
531 1559 805 1618 sequuntur
841 1556 1110 1618 praemisso
1148 1556 1398 1604 rubricato
1438 1553 1625 1619 μελέται
1662 1557 1818 1619 hypo-

128 1629 279 1678 thesis
319 1632 368 1678 et
407 1630 700 1678 declamatio
749 1631 860 1692 ipsa
897 1631 1188 1692 incipientes
1222 1624 1537 1695 Ἀφαιρεθεὶς
1577 1625 1820 1695 Ἀχιλλεὺς

134 1706 184 1751 et
222 1702 364 1767 ὥμην
404 1700 493 1767 μὲν
531 1698 628 1770 (IV
662 1697 844 1770 83,1).
921 1704 981 1750 In
1018 1705 1244 1769 margine
1283 1703 1588 1752 rubricatum
1626 1707 1701 1753 est
1738 1701 1788 1753 ε’.

245 1778 375 1825 145v
413 1774 627 1826 Διέσωσέ
657 1796 729 1836 τις
760 1775 1049 1842 ἐμπρησμοῦ
1081 1777 1154 1824 IV
1181 1779 1299 1826 739.
1362 1777 1653 1827 Protheoria
1686 1771 1818 1845 (740

128 1845 335 1918 —741)
368 1867 518 1899 manu
550 1852 707 1899 altera
744 1852 797 1899 in
827 1851 947 1900 folio
975 1852 1077 1899 146
1114 1853 1315 1900 exarata
1346 1854 1432 1900 est.
1505 1852 1565 1899 In
1595 1853 1817 1916 margine

126 1925 431 1974 rubricatum
463 1928 537 1974 est
567 1922 632 1981 ς’.
702 1925 896 1974 Desinit
926 1926 1010 1973 fol.
1040 1927 1171 1973 147V
1200 1926 1360 1974 verbis
1393 1922 1593 1974 ἄνωθεν
1624 1925 1816 1975 ἅπαντα

128 1992 225 2066 (IV
253 2000 372 2060 745,
402 1992 509 2066 10),
558 2015 683 2061 quae
723 2000 1033 2062 excipiuntur
1070 1999 1192 2048 folio
1228 2001 1311 2048 25.

238 2073 342 2121 Fol.
380 2074 483 2121 148
516 2075 611 2122 inc.
651 2070 853 2137 ἄμεινον
893 2070 1127 2140 ὁπότερον
1165 2074 1196 2121 i.
1222 2091 1262 2122 e.
1297 2072 1366 2132 εἰς
1395 2073 1697 2122 Κώνσταντα
1734 2073 1817 2123 καὶ

125 2146 472 2196 Κωνστάντιον
511 2147 589 2194 ΙΠ
622 2149 744 2209 306,
779 2149 860 2196 16.
938 2147 1051 2197 Des.
1083 2148 1167 2196 fol.
1204 2148 1336 2196 159v
1381 2164 1500 2197 voce
1546 2147 1816 2212 ζητήσομεν

154 2221 371 2282 332‚14

127 2213 150 2287 <
241 2215 396 2343 159)
423 2294 546 2361 πρὸς
598 2294 689 2359 τὴν
742 2293 930 2359 βουλὴν
977 2289 1155 2362 (rubr.)
1203 2295 1254 2343 II
1288 2297 1408 2358 526,
1445 2298 1490 2344 1.
1574 2295 1686 2345 Des.
1726 2297 1812 2345 fol.

129 2369 260 2416 163*
298 2385 415 2417 voce
463 2368 712 2435 διατηρεῖν
752 2363 846 2436 (=
881 2370 1003 2431 541,
1032 2363 1148 2437 12),
1196 2386 1346 2432 quam
1396 2370 1648 2432 excipiunt
1688 2386 1813 2433 quae

132 2445 251 2491 sunt
289 2443 341 2490 in
381 2443 501 2491 folio
543 2446 571 2492 9
593 2458 663 2505 sq.

242 2517 346 2564 164
378 2518 470 2565 inc.
504 2515 769 2580 φήναντες·
809 2513 842 2564 ἃ
873 2513 962 2581 μὲν
995 2520 1027 2565 i.
1054 2533 1092 2565 e.
1125 2515 1194 2575 εἰς
1224 2516 1524 2566 Κώνσταντα
1553 2515 1636 2566 καὶ
1666 2519 1811 2567 Κων-

123 2588 350 2639 στάντιον
387 2590 465 2637 ΙΠ
498 2591 619 2653 287,
655 2593 720 2639 12
760 2605 914 2653 usque
954 2591 1017 2639 ad
1047 2591 1132 2640 fol.
1161 2593 1291 2639 171ν
1323 2591 1453 2653 quod
1484 2592 1664 2640 desinit
1694 2607 1810 2640 voce

123 2658 158 2725 ἡ
189 2670 371 2727 κτῆσις,
410 2674 565 2726 quam'
598 2665 847 2727 excipiunt
884 2681 1010 2727 quae
1049 2667 1165 2713 sunt
1201 2666 1256 2713 in
1292 2666 1412 2713 folio
1456 2666 1559 2713 148
1579 2681 1650 2728 sq.

247 2777 289 2833 1)
320 2775 550 2819 Numerus
575 2775 621 2833 β’
648 2775 759 2819 inde
783 2775 1055 2832 explicatur,
1089 2776 1214 2831 quod.
1237 2775 1286 2818 in
1311 2776 1522 2833 exemplo
1546 2776 1669 2820 unde
1692 2776 1809 2819 haec

123 2846 233 2888 pars
274 2834 447 2878 codicis
485 2834 639 2890 fluxit,
683 2835 935 2878 antecessit
966 2834 1116 2878 oratio
1146 2834 1263 2890 ὑπὲρ
1292 2833 1651 2891 Ἀριστοφάνους
1687 2836 1808 2878 teste

123 2892 287 2937 codice
316 2893 526 2938 Parisino
565 2907 633 2951 gr.
659 2897 772 2937 3017
805 2893 884 2937 fol.
910 2898 959 2948 4,
1000 2894 1082 2950 qui
1121 2907 1179 2937 ex
1216 2894 1379 2938 eodem
1417 2894 1546 2938 fonte
1583 2893 1805 2938 manavit.

216 2973 413 3008 Lanatus
436 2974 493 3008 cd.
518 2976 748 3008 Foerster
781 2975 836 3007 11.
1514 2972 1541 3010 4
