2060 3162
616 156 847 202 LIBANII
878 156 1102 203 ORATIO
1134 156 1285 202 XXIV
1703 155 1808 210 521

232 293 315 347 15.
379 294 456 347 Τὰ
495 294 558 348 δὲ
603 298 888 347 τελευταῖα
933 301 1106 347 ταῦτα
1150 302 1266 356 πῶς
1307 292 1374 346 οὐ
1416 303 1607 362 σαφῶς
1653 312 1814 346 κακο-

118 383 535 451 δαιμονώντων;
589 383 872 436 ἀπόλωλεν
925 383 1059 452 ἡμῖν
1105 384 1244 451 ἔθνη
1291 380 1452 436 πέντε
1499 383 1590 435 καὶ
1638 387 1814 435 εἴκοσι

116 481 230 526 τῶν
266 472 368 541 μὲν
407 471 506 536 ἔξω
545 482 742 541 τειχῶν
779 470 1163 542 ἡρπασμένων,
1217 480 1331 524 τῶν
1387 467 1394 542 Ι
1451 468 1511 524 δὲ
1551 476 1681 524 εἵσω
1720 483 1763 526 R
1787 482 1905 527 1144

118 562 296 614 πάντα
327 562 639 630 φαγόντων,
679 555 763 624 οἷς
794 562 927 614 οὐδὲ
957 568 1201 629 ταφῆναι
1232 567 1307 633 τῷ
1340 564 1479 633 λιμῷ
1507 565 1817 613 τεθνεῶσιν

118 649 377 720 ὑπῆρξεν,
431 647 550 703 ἀλλ’
581 649 879 718 ἀνάγοντες
932 650 1135 712 αὐτοὺς
1189 650 1242 702 οἱ
1296 650 1670 717 προσήκοντες
1725 648 1812 702 ἐπὶ
1862 669 1882 703 5

118 739 180 792 τὸ
212 747 390 807 τεῖχος
424 738 662 807 ἀφίεσαν
693 741 941 807 γυμνοὺς
972 738 1247 808 φέρεσθαι
1278 740 1409 801 τοὺς
1435 739 1819 808 ταλαιπώρους

118 827 280 880 κάτω.
360 828 444 880 16.
498 836 727 881 τοιαῦτα
782 826 1069 895 ἐκώμασαν
1121 828 1175 881 οἱ
1213 827 1442 880 Σκύθαι
1497 828 1819 898 φρίττοντες

120 915 205 969 ἀεὶ
252 917 390 986 πρὸς
435 917 538 986 τὴν
592 916 765 985 ἀκοὴν
811 925 906 986 τῆς
939 915 1217 986 Ῥωμαίων
1263 917 1386 987 περὶ
1434 917 1533 969 τὸν
1577 918 1819 983 πόλεμον

120 1004 330 1074 τέχνης,
370 1005 509 1059 ἀλλὰ
547 1013 655 1058 νῦν
687 1005 790 1059 ὅσα
829 1005 1184 1075 ἐμαχέσαντο,
1221 1013 1462 1058 τοσαῦτα
1501 1008 1819 1074 νενικήκασι

119 1097 297 1157 καλῶς
350 1091 452 1161 μὲν
497 1095 652 1163 ἡμῶν
702 1095 791 1148 καὶ
843 1096 916 1157 ὡς
962 1102 1242 1165 προσῆκεν
1293 1095 1501 1164 ἄνδρας
1550 1093 1818 1162 ἀγαθούς,
1842 1115 1887 1148 10

122 1182 611 1252 ἀποθνησκόντων,
674 1183 1069 1253 ἀναλουμένων
1124 1182 1173 1236 δ’
1213 1179 1331 1237 οὖν.
1414 1183 1503 1236 καὶ
1562 1190 1671 1236 νῦν
1731 1181 1818 1236 ἐπὶ

121 1274 254 1335 τοὺς
292 1274 572 1341 γεωργοὺς
610 1274 817 1342 ἥκομεν
855 1282 966 1326 τῶν
999 1272 1060 1326 ἐν
1090 1282 1205 1336 τοῖς
1245 1273 1436 1335 ὅπλοις
1472 1273 1821 1342 βεβιωκότων

123 1360 443 1430 οἰχομένων.
506 1362 562 1414 αἱ
594 1362 924 1431 προσδοκίαι
957 1361 1019 1415 δὲ
1051 1363 1229 1414 δειναὶ
1259 1361 1351 1414 καὶ
1383 1362 1625 1432 χρηστὸν
1653 1358 1822 1414 οὐδὲν

123 1447 186 1503 ἐν
218 1449 415 1518 ἐλπίσι,
446 1452 591 1519 πλὴν
618 1453 666 1503 εἰ
697 1453 985 1519 πεισθείης
1015 1471 1128 1520 μοι,
1158 1453 1407 1518 βασιλεῦ,
1439 1449 1530 1503 καὶ
1565 1451 1759 1513 λύσαις
1791 1450 1820 1502 ὅ

125 1557 265 1606 φημι
304 1540 406 1607 τὴν
446 1540 630 1592 αἰτίαν
669 1542 814 1609 ἔχειν
852 1549 964 1593 τῶν
1002 1549 1202 1592 κακῶν.
1845 1559 1887 1593 15

240 1627 322 1680 17.
382 1630 635 1696 Φήσουσι
674 1630 871 1682 τοίνυν
910 1649 975 1698 με
1014 1629 1274 1681 πλάττειν
1321 1629 1424 1681 οὐκ
1468 1630 1602 1681 ὄντα
1641 1629 1821 1697 φόνον

123 1715 287 1779 τινές”
342 1726 457 1770 τῶν
495 1718 600 1787 γὰρ
641 1716 911 1771 ἐναντίων
948 1717 1047 1771 ἕνα
1086 1714 1229 1770 εἶναι
1276 1719 1374 1770 τὸν
1413 1717 1769 1771 ἀπεκτονότα.
1813 1721 1817 1787 1

126 1803 231 1873 ἐγὼ
280 1805 341 1858 δὲ
391 1805 474 1858 ὅτι
520 1806 622 1873 μὲν
661 1807 764 1859 οὐκ
811 1805 881 1859 ἂν
932 1808 1010 1869 εἰς
1059 1806 1234 1875 μέσην
1279 1807 1382 1874 τὴν
1425 1807 1689 1877 στρατιὰν
1726 1819 1834 1862 RII
1852 1824 1910 1863 45

127 1893 424 1962 ἐτόλμησεν
455 1893 595 1965 ἀνὴρ
630 1895 851 1965 Πέρσης
888 1894 1080 1949 ἐλθεῖν
1118 1896 1191 1964 μὴ
1231 1900 1495 1948 θανατῶν
1533 1896 1623 1948 καὶ
1663 1896 1737 1958 ὡς
1777 1897 1823 1948 εἰ

250 2076 271 2114 1
306 2071 414 2115 Luc.
449 2071 508 2115 de
538 2073 689 2116 morte
719 2071 904 2128 Peregr.
933 2077 957 2126 ξ
986 2078 1024 2117 1.
1087 2071 1257 2115 Herod.
1286 2077 1310 2126 ξ
1335 2077 1363 2116 4
1414 2073 1419 2127 Ι
1471 2071 1601 2116 Dem.
1636 2071 1823 2115 01.V111

125 2145 170 2186 p.
199 2134 269 2184 93,
289 2134 356 2174 24.
421 2130 524 2173 Din.
560 2144 596 2174 ο.
625 2130 752 2175 Dem.
787 2136 810 2184 ξ
835 2136 905 2175 91.
968 2132 1045 2174 Ar.
1070 2130 1194 2175 Plut.
1221 2136 1305 2174 372
1441 2136 1466 2174 2
1500 2131 1600 2175 Zos.
1618 2130 1683 2175 IV
1707 2134 1779 2186 24,
1799 2135 1821 2173 7

129 2190 177 2233 et
208 2194 279 2244 25,
297 2194 400 2245 2sq.
525 2194 550 2233 6
583 2189 690 2234 Her.
716 2190 738 2233 I
763 2194 861 2244 194,
883 2196 905 2233 1

251 2351 272 2388 1
308 2346 775 2402 κακοδαιμονῶντων,
810 2346 1214 2402 εὐδαιμονούντων
1247 2345 1299 2390 δὲ
1332 2347 1395 2391 Vr

252 2505 274 2543 1
324 2501 794 2557 κακοδαιμονούντων
826 2502 924 2546 PV
959 2501 1041 2546 sed
1079 2500 1129 2544 in
1159 2501 1248 2544 hoc
1288 2517 1343 2544 ov
1374 2500 1424 2543 in
1457 2518 1491 2544 ω
1532 2514 1635 2544 corr
1656 2514 1694 2555 r,
1719 2500 1835 2544 Bal

132 2560 213 2604 sed
237 2559 287 2602 in
310 2559 399 2602 hoe
431 2576 487 2603 ov
519 2574 575 2603 ex
599 2576 624 2603 ο
657 2574 771 2614 corr,
804 2560 895 2604 edd
928 2560 1054 2616 quod.
1079 2560 1279 2604 correxit
1309 2559 1510 2603 Cobetus
1535 2558 1648 2603 Coll.
1675 2574 1720 2616 p.
1741 2563 1827 2602 120

191 2624 218 2661 4
243 2617 431 2662 πάντων
451 2620 488 2662 V
546 2617 699 2677 πάντῃ
726 2618 783 2662 01
799 2619 922 2663 Fabr
949 2621 955 2678 Ι
984 2618 1253 2676 φευγόντων
1272 2618 1383 2663 VOl
1395 2618 1519 2662 Fabr
1634 2623 1657 2661 7
1683 2618 1827 2675 φρύτ-

131 2693 290 2727 τοντες
319 2679 354 2721 Ι
468 2682 492 2720 9
527 2677 676 2735 μάχης
706 2679 739 2721 Ι
765 2678 846 2722 sed
878 2695 933 2735 γρ
956 2678 1119 2735 τέχνης
1150 2691 1377 2734 suprascr.
1403 2678 1473 2721 111³
1500 2682 1506 2734 Ι
1532 2685 1727 2721 τοιαῦτα
1757 2677 1827 2720 Re

198 2741 249 2780 11
283 2735 592 2793 ἀναλωμένων
626 2736 682 2780 Ol
705 2737 829 2780 Fabr
973 2742 1029 2781 14
1061 2738 1110 2783 ἐν
1142 2738 1268 2781 inser
1291 2738 1348 2780 1³
1375 2740 1381 2794 Ι
1407 2734 1654 2793 πεισθείης
1683 2738 1717 2780 Ι
1743 2736 1827 2780 sed

135 2811 214 2849 ρος
253 2809 393 2851 supra
426 2811 466 2839 ει
498 2797 559 2851 (1)
600 2796 780 2840 εει-,1113
869 2795 1126 2852 προσθείης
1165 2797 1250 2840 UP
1291 2796 1374 2839 sed
1410 2796 1461 2839 in
1490 2795 1581 2846 hoc
1620 2811 1673 2852 ρο
1706 2795 1756 2838 in
1787 2811 1829 2838 ει

135 2867 237 2898 con·
259 2856 330 2897 m³
357 2857 362 2911 Ι
390 2855 471 2897 καὶ
501 2855 678 2912 λύσαις]
714 2855 941 2905 κωλύσαις
964 2856 1005 2898 V
1036 2858 1100 2912 (et
1130 2855 1235 2898 Vat.
1263 2857 1336 2905 82)
1461 2860 1514 2898 16
1546 2871 1604 2898 τα
1635 2855 1744 2911 1)οεῦ
1774 2869 1827 2909 με

135 2927 237 2957 eras
265 2914 303 2958 G
327 2917 332 2970 Ι
361 2911 512 2968 φόνον
538 2913 595 2956 Ol
657 2914 827 2969 (φονὸν
850 2913 990 2970 Fabr)
1054 2913 1205 2972 φόβον
1236 2913 1346 2956 libri
1370 2913 1440 2958 Re
1472 2914 1599 2969 quod
1630 2912 1830 2957 correxit

140 2970 342 3016 Cobetus
373 2972 542 3016 Mnem.
567 2972 631 3015 ΠΙ
655 2977 740 3016 246
773 2971 903 3029 (Con.
925 2975 1026 3031 121)
