2060 3162
812 625 993 679 XXIV
1032 624 1240 698 (XXIII
1263 625 1352 698 R).

348 732 520 782 Oratio
560 731 690 798 περὶ
729 741 830 798 τῆς
868 734 1151 800 τιμωρίας
1184 730 1512 784 Ἰουλιανοῦ
1560 737 1622 784 ad
1661 736 1925 784 Valentem

233 808 405 855 habita
460 823 563 856 esse
618 808 826 856 dicenda
880 811 1028 870 esset,
1085 811 1128 857 si
1177 812 1308 858 recte
1363 811 1417 857 in
1468 810 1655 858 duobus
1707 809 1925 858 eiusdem

236 883 441 946 originis
490 882 737 930 codicibus
777 882 1019 931 Urbinate
1059 900 1128 947 gr.
1167 885 1269 931 126
1320 886 1369 931 et
1406 883 1657 932 Marciano
1698 884 1923 946 Append.

233 955 345 1003 XCI
372 958 400 1003 2
458 957 698 1018 inscripta
753 959 881 1005 esset
934 955 1077 1022 πρὸς
1137 951 1503 1023 ΟὐάλενταΙ).
1582 958 1650 1005 At
1696 958 1922 1006 Valentis

234 1031 501 1092 fratrisque
540 1030 884 1078 Valentiniani
938 1033 994 1078 ut
1048 1034 1355 1080 mortuorum
1406 1032 1586 1080 diserte
1636 1034 1822 1081 mentio
1867 1031 1926 1079 fit

234 1106 288 1152 in
320 1106 542 1152 oratione
573 1106 682 1166 ipsa
714 1105 876 1152 verbis
916 1123 962 1167 p.
991 1106 1159 1166 516,1
1197 1102 1221 1153 ὃ
1254 1104 1480 1169 βασιλεὺς
1517 1105 1787 1170 μαχόμενος
1818 1104 1925 1154 ἕπε-

236 1191 318 1226 σεν
358 1180 454 1226 κτλ.
493 1195 540 1240 p.
577 1179 790 1239 518,16
840 1182 945 1226 τοῖν
992 1176 1229 1242 ἀδελφοῖν
1277 1177 1355 1228 ἐπὶ
1393 1178 1451 1227 τὰ
1490 1186 1712 1245 σκῆπτρα
1751 1183 1925 1245 παρελ-

235 1251 442 1301 θόντοιν
487 1248 518 1315 ἡ
567 1250 695 1316 αὐτὴ
738 1250 847 1317 περὶ
893 1251 983 1316 τὴν
1022 1252 1258 1319 τιμωρίαν
1305 1251 1449 1319 ἀργία
1495 1256 1592 1301 κτλ.
1633 1271 1678 1316 p.
1707 1254 1830 1315 519,
1858 1255 1922 1301 12

237 1325 328 1389 τὴν
352 1322 598 1393 ἄρρηκτον
622 1324 849 1391 στρατιὰν
873 1333 959 1375 τοῦ
992 1324 1322 1392 πρεσβυτέρου
1348 1326 1415 1391 μὴ
1442 1327 1697 1385 δείσαντες.
1737 1345 1784 1390 p.
1805 1329 1927 1389 520,

241 1403 306 1447 12
360 1398 453 1448 οὐκ
498 1398 890 1464 ἐπιλαμβάνομαι
937 1397 1024 1464 μὲν
1071 1404 1175 1449 τοῖν
1224 1399 1486 1466 βασιλέοιν,
1537 1399 1603 1460 ὡς
1653 1400 1712 1449 οὐ
1761 1401 1926 1449 δίκαια

236 1472 393 1539 ἔδρων
416 1477 519 1532 τοῖς
542 1472 920 1539 ἐξελεγχομένοις
944 1473 1035 1537 τὴν
1052 1473 1105 1523 ἐκ
1122 1482 1219 1523 τῶν
1242 1475 1410 1538 νόμων
1434 1473 1731 1533 ἐπιτιθέντες
1756 1475 1923 1538 δίκην·

237 1546 474 1606 Βασιλεὺς
528 1564 675 1610 quem
721 1548 959 1596 Libanius
1011 1549 1179 1597 crebro
1231 1550 1525 1612 alloquitur,
1578 1550 1743 1597 nullus
1799 1550 1925 1597 alius

239 1638 341 1671 esse
379 1624 545 1683 potest
582 1624 681 1670 nisi
713 1622 1029 1671 Theodosius.
1106 1623 1209 1670 Nec
1241 1640 1357 1672 vero
1389 1624 1645 1686 probanda
1684 1626 1758 1671 est
1795 1625 1926 1671 ratio

239 1712 338 1758 qua
375 1696 605 1744 Reiskius
647 1690 715 1763 (p.
742 1690 836 1763 40)
886 1712 1034 1748 anno,
1054 1697 1250 1745 demum
1289 1699 1465 1746 ultimo
1504 1699 1583 1746 vel
1620 1698 1926 1760 paenultimo

238 1771 438 1832 imperii
485 1771 631 1818 huius
671 1772 702 1817 i.
729 1787 767 1818 e.
817 1787 944 1819 anno
987 1772 1091 1819 395
1139 1772 1219 1820 vel
1269 1773 1373 1820 394
1420 1789 1466 1834 p.
1496 1771 1604 1819 Chr.
1652 1773 1928 1820 orationem

241 1846 571 1906 conscriptam
596 1860 698 1892 esse
724 1846 927 1893 censuit.
988 1845 1119 1892 Nam
1149 1862 1408 1908 perperam
1439 1848 1482 1893 is
1507 1846 1657 1894 verba
1687 1863 1732 1907 p.
1754 1846 1875 1906 520,
1895 1848 1924 1892 2

239 1915 321 1965 καὶ
359 1917 485 1966 πολύ
523 1936 575 1983 γε
614 1916 762 1966 πλέον
800 1917 892 1981 τὴν
931 1916 1162 1984 δευτέραν
1214 1913 1301 1986 (sc.
1335 1912 1685 1986 ἐπανάστασιν)
1728 1919 1790 1966 ad
1828 1919 1926 1966 Eu-

241 1993 375 2055 genii
420 1991 738 2039 rebellionem
782 1992 1001 2054 rettulit,
1053 2009 1164 2041 cum
1210 1996 1316 2041 toto
1361 1995 1470 2043 loco
1517 1994 1576 2041 de
1623 1995 1768 2040 unius
1808 1992 1926 2040 Pro-

242 2067 372 2127 copii
422 2066 745 2114 seditionibus
793 2066 1017 2128 pluribus
1057 2067 1208 2115 verba
1246 2067 1381 2115 fiant.
1459 2067 1532 2115 Ac
1570 2069 1653 2114 vix
1691 2066 1926 2114 Libanius

239 2139 313 2187 ita
351 2141 408 2186 ut
445 2139 584 2200 fecit,
622 2140 814 2188 locutus
855 2134 1050 2206 esset2),
1089 2141 1131 2188 si
1171 2141 1435 2188 Theodosii
1475 2142 1694 2187 animum
1733 2140 1927 2187 diutina

242 2213 543 2275 experientia
583 2215 837 2276 cognitum
867 2213 1134 2262 habuisset.
1202 2214 1360 2262 Immo
1393 2230 1508 2262 vero
1542 2216 1707 2262 omnia
1745 2229 1832 2262 nos
1865 2213 1928 2260 ad

242 2289 389 2335 initia
420 2288 618 2349 imperii
643 2288 973 2335 Theodosiani
996 2290 1190 2335 vocant.
1252 2289 1382 2336 Nam
1415 2303 1579 2336 omnes
1611 2290 1797 2335 terrore
1830 2288 1928 2334 cla-

243 2362 317 2410 dis
357 2360 561 2408 Valenti
600 2362 663 2408 ad
701 2361 1097 2422 Hadrianopolin
1143 2362 1314 2409 illatae
1361 2363 1574 2423 perculsi
1621 2364 1670 2408 et
1708 2377 1928 2409 maerore

243 2435 419 2482 afflicti
465 2435 696 2483 dicuntur
734 2451 891 2496 neque
938 2435 1093 2482 ullam
1138 2437 1399 2483 victoriam
1445 2437 1547 2483 iam
1587 2452 1616 2483 a
1655 2435 1928 2483 Theodosio

245 2509 304 2556 de
337 2507 510 2557 Gothis
549 2510 854 2570 reportatam
887 2524 988 2556 esse
1022 2510 1176 2556 statui
1207 2503 1436 2576 potest-³).
1491 2509 1649 2557 Immo
1681 2525 1796 2557 vero
1828 2510 1928 2557 vic-

296 2723 304 2731 ·
366 2665 408 2731 1)
453 2663 609 2707 Etiam
656 2663 923 2707 Monnerius
971 2663 1044 2720 (cf.
1070 2666 1102 2707 t.
1128 2663 1149 2706 I
1179 2679 1222 2720 p.
1247 2666 1316 2720 15)
1365 2665 1621 2708 orationem
1676 2678 1796 2707 anno
1843 2667 1928 2706 378

247 2722 508 2838 mbug'cf.
543 2797 587 2837 p.
615 2785 859 2836 515‚1sq.;
894 2786 1167 2837 516‚17sq.;
1202 2786 1397 2836 520,10;
1431 2786 1626 2835 523‚15;
1661 2785 1882 2835 53⁰,2sq.

366 2843 408 2897 3)
442 2839 507 2883 Cf.
540 2855 585 2895 p.
613 2845 712 2895 521,
733 2845 756 2883 9
790 2840 904 2884 ἀλλὰ
935 2848 1020 2884 νῦν
1054 2838 1139 2913 ὅσρα
1172 2840 1452 2913 ἐμαχέσαντο
1485 2840 1548 2896 (οἱ
1571 2840 1795 2896 Σκύθαι),
1826 2853 1929 2882 τοσ-

247 2905 366 2942 αῦτα
403 2898 672 2953 νενικήκασι
711 2902 801 2942 κτλ.
835 2900 882 2942 et
914 2904 1057 2954 514‚8
1099 2903 1214 2944 οθεν
1256 2899 1315 2943 ἂν
1355 2899 1609 2956 δράσαιμεν
1648 2899 1756 2948 τοὺς
1797 2900 1929 2942 πολε-

246 2959 380 3014 μίους
411 2957 440 3001 ἃ
473 2965 559 3002 νῦν
591 2958 712 3014 ἡμᾶς
743 2959 924 3003 ἐκεῖνοι.
