2060 3162
0 3071 19 3162 ηιμ.
0 2890 14 3058 ,μύησιν-,ι
0 2815 9 2867 rw<
0 2782 3 2801 -v
0 2735 4 2744 v
0 2631 10 2715 ·⁷=·=-
0 2585 1 2593 τ

719 141 947 186 LIBANII
977 140 1203 185 ORATIO
1235 140 1341 184 XXI
1765 141 1875 194 453

187 279 407 348 μάντεις
452 276 801 346 ἐνηγγυῶντο
848 278 909 331 τὸ
956 260 1111 340 τέλος
1150 275 1404 344 λέγοντες
1449 279 1528 339 εἰς
1575 277 1706 347 ὅπερ
1746 273 1878 346 ἧκεν

187 366 355 437 ἥξειν,
394 363 464 435 ἦν
502 359 626 419 οἷόν
660 386 717 419 τε
749 367 822 435 μὴ
853 368 1115 435 πλήττειν
1148 363 1379 429 ἑαυτοὺς
1417 365 1507 419 καὶ
1540 374 1718 419 κυκᾶν
1748 367 1878 429 τούς

186 475 245 509 τε
283 457 448 525 δεῦρο
487 463 878 524 μετοικοῦντας
917 455 1038 508 ὅσοι
1078 474 1136 508 τε
1174 452 1237 507 ἐν
1267 461 1341 527 τῷ
1375 462 1470 523 τῆς
1508 457 1718 517 πόλεως
1756 454 1878 508 ὀνό-

187 564 338 613 ματι,
388 542 686 612 γενομένης
725 540 786 596 δὲ
824 542 1029 613 ἡμέρας
1075 552 1188 596 τῶν
1233 539 1334 611 μὲν
1399 541 1405 614 Ι
1470 543 1653 596 ἄλλων
1700 544 1766 597 οὐ
1817 556 1965 600 R682

188 635 362 695 πολὺς
410 633 585 695 εὐθὺς
636 632 664 686 ὁ
706 635 891 701 λόγος,
941 633 1043 701 τὴν
1092 633 1306 701 βουλὴν
1356 629 1417 684 δὲ
1458 633 1490 701 ἡ
1531 633 1679 685 αἰτία
1728 651 1878 703 περι·
1925 655 1944 685 5

189 723 388 775 ίστατο.
463 722 555 774 καὶ
600 722 731 783 τοὺς
776 721 915 790 ὑπὲρ
956 722 1171 774 τούτων
1210 722 1413 790 λόγους
1453 719 1667 789 ἐδέχετο
1705 717 1809 790 μὲν
1846 722 1880 790 ἡ

187 818 286 864 τοῦ
329 817 636 881 στρατηγοῦ
685 811 1000 878 καταγωγή,
1050 811 1252 880 πικρὸν
1291 806 1364 862 δὲ’
1393 806 1562 862 οὐδὲν
1608 808 1714 862 ἀπὸ
1760 818 1881 862 τοῖν

189 900 552 966 δικαζόντοιν,
593 898 622 951 ὃ
654 899 756 966 τὴν
787 899 962 951 νύκτα
995 906 1092 966 τῆς
1122 897 1325 969 ἡμέρας
1356 897 1528 952 ἐποίει
1556 897 1881 969 πρᾳοτέραν.

188 986 360 1057 ἡμέρα
415 986 644 1057 δευτέρα
697 987 787 1040 καὶ
844 988 1203 1056 δικαστήριον
1262 985 1354 1040 καὶ
1403 987 1576 1055 δεσμὰ
1629 985 1720 1039 καὶ
1766 995 1883 1050 τοῖς

189 1077 440 1129 δεθεῖσιν
480 1076 508 1130 ὁ
551 1077 720 1144 δήσας
757 1077 823 1129 τά
855 1096 917 1144 γε
950 1077 1027 1138 εἰς
1059 1077 1241 1145 λύπην
1271 1077 1617 1146 προσόμοιος.
1697 1076 1743 1128 8.
1786 1077 1879 1129 δύ·
1906 1098 1949 1130 ιο

190 1170 389 1218 σεσθαι
429 1165 491 1218 δὲ
547 1164 553 1236 Ι
611 1164 906 1235 μέλλοντος
945 1165 1107 1234 ἡλίου
1147 1163 1238 1218 καὶ
1277 1171 1352 1237 τῷ
1385 1161 1487 1232 μὲν
1526 1165 1784 1234 ἀσχολίας
1822 1177 1970 1222 3683

192 1254 362 1323 οὔσης
407 1255 547 1322 ἄνω,
598 1255 741 1307 κάτω
791 1251 851 1307 δὲ
897 1256 1066 1323 ὄχλου
1116 1255 1241 1324 περὶ
1287 1255 1382 1317 τὰς
1428 1254 1611 1323 θύρας
1656 1256 1882 1323 ἔρχομαι

191 1341 310 1410 μέν,
351 1343 424 1405 ὡς
463 1341 512 1395 δ’
545 1342 615 1395 ἂν
653 1344 725 1411 μὴ
765 1341 1072 1412 ἐνοχλοίην,
1113 1342 1449 1413 ἀπεχώρουν.
1528 1342 1557 1395 ὁ
1591 1340 1652 1396 δὲ
1690 1343 1883 1396 αἰσθό-

193 1450 357 1499 μενος
402 1432 463 1484 τὸ
510 1439 610 1484 τοῦ
653 1433 944 1502 Πινδάρου
999 1441 1146 1485 ποιεῖ
1190 1430 1282 1484 καὶ
1334 1430 1417 1484 δι’
1448 1431 1723 1500 ἀναβολῆς
1771 1441 1884 1484 τῶν

315 1619 369 1658 10
401 1614 483 1671 Ep.
502 1618 599 1658 787.
633 1614 697 1658 Io.
713 1613 871 1670 Chrys.
899 1614 960 1658 ad
984 1627 1091 1671 pop.
1116 1614 1224 1658 Anss.
1249 1614 1372 1658 hom.
1387 1613 1494 1657 XIII
1516 1614 1606 1658 t.11
1621 1628 1666 1670 p.
1684 1618 1767 1658 135
1784 1614 1826 1657 A

197 1679 251 1717 14
288 1675 344 1718 cf.
378 1690 422 1731 p.
450 1678 607 1727 95,21.
654 1674 788 1717 Pind.
815 1673 868 1717 fr.
896 1678 981 1717 279

316 1852 337 1887 1
374 1843 663 1901 ἐνηγγυῶντο
697 1845 743 1888 Ρ
771 1844 852 1888 sed
884 1861 912 1899 η
945 1844 993 1887 in
1026 1860 1046 1887 ε
1079 1856 1181 1886 corr
1203 1843 1273 1886 m²
1333 1843 1572 1901 ἠγγυῶντο
1608 1845 1651 1888 V
1711 1843 1886 1887 frustra.

194 1903 383 1947 verbum
424 1903 722 1977 imyugnavit
751 1902 938 1947 Lobeck
970 1902 1141 1959 Phryn.
1167 1918 1211 1959 p.
1232 1907 1316 1947 155
1346 1905 1351 1958 Ι
1379 1900 1588 1960 λέγοντες
1618 1917 1694 1947 om
1718 1904 1764 1946 P
1786 1905 1793 1960 Ι
1821 1903 1887 1954 εἰς

198 1961 309 2018 ὅπερ
342 1958 456 2017 ἧκεν
488 1963 615 2019 ηξειν
647 1960 856 2019 λέγοντες
886 1962 956 2007 Va
1107 1967 1132 2006 2
1164 1961 1377 2017 πλήττειν
1415 1989 1457 1993 -—
1501 1966 1525 2004 3
1559 1969 1887 2018 μετοικοῦντας

195 2023 312 2067 estat
341 2022 460 2065 Plan
491 2022 521 2066 l.
542 2022 569 2065 l.
724 2026 749 2065 2
783 2021 978 2073 ἑαυτοὺς
1007 2023 1053 2066 Ρ
1082 2021 1163 2065 sed
1194 2038 1277 2065 του
1310 2035 1412 2065 corr
1433 2021 1504 2065 m²
1535 2023 1584 2065 et
1612 2021 1663 2064 in
1692 2035 1828 2079 marg

193 2082 301 2133 τοὺς
330 2095 414 2138 pos
438 2081 508 2124 m²
629 2086 654 2123 3
686 2097 734 2125 τε
767 2094 842 2124 om
864 2080 983 2184 Plian
1106 2086 1131 2124 5
1164 2081 1327 2139 εὐθὺς]
1359 2076 1418 2137 ἠν
1442 2081 1598 2126 LaVa
1625 2083 1630 2138 Ι
1659 2080 1683 2124 ὁ
1716 2095 1791 2125 om
1818 2081 1887 2125 Va

885 2157 906 2185 ἒ
930 2159 952 2192 ς

199 2202 206 2257 Ι
240 2197 506 2256 περιίστατο
531 2201 610 2244 καὶ
635 2199 703 2243 Re
825 2205 850 2243 6
876 2200 957 2243 καὶ
973 2201 1020 2244 Ρ
1043 2202 1048 2255 i
1075 2206 1173 2250 τοῖς
1196 2199 1298 2243 Mor
1325 2202 1330 2255 Ι
1358 2199 1524 2244 τούτου
1541 2200 1661 2244 PLa
1689 2201 1694 2255 Ι
1721 2197 1888 2256 λόγους

196 2258 376 2318 ἐδέχετο
409 2259 574 2316 scripsi
635 2257 812 2316 λόγους.
846 2257 1060 2317 ἠλέγχετο
1091 2258 1201 2302 libri
1225 2259 1307 2313 Re,
1341 2259 1422 2302 sed
1454 2258 1511 2315 ἠλ
1541 2258 1590 2301 in
1623 2258 1675 2303 ἐὸ
1707 2272 1809 2302 corr
1840 2258 1888 2302 et

197 2336 221 2374 γ
255 2332 356 2362 eras
389 2318 446 2363 12
536 2316 691 2375 λόγοις
721 2316 934 2376 ἠλέγχετο
967 2318 1069 2362 Mor
1151 2316 1317 2375 λόγους
1349 2316 1535 2371 ἐδέξατο
1569 2317 1674 2362 coni
1707 2317 1886 2361 Sievers

194 2394 238 2435 p.
259 2383 344 2428 178
467 2382 490 2421 7
524 2376 664 2422 οὐδὲν
688 2378 813 2422 inser
836 2377 894 2421 1³
1014 2382 1040 2421 8
1073 2375 1248 2434 ἡμέρας
1272 2377 1436 2433 scripsi
1461 2390 1486 2419 e
1507 2377 1618 2421 BM
1638 2376 1719 2433 qui
1743 2376 1888 2420 habet

194 2454 258 2538 ἒῖἶί
283 2437 371 2536 ἔαὸὲ
431 2482 599 2531 νυκτὸς
620 2481 790 2535 reliqui
806 2480 917 2524 libri
939 2481 1030 2524 edd
1058 2484 1063 2537 ι
1091 2479 1356 2536 πραοτέραν
1374 2480 1647 2524 ΡΙΜοΒΜ
1764 2485 1789 2523 9
1815 2482 1885 2523 σι-

195 2539 420 2595 καστήρια
441 2541 484 2583 V
531 2540 676 2589 εὐθὺς
698 2542 806 2596 post
822 2539 1121 2595 δικαστήριον
1135 2541 1211 2584 La
1303 2543 1327 2582 9
1354 2539 1433 2582 καὶ
1451 2541 1513 2595 (3)
1530 2564 1586 2571 -
1603 2543 1742 2592 454‚2
1766 2554 1886 2594 παρ-

196 2598 313 2657 έχων
345 2600 463 2642 οίιατ
492 2598 610 2642 Plan
641 2598 720 2643 fol.
748 2603 824 2642 38²·
855 2601 903 2643 et
934 2606 955 2625 ν
1104 2603 1159 2642 10
1192 2600 1401 2644 ὃεθεῖσιν
1432 2599 1478 2642 Β
1511 2598 1591 2642 sed
1625 2614 1640 2641 ι
1674 2599 1735 2655 (2)
1769 2611 1824 2642 ex
1855 2615 1885 2641 α

196 2671 298 2702 corr
323 2659 330 2717 Ι
358 2657 504 2711 δήσας
534 2659 567 2700 Ι
594 2658 674 2700 sed
707 2656 767 2712 δή
797 2657 846 2700 in
869 2672 945 2702 ras
968 2658 1039 2701 m²
1098 2658 1239 2707 λύσας
1263 2659 1308 2701 Β
1335 2657 1350 2715 Ι·
1368 2654 1420 2700 τό
1454 2657 1522 2701 Va
1657 2661 1711 2700 10
1742 2670 1885 2712 προσ-

197 2717 336 2774 όμοια
368 2717 470 2760 Mor
517 2717 598 2760 sed
636 2733 691 2774 γρ
723 2715 1004 2773 προσόμοιος
1040 2716 1090 2759 in
1122 2731 1256 2773 marg
1437 2720 1488 2759 11
1540 2715 1591 2760 δὲ
1622 2715 1746 2759 inser
1769 2715 1827 2759 1²

197 2790 273 2819 om
290 2778 402 2820 BM
550 2779 600 2819 11
631 2776 711 2819 καὶ
745 2801 796 2806 ——
834 2780 887 2819 12
919 2775 1075 2831 θύρας
1106 2790 1180 2819 om
1204 2775 1321 2818 Plan
1466 2779 1518 2818 11
1551 2778 1615 2818 τῶ
1639 2774 1722 2832 μὲν
1752 2774 1885 2818 uncis

196 2835 347 2878 inclus
371 2835 474 2878 Mor
501 2837 507 2890 Ι
533 2839 616 2890 τῆς
648 2831 867 2892 ἀσχολίας
889 2834 991 2877 Mor
1113 2839 1166 2877 12
1200 2834 1340 2889 οὔσης
1369 2846 1481 2877 voce
1506 2822 1600 2878 des'.
1619 2833 1696 2877 fol.
1720 2833 1885 2877 110'A

196 2894 435 2950 perierunt
467 2894 558 2936 duo
582 2893 698 2936 folia,
722 2893 890 2949 quibus
917 2893 1276 2937 continebantur
1306 2906 1427 2947 quae
1451 2895 1709 2948 sequuntur
1737 2905 1886 2947 usque

198 2953 259 2996 ad
291 2951 539 3011 ἡμε]τέραν
569 2967 613 3008 p.
641 2957 740 3005 462,
763 2956 816 2996 18
939 2957 994 2995 14
1025 2959 1106 2996 τοῦ
1139 2965 1214 2995 om
1242 2953 1309 2996 Va
