2072 3162
696 143 926 188 LIBANII
958 142 1182 188 ORATIO
1214 143 1298 188 XV
1746 144 1850 197 117

279 286 362 334 30.
412 282 833 332 Casanatensis
870 285 972 332 197
1014 299 1136 333 Saea.
1169 284 1261 332 XV
1300 284 1383 332 fol.
1413 284 1531 332 188.
1594 284 1720 332 Vide
1759 287 1794 333 t.
1827 285 1853 332 I

166 376 216 420 p.
251 359 441 420 420sq.
519 355 732 405 Contuli.

279 433 359 480 31.
413 431 756 480 Marcianus
804 448 881 496 gr.
923 432 1029 480 445
1083 447 1205 480 saec.
1245 431 1337 478 XV
1386 433 1469 481 fol.
1507 433 1649 481 126¹&
1727 432 1852 481 Vide

168 521 317 569 supra
353 522 401 568 p.
435 507 518 554 51.
595 505 849 568 Inspectus
890 508 964 555 est
1002 521 1033 554 a
1070 506 1256 554 Bastio.
1335 505 1407 554 Of.
1439 523 1486 568 p.
1524 507 1644 568 122,
1670 507 1716 555 6.

278 581 360 627 32.
399 579 629 627 Athous
670 579 715 627 S.
748 579 1029 643 Dionysii
1069 581 1173 627 342
1223 581 1506 629 chartaceus
1545 581 1732 628 formae
1772 596 1850 629 oc—
1884 588 1942 627 97

165 657 314 702 tavae
353 653 538 702 saeculi
576 653 668 701 XV
708 656 928 702 continet

274 727 357 775 fol.
394 730 419 774 1
462 726 713 791 Λιβανίου
745 735 980 791 σοφιστοῦ
1011 726 1316 794 κοιαίστορος
1339 725 1539 791 μελέται.
1602 728 1852 794 Πρεσβευ-

167 799 298 860 τικὸς
335 799 458 867 πρὸς
504 799 618 861 τοὺς
656 808 812 867 τρῶας
850 799 972 867 ὑπὲρ
1011 799 1190 866 ἕλένης.
1268 799 1528 860 Μενέλαος

278 876 335 922 5ν
378 877 477 923 Τοῦ
509 873 662 924 αὐτοῦ
701 874 1046 941 πρεσβευτικὸς
1085 875 1155 935 εἰς
1178 874 1292 935 τοὺς
1330 882 1487 942 τρῶας
1516 872 1641 941 ὑπὲρ
1673 873 1852 939 ἓλένης.

160 944 426 1007 Ὀδυσσεύς

278 1024 372 1071 2οῩ
410 1022 770 1089 Πρεσβευτικὸς
793 1022 915 1089 πρὸς
939 1021 1130 1088 άχιλλέα
1160 1021 1284 1089 ὑπὲρ
1309 1021 1539 1088 ἓλλήνων.
1601 1019 1853 1082 ὅδυσσεύς.

166 1094 444 1163 ἀριστείδου
483 1096 689 1163 ῥήτορος

278 1172 345 1219 28
385 1171 636 1235 Λιβανίου
667 1169 790 1239 πρὸς
820 1169 906 1221 τὸν
937 1167 1182 1231 ὀδυσσέως
1219 1171 1567 1238 πρεσβευτικὸν
1604 1168 1855 1236 ἀντιλογία

166 1238 284 1310 παρ’
312 1242 539 1310 ἆχιλλέως

278 1321 347 1366 44
382 1312 638 1379 Ὑπόθεσις
683 1326 770 1385 τῆς
816 1325 904 1369 τοῦ
954 1319 1230 1385 πατρόκλου
1284 1317 1480 1383 μελέτης
1534 1336 1645 1368 cum
1694 1319 1849 1367 decla-

170 1394 387 1441 matione
426 1395 537 1455 ipsa

279 1467 373 1515 58v
428 1470 527 1516 Τοῦ
565 1466 720 1517 αὐτοῦ
764 1467 993 1532 λιβανίου
1032 1474 1271 1530 σοφιστοῦ
1309 1467 1462 1531 τίμων
1500 1465 1625 1533 ἐρῶν
1663 1464 1852 1530 ἀλκιβι-

166 1540 293 1589 άδου
332 1539 508 1591 ἑαυτὸν
546 1540 889 1608 προσαγγέλλει
927 1557 1037 1590 cum
1076 1542 1361 1604 protheoria

279 1615 345 1663 68
408 1618 521 1663 Τοῦ
561 1614 743 1664 αὐτοῦ
782 1613 1206 1681 πρεσβευτικὸς
1244 1613 1389 1680 πρὸς
1426 1612 1526 1663 τὸν
1565 1612 1853 1680 αὐτοκρά-

166 1706 306 1753 τορα
346 1687 661 1737 ιὀυλιανόν

281 1764 374 1810 79
413 1762 609 1810 Λυσίου
633 1761 839 1828 ῥήτορος
869 1760 1126 1825 ἐπιτάφιος
1156 1765 1258 1822 τοῖς
1287 1762 1560 1826 κορινθίων
1587 1761 1799 1826 βοηθοῖς
1810 1755 1854 1828 1)

279 1836 374 1883 89*
412 1834 665 1895 Δύσκολος
688 1836 835 1885 λάλον
866 1836 1027 1901 γήμας
1056 1840 1268 1902 γυναῖκα
1291 1834 1466 1886 ἑαυτὸν
1489 1833 1853 1902 προσαγγέλλει·

167 1909 419 1973 Λιβανίου

279 1984 346 2031 98
407 1983 720 2050 Φιλαργύρου
767 1987 884 2042 παῖς
933 1991 1020 2033 τοῦ
1058 1982 1240 2051 πατρὸς
1279 1982 1432 2034 αὐτοῦ
1470 1983 1744 2049 κάμνοντος
1781 2010 1855 2016 ——

166 2055 372 2121 ὑγιάνας
412 2053 437 2105 ὁ
477 2056 635 2123 πατὴρ
674 2055 999 2123 ἀποκηρύττει
1035 2057 1122 2107 τὸν
1155 2057 1323 2106 παῖδα.

281 2133 383 2180 105
439 2138 527 2180 τοῦ
580 2130 734 2181 αὐτοῦ
788 2132 1009 2201 μονῳδία
1061 2130 1141 2181 ἐπὶ
1189 2136 1254 2200 τῷ
1303 2130 1560 2200 παραβάτῃ
1613 2130 1856 2199 ιὀυλιανῷ.

278 2205 424 2254 Folia
457 2209 562 2254 110
602 2207 655 2253 et
697 2209 797 2254 111
840 2221 998 2254 vacua
1036 2209 1164 2254 sunt.

284 2281 386 2326 112
427 2286 514 2327 τοῦ
553 2277 707 2328 αὐτοῦ
745 2278 1002 2342 ἐπιτάφιος
1040 2277 1120 2329 ἐπὶ
1160 2279 1392 2347 ἰουλιανῷ
1424 2284 1491 2348 τῷ
1529 2278 1802 2347 παραβάτῃ.

282 2352 510 2401 Codicem
551 2352 694 2415 Spyr.
734 2353 972 2402 Lambros
1021 2370 1149 2404 anno
1193 2354 1333 2402 1884
1380 2355 1595 2416 inspexit
1642 2353 1856 2415 descrip-

165 2428 449 2489 tionemque
487 2427 611 2474 mihi
641 2429 779 2475 misit
808 2428 958 2490 paulo
991 2429 1314 2490 copiosiorem
1347 2443 1495 2489 quam
1526 2443 1651 2490 quae
1683 2429 1859 2488 postea

172 2499 233 2547 ab
273 2516 329 2548 eo
367 2502 501 2562 typis
540 2501 777 2549 mandata
815 2504 902 2549 est.
918 2495 960 2567 ²)

281 2633 321 2679 Ε
362 2649 571 2695 quorum
610 2632 833 2680 codicum
870 2649 1072 2682 numero
1113 2649 1235 2695 quos
1283 2633 1470 2681 contuli
1519 2631 1684 2681 decem
1726 2631 1872 2681 GAP·

181 2706 430 2754 UVIBM
453 2705 815 2755 Laurentianus
846 2706 987 2754 LVII
1013 2708 1082 2755 20
1123 2705 1465 2755 casanatensis
1505 2708 1557 2754 in
1596 2706 1718 2754 duas
1757 2705 1853 2754 dis-

287 2833 329 2887 1)
362 2830 427 2876 Cf.
462 2844 602 2888 supra
632 2846 677 2888 p.
704 2836 730 2874 5
765 2831 823 2875 de
853 2830 1066 2876 Parisino
1098 2847 1165 2889 gr.
1193 2836 1321 2876 3017.

169 2948 202 2989 t·
228 2947 248 2991 I
279 2892 330 3004 Ι2))
349 2889 702 2993 ἓεῗαέοξιέοἶθοΐ
719 2890 800 2935 the
823 2889 966 2946 greek
990 2890 1301 2947 Manuscripts
1330 2905 1389 2935 on
1413 2891 1494 2936 the
1517 2890 1684 2936 Mount
1705 2888 1863 2934 Athos.
