2060 3162
657 133 887 178 LIBANII
919 133 1144 178 ORATIO
1176 134 1325 178 XXIV
1736 134 1843 187 509

153 276 334 323 toriam
379 276 487 322 tum
534 274 729 322 demum
775 277 1084 337 reportatum
1130 276 1194 322 iri
1240 275 1448 337 spondet
1493 276 1683 336 rhetor,
1734 291 1845 323 cum

154 350 424 410 imperator
476 349 574 409 ipsi
619 348 804 396 Iuliani
851 349 1014 397 caedis
1061 349 1301 397 ultionem
1347 351 1539 411 petenti
1585 349 1844 397 obsecutus

156 416 379 488 fuerit.1)
455 422 587 469 Ante
620 423 751 470 diem
782 424 938 485 igitur
969 422 1113 470 XVII
1144 425 1326 471 mensis
1359 423 1650 472 Novembris
1686 416 1844 489 3792)

156 497 432 544 orationem
471 498 802 558 conscriptam
842 513 944 545 esse
984 490 1265 563 arbitror3).

270 569 324 616 Si
348 570 679 632 compluribus
713 571 833 618 locis
869 564 1155 636 (p.523‚17
1190 566 1294 618 ἀλλ’
1323 568 1472 634 ὑμᾶς
1511 566 1556 636 y’
1586 569 1733 637 ἐχρῆν
1764 569 1846 620 καὶ

154 643 309 702 οὕτως
333 641 614 707 ἀνιχνεῦσαι
638 646 734 692 κτλ.
763 661 918 706 usque
944 645 1007 693 ad
1030 662 1076 706 p.
1098 646 1261 706 524,9
1288 643 1622 708 κεκινημένων
1648 642 1701 694 δὲ
1731 652 1846 694 τῶν

156 715 445 782 βασιλέων
485 745 557 750 -
596 716 773 782 ταχέως
812 718 881 777 εἰς
921 726 1029 781 φῶς
1068 717 1259 782 ἔμελλεν
1297 717 1433 782 ἥξειν
1474 722 1522 767 et
1560 737 1606 782 p.
1636 721 1843 782 525‚17

155 788 186 854 ἡ
236 785 280 839 δ’
318 790 480 854 ὑμῶν
529 799 638 839 τῶν
684 790 975 856 βασιλέων
1024 786 1328 859 (δύναμις)
1366 790 1709 859 ,ἀσθενεστέρα
1758 800 1847 858 τῆς

154 865 318 931 θήρας
343 881 496 928 usque
518 867 581 913 ad
604 884 650 928 p.
668 867 868 927 526,16
896 866 1129 930 ποιήσατε
1153 866 1268 926 τοὺς
1284 867 1574 931 στρατιώτας
1599 870 1648 916 et
1665 869 1847 930 p.527,

159 941 225 987 14
265 936 502 998 λυσιτελὲς
540 933 702 1006 ὑμῖν)
743 940 980 989 Libanius
1027 958 1231 989 numero
1278 942 1465 1004 plurali
1503 944 1684 1003 utitur,
1736 958 1848 990 cum

155 1014 430 1062 Theodosio
462 1016 714 1077 cogitatur
745 1013 1027 1076 Gratianus,
1068 1031 1097 1063 a
1137 1031 1234 1077 quo
1273 1017 1358 1063 ille
1398 1016 1478 1063 die
1516 1016 1634 1063 XIX
1665 1018 1847 1065 mensis

155 1087 378 1136 Ianuarii
417 1090 536 1135 anni
577 1090 680 1136 379
722 1089 774 1135 in
813 1091 1011 1151 imperii
1049 1091 1353 1138 consortium
1394 1092 1577 1138 ascitus
1618 1092 1704 1138 est.

270 1161 470 1211 Codices
510 1163 688 1224 quibus
729 1165 888 1211 oratio
929 1164 991 1210 ad
1031 1179 1119 1211 nos
1159 1166 1401 1226 pervenit,
1439 1164 1492 1210 hi
1531 1167 1647 1212 sunt
1687 1166 1779 1212 26:

271 1238 315 1283 1.
358 1235 675 1284 Chisianus
714 1237 846 1284 RVI
872 1239 940 1285 43
984 1231 1078 1304 (Ξ
1117 1231 1178 1305 C)
1219 1254 1343 1287 saec.
1376 1233 1575 1302 XIJXII
1613 1239 1697 1286 fol.
1726 1240 1847 1286 228.

156 1310 352 1358 Folium
393 1312 524 1358 231V
571 1310 752 1358 desinit
790 1327 908 1360 voce
947 1311 1130 1369 θυσίας
1172 1330 1218 1374 p.
1248 1314 1369 1373 530,
1390 1314 1443 1373 23
1497 1313 1691 1374 reliqua
1737 1329 1849 1361 cum

155 1386 300 1431 initio
334 1386 573 1432 orationis
605 1387 853 1446 sequentis
886 1383 1016 1450 περὶ
1049 1385 1328 1444 δουλείας
1359 1386 1479 1434 folio
1512 1388 1738 1449 sequenti
1769 1403 1847 1434 ex·

158 1460 256 1506 ciso
298 1459 528 1520 suppleta
574 1461 690 1506 sunt
736 1476 886 1506 manu
926 1461 1110 1508 saeculi
1142 1461 1240 1507 XV
1282 1462 1339 1507 in
1377 1461 1499 1508 folio
1547 1461 1678 1522 quod
1717 1476 1848 1508 nunc

155 1533 309 1579 indici
333 1534 614 1580 orationum
645 1533 916 1594 praefixum
947 1536 1034 1594 est,
1075 1550 1100 1581 e
1125 1534 1290 1582 codice
1314 1535 1621 1583 Monacensis
1653 1551 1723 1599 gr.
1742 1537 1842 1583 101

158 1599 292 1672 (Mo)
335 1607 602 1654 simillimo.
680 1607 807 1654 Vide
847 1624 893 1669 p.
920 1609 1024 1655 445
1060 1611 1109 1655 et
1147 1611 1181 1655 t.
1215 1608 1240 1656 I
1277 1626 1324 1671 p.
1362 1611 1429 1657 10
1447 1624 1516 1670 sq.
1597 1607 1809 1656 Contuli.

270 1682 315 1727 2.
370 1681 742 1729 Monacensis
782 1698 861 1744 gr.
895 1682 1001 1729 483
1055 1683 1170 1730 olim
1212 1682 1598 1746 Augustanus
1640 1676 1734 1749 (=
1776 1677 1846 1750 A)

159 1769 282 1802 saec.
308 1755 351 1801 X
391 1755 474 1802 fol.
505 1755 623 1803 116.
701 1755 826 1802 Vide
859 1758 893 1803 t.
926 1755 952 1803 I
989 1773 1036 1817 p.
1074 1757 1138 1804 15
1156 1773 1226 1818 sq.
1306 1756 1520 1804 Contuli.

270 1829 315 1875 3.
356 1828 686 1876 Vaticanus
727 1829 1046 1878 Palatinus
1088 1847 1166 1894 gr.
1195 1831 1298 1878 282
1340 1823 1436 1897 (=
1470 1824 1532 1897 P)
1573 1846 1697 1878 saec.
1730 1831 1847 1877 XIV

155 1902 405 1949 fol.1()2v.
484 1902 742 1951 Correctus
782 1906 858 1951 est
891 1919 1042 1951 manu
1082 1905 1296 1952 secunda
1335 1921 1359 1952 e
1393 1905 1558 1952 codice
1589 1904 1848 1955 Urbinatis

158 1992 228 2038 gr.
259 1977 359 2023 126
403 1970 495 2042 (U)
537 1977 804 2025 simillimo.
882 1977 1008 2025 Vide
1048 1981 1083 2026 t.
1116 1979 1140 2025 I
1178 1995 1225 2041 p.
1261 1980 1330 2027 20
1349 1994 1418 2041 sq.
1500 1978 1712 2027 Contuli.

0 2072 2 2094 ε
271 2052 318 2097 4.
373 2049 814 2099 Laurentianus
854 2051 995 2099 LVII
1022 2054 1086 2100 27
1139 2069 1266 2100 anno
1311 2054 1451 2101 1392
1504 2055 1717 2115 scriptus
1763 2053 1847 2101 fol.

0 2169 7 2203 ,Ε
89 2144 95 2149 ·
161 2124 305 2171 355¹<
383 2124 508 2171 Vide
548 2127 582 2172 t.
609 2124 634 2172 I
671 2142 718 2187 p.
755 2127 820 2173 59
841 2141 911 2187 sq.
952 2128 1001 2174 et
1041 2128 1124 2174 69.

277 2297 319 2352 1)
351 2294 418 2338 Cf.
442 2310 487 2351 p.
508 2300 674 2350 521‚13
708 2296 906 2354 χρηστὸν
939 2296 1079 2340 οὐδὲν
1113 2297 1162 2341 ἐν
1195 2294 1359 2350 ἐλπίσι,
1391 2296 1511 2353 πλὴν
1543 2297 1585 2341 εἰ
1606 2295 1849 2354 πεισθείης

157 2370 249 2410 μοι,
281 2355 479 2412 βασιλεῦ.
511 2370 556 2411 p.
575 2359 676 2410 532,
696 2360 748 2398 12
774 2354 885 2413 λάβε
908 2363 1088 2410 πεῖραν,
1114 2351 1149 2399 ὦ
1174 2357 1374 2414 βασιλεῦ,
1399 2362 1481 2412 τῆς
1504 2357 1699 2412 γνώμης,
1724 2356 1847 2412 ἅψαι

155 2418 236 2468 τῆς
258 2412 498 2471 βοηθείας,
521 2414 601 2458 καὶ
625 2413 820 2473 κεκτήσῃ
845 2414 930 2472 τὴν
951 2417 1094 2472 τύχην
1119 2417 1211 2459 κτλ.
1245 2415 1307 2459 ib.
1330 2420 1384 2459 16
1410 2414 1520 2472 ὄψει
1547 2416 1656 2465 τοὺς
1679 2415 1849 2466 αὐτοὺς

157 2472 438 2526 στρατιώτας
468 2475 558 2516 κτλ.

277 2533 320 2587 2)
354 2530 419 2574 Cf.
447 2530 720 2575 Consularia
744 2531 1264 2588 Constantinopolitana
1292 2533 1362 2577 ed.
1390 2533 1646 2577 Mommsen
1680 2532 1847 2578 Chron.

156 2589 268 2632 min.
295 2603 413 2633 saec.
438 2589 669 2634 IV.V.VI.
687 2591 772 2635 VII
803 2592 953 2648 (Auct.
980 2592 1223 2647 antiquiss.
1249 2594 1280 2635 t.
1299 2592 1362 2635 IX
1393 2594 1514 2648 part.
1539 2594 1658 2648 post.
1684 2607 1728 2648 p.
1746 2597 1847 2647 243,

160 2653 258 2693 379.
322 2650 503 2693 Deinde
540 2651 754 2694 victoriae
792 2651 1034 2695 nuntiatae
1071 2657 1181 2696 sunt
1219 2652 1436 2695 adversus
1471 2651 1638 2696 Gothos
1670 2653 1848 2696 Alanos

158 2714 291 2763 atque
324 2709 492 2752 Hunos
528 2709 600 2752 die
633 2710 741 2752 XV.
778 2709 838 2752 K.
866 2710 991 2766 Dec.)
1040 2709 1263 2766 (Theoph.
1289 2725 1334 2766 p.
1354 2714 1423 2763 66,
1445 2713 1499 2752 18
1532 2710 1602 2754 ed.
1638 2710 1696 2754 de
1726 2711 1848 2754 Boor

159 2763 294 2817 οὗτος
326 2767 500 2817 εὐθὺς
528 2768 637 2817 τοὺς
670 2768 719 2812 ἐν
755 2766 918 2826 Θράκῃ
951 2768 1215 2826 βαρβάρους
1246 2768 1365 2812 κατὰ
1397 2768 1566 2824 κράτος
1604 2767 1844 2827 ἐνίκησεν).

160 2824 225 2869 Cf.
253 2825 445 2878 SieverS‚
479 2825 672 2869 Studien
705 2841 785 2869 zur
808 2813 1086 2872 Creschichte
1118 2828 1201 2871 der
1231 2832 1342 2871 rom.
1369 2827 1534 2871 Kaiser
1563 2843 1608 2884 p.
1635 2832 1734 2871 296.

278 2887 322 2942 3)
354 2884 393 2927 A
418 2897 524 2928 mea
546 2899 692 2941 prope
717 2885 851 2929 abest
875 2885 1032 2942 opinio
1055 2886 1228 2930 Olearii
1249 2886 1399 2943 (Fabr.
1418 2886 1537 2930 Bibl.
1558 2887 1632 2931 Gr.
1646 2886 1729 2931 VH
1745 2889 1845 2945 145)

158 2943 357 2998 probata
389 2943 615 2988 Sieversio
648 2944 819 3001 (Leben
852 2944 933 2989 des
965 2945 1189 2988 Libanius
1220 2960 1264 3002 p.
1286 2947 1401 3002 132).
