2072 3162
682 137 911 182 LIBANII
942 135 1167 181 ORATIO
1199 136 1308 180 xm
1769 135 1837 187 61

156 282 292 329 banii
351 279 600 340 Sophistae
659 278 988 339 Pameyyricus
1049 278 1248 325 Iuliano
1309 277 1603 336 Imperatori
1670 278 1838 325 dictus.

151 355 271 403 Fed.
314 353 553 402 Morellus
600 352 734 412 Prof.
787 355 830 399 et
880 354 1080 412 interpr.
1126 352 1242 413 Rey.
1293 350 1486 399 Graeca
1538 365 1660 410 quae
1711 365 1843 400 nwnc

144 430 363 489 primum
401 442 425 475 e
462 426 594 475 Bibl.
639 441 736 486 rey.
773 427 1038 485 prodewnt,
1083 426 1341 480 recensuit,
1387 425 1567 473 Latine
1611 428 1752 474 vertit
1801 429 1845 474 et

151 503 279 550 notis
315 502 591 549 illustravit.
660 498 745 548 Ad
775 499 1080 548 Dadovicwm
1113 499 1276 547 XIII.
1300 499 1478 559 Regem
1511 499 1841 548 Christianiss.

151 576 361 624 Parisiis
398 573 551 635 Apud
587 573 708 622 Fed.
747 574 1012 622 Morellwm
1048 571 1303 622 MDOX.“
1379 573 1644 622 Antecedit
1681 576 1841 623 versio

153 650 312 697 latina
344 642 414 716 (p.
443 642 649 715 5—23)
688 648 848 696 textui
879 663 1055 711 graeco
1087 641 1157 714 (p.
1188 641 1390 714 1-21)
1432 649 1481 694 et
1512 649 1644 696 notis
1675 642 1746 715 (p.
1772 650 1839 696 22

153 717 345 790 —24):
397 739 604 784 quarum
647 723 792 786 longe
833 721 1128 786 gravissima
1166 724 1240 770 est
1278 722 1454 783 prima,
1496 738 1593 784 qua
1633 723 1692 771 de
1731 723 1843 771 sub-

154 797 293 845 sidiis
333 796 517 846 criticis
563 796 713 844 verba
751 796 871 844 fecit
915 797 968 843 in
1006 796 1135 843 hunc
1184 796 1406 843 modum:
1454 796 1659 845 Duobus
1696 797 1844 858 Reyis

152 872 394 920 codicibus
430 872 511 919 usi
547 885 742 919 sumus:
781 873 824 919 et
860 871 1062 919 alterius
1092 871 1215 918 alter
1243 871 1473 930 poscebat
1500 885 1636 930 opem
1662 870 1844 920 Codex:

150 945 227 993 hic
263 947 520 993 recentiore
559 948 602 992 et
637 946 889 992 incultiore
925 958 1093 1000 manu,
1132 946 1214 992 ille
1251 945 1505 992 vetustiore
1544 948 1586 992 et
1613 946 1846 1005 peritiore

153 1023 395 1068 exaratus.
476 1018 515 1067 Ο
554 1021 598 1067 si
636 1020 804 1067 tertius
850 1019 1117 1078 adfuisset!
1159 1019 1473 1079 praeclarius
1518 1022 1638 1068 certe
1681 1020 1844 1067 nobis-

153 1108 262 1142 cum
299 1095 462 1142 actum
500 1096 629 1142 esset.
691 1093 777 1142 hoc
807 1096 1037 1152 optemus,
1074 1094 1151 1141 his
1179 1094 1374 1141 interim
1402 1093 1635 1152 fruamur
1666 1097 1709 1141 et
1737 1108 1845 1141 cum

151 1168 463 1216 coniectwneis
508 1167 700 1216 Scholia
752 1180 936 1227 quoque
985 1168 1150 1228 yraeci
1199 1165 1423 1215 Censoris
1466 1168 1843 1227 perpendamus.

157 1239 377 1297 Quorum
413 1243 646 1290 recentior
677 1244 721 1288 et
748 1242 1000 1289 incultiore
1028 1256 1183 1289 manu
1215 1244 1445 1289 exaratus
1483 1242 1559 1290 est
1589 1241 1844 1289 Parisinus

155 1332 224 1380 gr.
253 1317 356 1364 963
392 1309 461 1382 (n.
489 1309 582 1382 32)
615 1315 799 1363 saeculi
829 1315 935 1375 XV,
976 1315 1095 1363 olim
1127 1314 1404 1363 Cardinalis
1436 1315 1702 1378 Rodulphi,
1730 1316 1845 1363 inde

152 1389 214 1437 ab
262 1405 389 1437 anno
433 1390 572 1438 1599
621 1390 806 1452 Regiae
852 1389 1201 1449 bibliothecae,
1252 1389 1338 1451 qui
1385 1390 1538 1437 etiam
1583 1390 1770 1439 scholia
1817 1406 1846 1438 a

155 1463 362 1512 Morello
401 1463 681 1527 significata
721 1466 771 1511 et
808 1463 1064 1525 publicata
1102 1463 1336 1524 continet,
1376 1463 1502 1511 alter
1538 1465 1767 1512 vetustior
1805 1466 1849 1510 et

146 1539 378 1596 peritiore
429 1552 583 1586 manu
636 1541 866 1585 exaratus
919 1537 1064 1585 debet
1117 1553 1220 1586 esse
1274 1536 1529 1585 Parisinus
1580 1554 1650 1601 gr.
1701 1538 1843 1586 3035

157 1604 226 1676 (n.
260 1604 354 1676 46)
403 1611 588 1660 saeculi
626 1610 759 1671 XIV,
804 1611 926 1659 item
971 1611 1092 1658 olim
1140 1610 1416 1659 Cardinalis
1462 1611 1736 1674 Rodulphi‚
1790 1613 1847 1658 ut

154 1700 304 1747 supra
350 1684 563 1747 ostendi,
617 1685 755 1732 cuius
810 1700 922 1732 cum
976 1684 1224 1733 codicibus
1271 1700 1399 1733 anno
1450 1686 1590 1733 1599
1637 1686 1847 1750 Regiam

152 1758 503 1806 bibliothecam
540 1759 767 1819 intrasse,
806 1774 864 1806 ex
894 1759 987 1806 hac
1017 1774 1133 1807 vero
1171 1760 1346 1820 postea
1385 1759 1580 1821 elapsus
1619 1759 1741 1807 alibi
1775 1761 1845 1807 la-

153 1833 306 1881 tuisse
361 1832 628 1881 censendus
683 1834 778 1893 est,
832 1833 987 1881 donec
1039 1833 1092 1881 in
1136 1848 1311 1880 manus
1360 1832 1599 1895 Stephani
1652 1834 1847 1882 Baluzii

156 1907 347 1954 veniret
383 1908 553 1969 itaque
592 1907 646 1954 in
682 1906 824 1954 illam
854 1906 1051 1968 rediret,
1089 1908 1187 1955 nisi
1224 1908 1470 1955 malumus
1510 1909 1727 1956 statuere
1766 1908 1846 1957 hic

155 1996 349 2043 quoque
387 1980 649 2029 Morellum
695 1996 904 2041 errasse,
949 1983 1007 2029 ut
1051 1981 1259 2041 Regium
1304 1982 1584 2029 nominaret
1629 1981 1846 2030 codicem

154 2055 238 2115 qui
276 2070 446 2102 revera
478 2055 696 2102 nondum
733 2055 785 2101 in
815 2054 1115 2104 bibliotheca
1145 2054 1301 2119 Regia
1341 2057 1460 2103 erat.
1524 2055 1685 2104 Codex
1716 2058 1846 2105 enim

155 2129 240 2189 qui
277 2129 404 2176 hanc
443 2129 718 2177 orationem
756 2129 976 2178 continet
1014 2145 1174 2191 neque
1220 2129 1354 2177 ullus
1401 2130 1528 2177 alius
1574 2130 1627 2177 in
1668 2130 1845 2179 biblio-

152 2202 298 2250 theca
334 2203 483 2265 Regis
529 2203 626 2250 fuit
674 2218 831 2265 neque
873 2203 1018 2251 hodie
1063 2205 1116 2250 in
1161 2202 1461 2252 bibliotheca
1498 2203 1726 2253 Parisina
1773 2207 1846 2253 est

152 2279 352 2338 praeter
404 2276 515 2324 Par.
564 2294 635 2339 gr.
678 2277 836 2337 3017,
891 2276 1061 2339 Suppl.
1104 2278 1232 2338 656,
1284 2276 1430 2325 Coisl.
1474 2278 1579 2326 180
1630 2278 1715 2340 qui
1766 2294 1845 2327 ae-

152 2351 258 2398 tate
310 2351 468 2398 multo
522 2350 719 2398 demum
771 2351 1041 2413 posteriore
1093 2350 1422 2400 bibliothecae
1475 2351 1660 2416 Regiae
1714 2353 1845 2400 illati

154 2426 282 2472 sunt.

269 2497 391 2546 Cum
421 2500 627 2560 uterque
668 2498 819 2547 codex
858 2499 1178 2548 scholasticus
1211 2500 1290 2559 sit,
1329 2501 1493 2547 textus
1524 2500 1843 2548 Morellianus

155 2565 249 2637 (=
283 2564 438 2638 Mor),
493 2573 580 2633 qui
631 2574 684 2619 in
729 2572 944 2620 editione
991 2588 1195 2636 operum
1239 2572 1438 2621 Libanii
1486 2575 1521 2620 t.
1561 2573 1611 2621 H
1656 2590 1702 2636 p.
1739 2575 1842 2622 173

157 2645 337 2693 —184
378 2661 489 2692 cum
526 2646 775 2708 plerisque
812 2648 943 2694 notis
984 2640 1052 2713 (p.
1082 2640 1212 2713 184)
1259 2646 1498 2709 repetitus
1546 2650 1640 2710 est,
1688 2663 1718 2695 a
1763 2664 1843 2711 ge-

153 2719 305 2766 nuino
343 2720 557 2766 multum
595 2720 791 2768 recedit.
869 2718 1024 2776 Quem
1058 2720 1286 2768 Reiskius
1320 2713 1414 2787 (=
1447 2715 1542 2786 Re)
1580 2720 1850 2770 Animadv..

154 2790 202 2837 V
239 2809 286 2854 p.
322 2794 610 2840 111—-115
651 2793 966 2855 coniecturis,
1008 2796 1062 2842 in
1099 2793 1314 2842 editione
1355 2811 1382 2842 a
1421 2796 1628 2858 coniuge
1667 2796 1844 2843 emissa

154 2863 352 2914 Altenb.
388 2867 529 2914 1784
576 2884 623 2929 p.
660 2868 976 2929 178—1863
1025 2868 1097 2915 ed.
1138 2868 1223 2915 alt.
1272 2861 1466 2933 (1791)
1517 2871 1552 2916 t.
1584 2869 1610 2915 I
1654 2885 1701 2930 p.
1735 2868 1840 2916 405

158 2939 336 2987 —423
378 2939 527 2987 etiam
567 2955 658 3002 ope
698 2940 919 2989 codicum
959 2940 1008 2989 A
1048 2944 1098 2989 et
1128 2942 1217 2988 Mo
1263 2943 1509 3005 sagaciter
1546 2943 1597 2989 et
1634 2941 1844 2989 feliciter
