2060 3162
272 127 379 180 352
791 127 1019 171 LIBANII
1050 126 1272 171 ORATIO
1305 127 1454 172 XVIII

271 263 425 331 ἡμῶν
464 262 713 332 ἀσπίδας,
754 261 871 314 ἀλλ’
902 263 1077 325 εὐθὺς
1122 261 1466 326 ἐκκλίναντες
1510 266 1752 332 ἔφευγον
1790 266 1852 319 ἓν
1890 261 1952 319 εὖ

271 359 434 404 τοῦτο
474 352 768 419 ἠσκηκότες
805 359 904 404 τοῦ
939 350 1182 420 πολέμου
1222 352 1283 404 τὸ
1310 351 1492 422 μέρος.
1569 352 1691 405 265.
1727 353 1822 406 καὶ
1852 362 1953 407 τοῦ

273 443 469 492 λοιποῦ
509 440 806 509 παράταξις
835 437 937 507 μὲν
968 440 1214 508 οὐδεμία,
1254 439 1452 494 κλοπαὶ
1492 438 1552 494 δὲ
1582 440 1670 494 καὶ
1706 442 1955 510 ἀγεννεῖς

271 528 474 596 ὀλίγων
514 528 722 582 ἱππέων
761 530 957 598 ἔφοδοι
1002 539 1117 591 τοῖς
1161 528 1417 592 ὑστάτοις
1460 528 1521 583 ἐκ
1566 531 1794 600 τάφρων
1840 530 1954 584 ἐπι-

227 639 246 670 5
270 618 576 686 πηδώντων
622 618 755 671 οὐδὲ
803 620 925 670 τότε
970 620 1300 671 κτεινόντων
1343 622 1553 685 μᾶλλον
1597 618 1631 687 ἢ
1679 622 1953 688 θνησκόν-

271 726 395 760 των.
472 715 572 760 τοῦ
626 708 731 776 γὰρ
796 706 1000 769 ἱππέως
1051 707 1232 760 ὑπιὼν
1285 706 1313 759 ὁ
1365 706 1588 776 ὁπλίτης
1640 708 1700 760 τὸ
1755 709 1892 778 δόρυ
1938 707 1951 778 Ι

181 809 327 852 R612
369 794 515 864 ξίφει
553 796 651 849 τὸν
689 796 859 848 ἵππον
904 795 1254 866 ἀναρρηγνὺς
1293 794 1636 866 ἀμφοτέρους
1680 792 1825 864 εἶχεν
1865 795 1954 849 ἐπὶ

269 891 369 952 γῆς
406 885 495 936 καὶ
542 883 765 953 ἕτοιμόν
810 904 872 952 γε
919 886 998 947 εἰς
1042 886 1259 953 πληγὴν
1305 885 1404 937 τὸν
1444 883 1504 937 έν
1541 891 1616 956 τῷ
1656 894 1845 954 χιτῶνι
1882 892 1958 958 τῷ

270 974 493 1044 σιδηρῷ.
570 973 694 1026 266.
735 975 791 1026 οἱ
822 970 923 1041 μὲν
952 968 1411 1044 οὗνπροσιόντες
1439 980 1664 1026 τοιαῦτα
1696 976 1953 1043 ἔπασχον,

204 1085 246 1116 10
270 1062 324 1113 οἱ
364 1061 425 1113 δὲ
455 1063 752 1132 πόρρωθεν
785 1062 1083 1131 ἰσχύοντες,
1123 1063 1177 1114 οἱ
1207 1060 1440 1130 τοξόται,
1479 1063 1539 1114 τὸ
1571 1060 1732 1129 βέλος
1763 1061 1951 1131 ἀφιέν-

267 1169 356 1212 τες
395 1148 480 1202 ἐπὶ
521 1151 703 1218 γυμνὰ
741 1157 839 1202 τοῦ
880 1151 1215 1217 στρατιώτου
1261 1151 1328 1202 τὰ
1374 1148 1526 1212 δεξιὰ
1569 1151 1706 1221 πρὸς
1751 1151 1953 1214 αὐτούς

268 1258 325 1290 τε
371 1236 593 1304 βλέπειν
637 1238 945 1306 ἠνάγκαζον
989 1237 1078 1290 καὶ
1126 1241 1291 1307 σχολῇ
1331 1238 1597 1308 προϊέναι.
1673 1237 1953 1309 προῄεσαν

267 1325 455 1393 μέντοι
493 1327 585 1379 καὶ
622 1328 683 1380 τὸ
722 1326 893 1395 νέφος
932 1327 1035 1380 οὐκ
1073 1325 1278 1379 ἐκώλυε
1316 1336 1428 1379 τῶν
1466 1329 1645 1394 βελῶν
1683 1329 1761 1391 εἰς
1792 1329 1949 1381 ἅπαν,

268 1414 518 1468 ἐλαύνων
557 1416 661 1485 γὰρ
701 1423 946 1484 πανταχῆ
985 1416 1084 1468 τὸν
1109 1416 1286 1468 ἵππον
1317 1415 1346 1469 ὁ
1372 1418 1636 1484 ,βασιλεὺς
1668 1415 1953 1487 ἐπεκούρει

203 1527 244 1560 15
269 1510 344 1576 τῷ
376 1503 672 1576 πιεζομένω
720 1506 916 1572 λόχους
953 1523 1010 1557 τε
1055 1503 1162 1557 ἀπὸ
1200 1513 1313 1558 τῶν
1364 1503 1424 1557 ἐν
1471 1504 1627 1575 ἀδείᾳ
1671 1513 1788 1567 τοῖς
1833 1507 1953 1559 δεο-

267 1591 453 1661 μένοις
507 1594 659 1660 ἄγων
711 1591 803 1645 καὶ
856 1595 985 1655 τοὺς
1025 1592 1295 1663 ἀρίστους
1339 1601 1451 1646 τῶν
1498 1603 1817 1663 στρατηγῶν
1860 1592 1942 1647 ἐπ’

268 1680 443 1750 οὐρὰν
480 1681 722 1750 πέμπων.

379 1770 501 1822 267.
542 1769 725 1839 Μέχρι
755 1771 856 1837 μὲν
888 1765 992 1822 οὗν
1020 1771 1234 1823 τούτων
1274 1769 1479 1833 ἐκεῖνός
1517 1790 1574 1824 τε
1611 1780 1784 1824 νικῶν
1823 1771 1951 1840 ἐχώ-

388 1978 414 2017 8
447 1970 594 2017 Amm.
622 1973 747 2017 XXV
774 1980 813 2029 1,
834 1980 886 2018 12

389 2171 410 2208 1
446 2163 734 2221 ἐγκλίναντες
759 2167 802 2210 V
837 2168 842 2222 Ι
878 2166 1053 2222 ἔφυγον
1078 2167 1150 2209 La
1190 2165 1195 2223 Ι
1235 2165 1284 2210 ἓν
1318 2161 1367 2208 εὖ
1401 2165 1565 2221 scripsi
1597 2179 1620 2209 e
1648 2166 1738 2210 VU
1793 2166 1841 2210 ἓν
1875 2179 1949 2210 om

268 2226 342 2269 La
434 2222 483 2268 εὖ
517 2238 591 2267 om
627 2225 902 2269 OBMoMP
931 2225 1021 2267 edd
1090 2220 1139 2268 εὗ
1173 2238 1228 2268 ex
1260 2224 1309 2268 ἓν
1341 2238 1442 2267 corr
1466 2226 1498 2267 I
1506 2224 1522 2248 ²
1643 2230 1667 2268 2
1700 2228 1948 2269 τουλοιποῦ

267 2329 313 2371 Β
325 2329 392 2372 VI
422 2329 468 2371 eb
498 2327 548 2370 in
577 2334 659 2371 τοῦ
690 2330 852 2371 λοιποῦ
893 2341 994 2371 corr
1027 2326 1098 2372 Ρ8
1278 2332 1303 2370 3
1351 2300 1575 2384 uzon‘ffq‘B
1671 2328 1818 2385 κλοπὴ
1859 2330 1922 2373 Μ

268 2431 478 2487 ἀγεννεῖς
509 2430 554 2474 Ρ
581 2431 662 2474 sed
686 2447 712 2474 ν
744 2429 942 2474 alterum
973 2430 1097 2474 inser
1123 2430 1192 2473 m³
1252 2401 1450 2487 ἀγεννξῇις
1481 2432 1526 2475 Β
1647 2435 1674 2473 4
1706 2418 1879 2487 ἔφοδθςι·
1903 2432 1949 2474 Β

272 2490 277 2547 Ι
314 2490 645 2546 ἐπιπηδώντων
684 2491 719 2533 Ι
750 2489 832 2532 sed
872 2489 947 2533 ἐπι
985 2489 1109 2533 inser
1146 2488 1216 2532 m'
1351 2489 1657 2546 ἐκπηδώντων
1691 2491 1741 2543 V,
1786 2490 1949 2546 ἐπιπη-

267 2549 456 2592 δώντων
480 2551 650 2604 μᾶλλον
672 2549 722 2591 in
744 2561 877 2605 marg
899 2563 925 2591 r
1040 2553 1065 2591 5
1090 2547 1369 2592 κτεινάντων
1396 2550 1439 2593 V
1545 2553 1570 2591 6
1596 2548 1620 2592 ὁ
1645 2548 1819 2592 inserui
1873 2562 1949 2592 om

268 2609 314 2651 P
342 2607 431 2651 edd
567 2612 592 2650 9
626 2609 796 2663 σιδηρᾶ)
827 2608 862 2650 Ι
886 2607 968 2650 sed
999 2609 1162 2650 acutus
1194 2620 1334 2664 supra
1365 2625 1393 2664 η
1427 2621 1548 2662 eras,
1589 2621 1614 2651 e
1646 2606 1815 2661 σιδήρω
1849 2620 1949 2650 corr

268 2695 340 2739 Ρ8
400 2684 615 2752 σιδηροὲίω
654 2697 700 2740 Β
761 2699 931 2751 σιδηρω
981 2697 1026 2740 U
1141 2700 1196 2739 10
1236 2694 1485 2752 αμφιέντες
1524 2696 1564 2740 0
1597 2694 1679 2738 sed
1717 2711 1747 2750 μ
1780 2708 1889 2738 eras

267 2753 464 2809 ἀφέντες
495 2757 540 2799 Β
669 2760 722 2798 11
756 2755 926 2806 αὐτοὺς
958 2755 997 2799 G
1022 2754 1090 2798 Re
1219 2759 1272 2799 13
1306 2754 1506 2799 εἰσάπαν
1538 2753 1792 2798 BVMPU
1815 2755 1862 2797 et
1892 2767 1949 2798 ox

268 2813 335 2863 εἰς
364 2812 493 2857 ἅπαν
524 2827 626 2858 corr
655 2816 691 2858 I
833 2818 888 2856 14
917 2821 1151 2870 πανταχοῖ
1180 2814 1377 2858 OMoLa
1417 2815 1463 2857 effi
1501 2814 1544 2869 (e
1573 2817 1788 2870 πανταχῆ
1831 2826 1931 2856 con·

267 2871 341 2916 12⁸
371 2871 462 2915 edd
591 2877 646 2917 15
677 2870 840 2930 λόχους
870 2872 919 2915 in
949 2886 1025 2916 ras
1052 2872 1128 2917 ,ΡΒ
1183 2871 1351 2929 «λόγους
1384 2873 1435 2917 ΔΙ]
1549 2876 1603 2915 16
1636 2871 1710 2915 ἐπὶ
1743 2871 1831 2915 ΟΠ
1848 2871 1914 2915 εᾱ

272 2927 371 2989 Ιέπ’
402 2929 547 2986 οὐρὰν
580 2945 635 2975 ex
668 2930 870 2986 ἐπουρὰν
903 2944 1003 2974 corr
1034 2931 1105 2974 Ρ3
1228 2935 1280 2975 18
1313 2927 1396 2974 οὖν
1428 2945 1503 2975 om
1543 2931 1587 2974 U
1638 2929 1764 2973 inser
1794 2929 1860 2974 P³
