2060 3162
253 101 360 154 208
761 100 987 144 LIBANII
1018 99 1241 144 ORATIO
1274 100 1402 145 XVII

253 241 413 290 λεσεν
459 235 745 306 ἀστραβῆ
796 237 986 288 κίονα
1030 235 1214 304 ὀρθῶς
1259 237 1588 304 προσειπών.
1663 237 1929 298 πεσόντος

252 326 356 394 γὰρ
397 323 483 378 ἐπὶ
522 330 738 394 σαθροῦ
786 325 847 376 τὸ
874 322 1048 377 Ἴλιον
1087 325 1320 392 εἱστήκει
1364 325 1453 378 καὶ
1501 325 1695 377 αὐτίκα
1741 321 1929 390 ἔμελλε

253 416 535 466 κείσεσθαι
580 413 712 482 μετὰ
757 420 857 465 τοῦ
884 410 1160 481 ’Ἕκτορος
1235 413 1364 465 νυνὶ
1415 409 1475 465 δὲ
1521 412 1588 465 οὐ
1634 420 1759 481 μιᾶς
1804 413 1929 481 περὶ

253 503 351 555 τὸν
383 499 790 570 Ἑλλήσποντον
828 503 1034 563 πόλεως
1073 500 1208 554 οὐδέ
1241 519 1303 569 γε
1341 498 1546 563 ἔθνους
1585 499 1705 562 ἑνὸς
1743 499 1930 553 ἀνατέ-

209 611 230 644 5
254 607 484 659 τραπται
522 591 676 658 κίων,
714 587 830 642 ἀλλ’
866 590 899 657 ἡ
939 588 1075 659 ἀρχὴ
1113 598 1225 642 τῶν
1262 588 1553 658 ἀπογόνων
1584 591 1830 658 Αἰνείου,
1869 590 1929 642 τὸ

256 677 322 731 δέ
357 677 470 731 ε’στι
510 685 609 746 γῆς
648 678 677 731 ὅ
716 697 768 730 τι
807 677 1104 730 κάλλιστον
1137 676 1227 730 καὶ
1257 678 1548 746 θαλάττης,
1589 677 1668 730 ἐπ’
1701 678 1931 740 οὐδενὸς

255 768 484 837 ἰσχυροῦ
515 766 760 835 βέβηκεν.
823 764 941 819 ἀλλ’
972 768 1086 819 ἔστι
1124 764 1214 819 καὶ
1244 775 1355 819 τῶν
1386 766 1452 819 οὐ
1486 767 1701 837 σφόδρα
1732 769 1930 834 βιαίων

252 855 578 924 πνευμάτων
615 862 952 923 κατασεῖσαι,
998 863 1109 907 τῶν
1146 851 1248 923 μὲν
1285 852 1523 908 ἔνδοθεν
1559 857 1798 926 πονηρία
1835 858 1930 907 λυ-

253 943 615 1012 μαινομένων,
669 952 781 996 τῶν
820 940 881 995 δὲ
920 945 1026 995 σὺν
1073 942 1263 1006 ὅπλοις
1304 941 1513 1006 ἔξωθεν
1560 942 1827 996 ἐπιόντων
1871 962 1928 995 τε

188 1054 232 1086 ιο
255 1030 346 1084 καὶ
387 1031 638 1101 ἐχόντων.
1568 1102 1572 1105 γ

364 1120 414 1172 4.
485 1123 618 1172 Τίνα
667 1119 871 1189 μέντοι,
924 1122 1049 1173 τίνα
1093 1125 1245 1173 θεῶν
1291 1119 1584 1185 alvearium
1638 1120 1671 1188 ἢ
1723 1120 1930 1183 πάντας

255 1208 456 1277 ὁμοίως
502 1207 818 1271 ἐκλιπόντας
865 1209 1121 1279 φρουρὰν
1173 1210 1244 1277 ἣν
1297 1209 1538 1277 ὤφειλον
1595 1217 1659 1279 τῇ
1706 1210 1932 1279 γενναίᾳ

253 1300 462 1367 κεφαλῇ
503 1295 624 1350 ἀντὶ
664 1301 885 1350 πολλῶν
930 1294 1031 1366 μὲν
1071 1298 1301 1364 ἱερείων,
1354 1300 1574 1350 πολλῶν
1629 1297 1688 1349 δὲ
1737 1297 1931 1366 εὐχῶν,

254 1387 468 1455 μυρίων
530 1381 590 1438 δὲ
644 1385 963 1454 ἀρωμάτων,
1023 1389 1232 1438 πολλοῦ
1288 1385 1349 1438 δὲ
1403 1386 1627 1454 αἵματος
1678 1393 1778 1438 τοῦ
1830 1385 1932 1452 μὲν

189 1496 232 1529 ι5
254 1475 476 1541 νυκτός,
529 1480 627 1525 τοῦ
668 1472 716 1525 δ’
747 1471 809 1526 ἐν
854 1472 1026 1543 ἡμέρᾳ
1073 1473 1360 1542 χυθέντος;
1416 1473 1482 1526 οὐ
1523 1474 1626 1542 γὰρ
1665 1476 1795 1536 τοὺς
1831 1470 1932 1540 μὲν

257 1561 465 1630 εὐώχει,
503 1563 634 1624 τοὺς
665 1558 727 1614 δὲ
756 1561 1135 1630 ὑπερέβαινεν,
1175 1562 1355 1631 ὥσπερ
1389 1562 1418 1615 ὁ
1452 1563 1697 1624 Αἰτωλὸς
1726 1561 1933 1623 ἐκεῖνος

254 1651 355 1718 τὴν
379 1648 627 1719 Ἄρτεμιν
666 1649 727 1703 ἐν
764 1659 990 1721 καρπῶν
1015 1655 1294 1721 συλλογῇ,
1334 1649 1451 1704 ἀλλ’
1483 1651 1647 1713 ὅσους
1687 1651 1745 1703 οἱ
1777 1668 1931 1718 ποιη-

255 1739 342 1790 ταὶ
381 1737 710 1808 παρέδοσαν,
757 1738 991 1808 πατέρας
1036 1758 1093 1791 τε
1130 1740 1221 1792 καὶ
1267 1740 1487 1806 παῖδας,
1538 1740 1707 1801 θεούς
1744 1758 1802 1792 τε
1840 1737 1931 1791 καὶ

255 1826 408 1893 θεάς,
448 1827 714 1897 ἄρχοντάς
751 1847 808 1880 τε
846 1828 937 1880 καὶ
977 1816 1331 1897 ἀρχομένους,
1372 1827 1578 1880 ἅπασιν
1616 1825 1848 1880 ἕσπενὸέ
1874 1846 1932 1879 τε

378 2019 400 2057 1
433 2014 565 2059 Pind.
592 2014 728 2059 0111
752 2019 807 2059 89
823 2031 887 2071 sq.
1012 2020 1065 2058 16
1097 2016 1147 2058 11.
1176 2032 1192 2059 ι
1224 2021 1309 2060 533
1323 2030 1388 2071 sq.
1422 2015 1478 2059 cf.
1504 2015 1569 2059 ΠΙ
1593 2019 1694 2070 338,
1711 2019 1766 2058 24
1791 2015 1832 2057 R

380 2196 401 2234 1
435 2198 569 2235 τοῦτο
602 2191 651 2235 ἐκ
682 2198 762 2234 τοῦ
787 2189 1031 2245 Πινδάρου
1064 2189 1233 2247 εἴληφε.
1290 2191 1404 2247 φησὶ
1433 2190 1520 2248 γὰρ
1552 2191 1657 2245 περὶ
1681 2188 1928 2248 Ἀχιλλέως

258 2248 318 2300 ὃς
339 2247 554 2304 ’Ἕκτορ’
583 2250 787 2306 ἔσφαλε
822 2247 1028 2304 Τροίας
1058 2249 1274 2306 άμαχον
1306 2250 1553 2307 ἀστραβῆ
1585 2247 1750 2294 κίονα
1782 2249 1850 2293 Β2

380 2434 402 2471 1
451 2429 612 2483 ἀκλινῆ
643 2427 764 2470 rubr.
799 2439 938 2482 supra
976 2426 1180 2483 ἀστραβῆ
1211 2426 1256 2468 Β
1313 2427 1318 2481 Ι
1377 2425 1608 2482 ὀνομάσας
1637 2425 1758 2469 rubr.
1793 2439 1932 2482 supra

261 2488 523 2542 προσειπών
547 2488 592 2531 Β
713 2490 737 2529 3
770 2493 855 2530 νῦν
881 2484 1041 2531 VMor
1072 2484 1171 2541 (sed.
1194 2500 1248 2541 γρ
1273 2484 1379 2529 νυνὶ
1401 2484 1450 2526 in
1474 2487 1621 2540 marg)
1665 2486 1671 2542 Ι
1714 2484 1768 2529 ὀυ
1791 2486 1828 2528 Ι
1851 2485 1932 2528 sed

985 2561 1038 2618 7?
1063 2550 1229 2600 μικρᾶς

259 2620 289 2647 υ
320 2603 368 2645 in
399 2617 473 2647 ras
503 2603 706 2660 plurium
735 2603 815 2646 litt
836 2602 905 2646 m²
980 2603 1035 2646 οὐ
1067 2609 1174 2659 μιᾶς
1206 2602 1244 2646 C
1270 2601 1351 2645 sed
1382 2619 1435 2658 γρ
1461 2609 1625 2657 μικρᾶς
1647 2617 1691 2646 m
1773 2602 1828 2646 οὐ
1859 2618 1930 2657 μι-

261 2669 376 2716 κρᾶς
391 2664 436 2706 Β
490 2663 706 2717 οὐδεμιᾶς
721 2663 796 2706 La
900 2666 926 2704 4
950 2677 1000 2718 γε
1024 2676 1099 2704 om
1114 2661 1228 2713 Mor,
1254 2660 1335 2703 sed
1357 2678 1411 2727 γρ
1428 2677 1477 2718 γε
1500 2661 1549 2704 in
1565 2674 1698 2717 marg
1810 2665 1835 2703 6
1861 2658 1931 2704 ὅτι

261 2721 483 2765 IBMMo
595 2725 621 2763 8
647 2720 783 2765 ἔνδον
800 2721 846 2764 Β
968 2724 1020 2763 10
1048 2719 1277 2777 ὀχούντων
1302 2719 1406 2762 coni
1426 2719 1527 2763 Mor
1641 2725 1693 2763 11
1720 2717 1930 2774 αἰτητέον

261 2778 363 2822 Mor
391 2781 404 2835 1
435 2774 464 2835 ἦ
487 2779 693 2823 Boisson
719 2779 882 2835 Georg.
906 2778 1111 2834 Pachym
1148 2782 1292 2834 p.146
1309 2780 1403 2821 not
1428 2784 1456 2821 4
1576 2783 1630 2822 12
1663 2776 1933 2826 ἐκλιπόντας

263 2835 431 2892 ὁμοίως
453 2839 498 2880 Β
526 2840 531 2889 Ι
558 2836 703 2893 ἤνπερ
721 2839 766 2882 Β
794 2840 799 2893 Ι
827 2837 1024 2892 ὤφειλον
1047 2793 1201 2893 τηρεῖν
1224 2837 1379 2880 ΡΒΜ
1390 2836 1491 2880 Mor
1549 2843 1703 2893 τηρεῖν
1727 2836 1777 2878 in
1799 2849 1931 2892 marg

263 2895 356 2939 add
380 2896 449 2951 1³,
482 2896 557 2940 del
580 2897 646 2940 Re
768 2901 820 2940 16
854 2893 900 2941 δ’
926 2896 994 2939 Re
1116 2900 1169 2939 19
1201 2894 1375 2939 απασιν
1406 2909 1480 2938 om
1508 2895 1610 2939 Mor
