2060 3162
684 157 913 201 LIBANII
945 155 1170 201 ORATIO
1202 156 1352 201 XVIII
1735 156 1842 208 287

135 303 262 358 νψας
300 293 402 346 οὐκ
440 290 610 356 ἀξιῶν
649 291 902 360 ἐγκαλεῖν
940 298 1015 364 τῷ
1051 293 1259 359 σώματι
1289 292 1413 362 περὶ
1452 301 1565 345 τῶν
1603 299 1668 362 τῇ
1700 299 1848 362 ψυχῇ

154 379 622 449 βεβουλευμένων.

270 470 388 522 121.
452 467 821 538 Τετιμημένου
878 465 940 521 δὲ
995 467 1210 521 ἐκείνου
1268 478 1387 531 ταῖς
1439 469 1849 538 προσηκούσαις
1895 519 1898 521 ,

154 566 334 628 τιμαῖς
372 557 478 610 ἀπὸ
516 566 629 610 τῶν
667 563 821 610 θεῶν
865 566 977 610 τῶν
1021 565 1117 625 τῆς
1163 559 1371 619 πόλεως
1416 565 1512 625 τῆς
1549 559 1850 627 θεραπείας

154 649 347 717 ἤρχετο
397 644 650 699 σπένδων
696 642 799 715 μὲν
845 645 906 698 ἐν
952 646 1268 715 ὀφθαλμοῖς
1315 646 1590 714 ἁπάντων,
1640 648 1849 715 χαίρων

155 732 217 788 δὲ
253 743 372 797 τοῖς
403 732 709 803 ἑπομένοις,
748 737 1065 802 καταγελῶν
1096 730 1158 787 δὲ
1188 743 1300 787 τῶν
1332 735 1435 787 οὐκ
1467 734 1849 788 ἀκολουθούν-

155 842 268 876 των
294 820 386 875 καὶ
408 824 632 877 πεύθειν
655 823 757 891 μὲν
780 821 1088 892 ἐπιχειρῶν,
1126 823 1414 891 βιάζεσθαι
1439 823 1501 876 δὲ
1533 824 1634 876 οὐκ
1666 822 1848 886 ἀξιῶν.

155 913 334 965 καίτοι
382 913 559 980 φόβος
612 910 942 981 ἐπεκρέματο
997 919 1114 974 τοῖς
1160 910 1594 982 διεφθαρμένοις
1642 912 1734 964 καὶ
1779 907 1850 979 ἦν

156 999 323 1068 ἐλπίς,
363 1000 437 1063 ὡς
475 999 872 1067 ἐκκοπήσονται
910 1000 1012 1068 μὲν
1051 999 1406 1069 ὀφθαλμούς,
1446 1000 1850 1069 ἀποτετμήσον-

155 1108 243 1141 ται
290 1088 351 1141 δὲ
398 1089 663 1157 κεφαλάς,
716 1087 953 1157 ποταμοὶ
1001 1085 1061 1141 δὲ
1108 1089 1333 1155 αἵματος
1388 1089 1689 1158 ρυήσονται
1735 1096 1851 1151 τοῖς

156 1179 371 1246 φόνοις,
411 1176 652 1245 ἀνάγκας
691 1177 752 1230 δὲ
789 1178 982 1239 καινὰς
1023 1177 1051 1230 ὁ
1083 1178 1273 1240 καινὸς
1306 1177 1574 1246 δεσπότης
1610 1177 1850 1247 εὑρήσει,

156 1266 356 1335 μικρὸν
396 1265 457 1318 δὲ
496 1260 638 1318 εἶναι
685 1264 834 1329 δόξει
879 1272 991 1335 πῦρ
1038 1266 1128 1318 καὶ
1177 1267 1405 1335 σίδηρος
1451 1266 1541 1318 καὶ
1587 1266 1648 1318 τὸ
1689 1285 1851 1318 κατα-

156 1356 512 1418 ποντίζεσθαι
552 1354 642 1406 καὶ
680 1354 742 1406 τὸ
784 1357 957 1418 ζῶντα
995 1354 1433 1422 κατορύττεσθαι
1472 1352 1563 1406 καὶ
1602 1355 1663 1406 τὸ
1700 1372 1850 1422 περι-

156 1444 458 1495 κόπτεσθαι
497 1443 586 1495 καὶ
626 1443 687 1495 τὸ
727 1441 1178 1510 κατατέμνεσθαι.
1254 1440 1410 1495 ταυτὶ
1450 1439 1552 1510 μὲν
1590 1443 1694 1510 γὰρ
1735 1450 1851 1503 τοῖς

157 1532 406 1600 πρόσθεν
455 1528 786 1599 ἐπέπρακτο,
840 1533 983 1584 πολὺ
1032 1527 1092 1583 δὲ
1138 1531 1351 1583 τούτων
1398 1531 1648 1598 ἠλπίζετο
1696 1533 1849 1598 χαλε-

158 1620 386 1688 πώτερα.
468 1619 586 1671 122.
635 1619 665 1672 ὁ
706 1616 768 1672 δὲ
806 1628 917 1671 τῶν
955 1638 1014 1671 τε
1055 1617 1237 1671 ἐκεῖνα
1275 1619 1622 1688 δεδρακότων
1668 1618 1741 1680 ὡς
1783 1618 1850 1671 οὐ

158 1708 514 1776 πραττόντων
562 1706 590 1759 ὃ
639 1710 858 1775 ζητοῦσι
909 1709 1309 1774 κατεγίνωσκεν
1360 1707 1526 1768 αὐτός
1574 1725 1632 1758 τε
1683 1706 1852 1759 οὐδὲν

159 1796 361 1863 ὄφελος
400 1794 620 1863 εὕρισκε
665 1802 761 1863 τῆς
800 1793 1047 1847 ἐνταῦθα
1094 1793 1345 1863 ἀνάγκης.
1422 1796 1551 1856 τοὺς
1597 1790 1700 1861 μὲν
1745 1795 1850 1863 γὰρ

160 1884 225 1935 τὰ
266 1883 486 1948 σώματα
526 1889 832 1945 νοσοῦντας
872 1883 1116 1951 δήσαντά
1155 1881 1307 1935 ἐστιν
1347 1882 1634 1950 ἰάσασθαι,
1683 1880 1852 1945 δόξαν

160 1971 222 2023 δὲ
272 1970 397 2040 περὶ
435 1975 588 2022 θεῶν
634 1970 736 2023 οὐκ
784 1970 964 2038 ἀληθῆ
1012 1970 1227 2039 τέμνων
1276 1969 1367 2024 καὶ
1414 1973 1587 2023 καίων
1633 1971 1736 2023 οὐκ
1782 1969 1852 2023 ἂν

159 2057 436 2126 ἐκβάλοις,
491 2057 628 2111 ἀλλὰ
678 2057 782 2111 κᾶν
828 2059 861 2127 ἡ
908 2059 1023 2131 χεὶρ
1071 2060 1211 2129 θύῃ,
1265 2058 1534 2128 μέμφεται
1580 2059 1614 2127 ἡ
1661 2059 1850 2127 γνώμη

281 2194 306 2232 3
338 2188 384 2232 δ’
412 2189 481 2233 Re
624 2194 652 2232 4
683 2194 765 2244 τῆς
795 2188 995 2232 alterum
1027 2203 1103 2233 om
1127 2189 1203 2233 La
1347 2193 1372 2232 6
1406 2189 1681 2244 ἀνθρώποις
1713 2201 1853 2244 supra

162 2243 405 2303 ἑπομένοις
442 2247 500 2291 1²
681 2252 704 2290 7
753 2247 999 2306 βιάζεσθαι
1038 2249 1073 2291 Ι
1109 2247 1192 2291 sed
1261 2246 1370 2300 ι’ζε
1402 2250 1492 2291 θαι
1536 2247 1586 2290 in
1617 2260 1692 2290 ras
1723 2247 1793 2291 m²

163 2310 188 2349 9
221 2306 589 2362 ἀποτεμήσονται
623 2306 684 2350 Μ
690 2306 735 2350 U
790 2306 1135 2362 ἀποτμήσονται
1167 2306 1234 2350 Fa
1267 2321 1290 2348 r
1413 2309 1467 2349 10
1499 2303 1720 2362 ῥ’ύσονται
1751 2305 1854 2350 Μοι·

161 2365 250 2418 Re,
299 2366 380 2422 qui
427 2365 695 2409 adnotavit:
751 2367 945 2420 „malim
990 2362 1278 2422 ρυήσονται“
1491 2370 1543 2408 11
1593 2364 1761 2420 φόνοις
1806 2366 1854 2409 Β

163 2424 244 2467 sed
276 2441 311 2480 φ
342 2425 391 2467 in
414 2437 491 2468 ras
514 2424 584 2468 m²
632 2425 638 2479 Ι
689 2422 914 2480 δεσπότης
944 2437 1020 2467 om
1043 2425 1118 2468 La
1271 2429 1325 2467 13
1357 2427 1530 2475 ζῶντας
1562 2423 1652 2467 edd
1685 2423 1766 2467 sed
1797 2439 1852 2480 γρ

163 2485 310 2535 ζῶντα
341 2483 391 2526 in
421 2496 555 2539 marg
586 2482 688 2526 Mor
714 2522 721 2530 ,
754 2486 902 2535 ζῶντα
934 2483 1301 2538 κατορύττεσθαι
1333 2482 1414 2526 καὶ
1444 2482 1496 2526 τὸ
1528 2483 1637 2537 poet
1665 2479 1852 2537 περικό-

166 2544 368 2585 πτεσθαι
400 2542 480 2585 καὶ
502 2542 555 2585 τὸ
586 2541 636 2584 in
658 2554 793 2598 marg
823 2541 948 2585 inser
972 2542 1057 2586 Mo
1084 2542 1090 2599 Ι
1118 2541 1198 2585 καὶ
1221 2542 1272 2585 τὸ
1297 2540 1664 2595 περικόπτεσθαι
1696 2554 1772 2583 om
1795 2539 1853 2583 M

224 2604 278 2643 15
312 2600 576 2657 ἔμπροσθεν
607 2600 653 2643 Β
692 2603 697 2654 Ι
733 2598 945 2644 ἐτέτακτο
969 2601 1045 2644 La
1079 2600 1086 2658 Ι
1120 2598 1311 2654 ἤλπιζον
1342 2601 1418 2644 La
1540 2603 1595 2642 17
1627 2598 1853 2653 κρατούν-

131 2697 140 2701 ,
163 2673 256 2702 των
286 2659 362 2704 La
404 2663 409 2712 Ι
453 2659 593 2708 αὐτὸς
624 2659 675 2703 δὲ
709 2659 753 2702 V
916 2662 970 2702 18
1003 2659 1214 2703 ἐνταῦθα
1249 2660 1311 2703 Μ
1338 2658 1419 2701 sed
1451 2674 1501 2702 εν
1534 2671 1675 2714 supra
1706 2674 1737 2700 α
1767 2656 1851 2711 m',

166 2717 199 2759 I
225 2717 307 2761 sed.
338 2717 558 2761 ἐντεῦθεν
592 2730 818 2772 suprascr.
844 2717 926 2770 ωδ,
967 2717 1093 2772 quod
1124 2717 1268 2761 habet
1298 2718 1376 2760 Ba
1543 2721 1596 2760 19
1645 2714 1853 2770 δήσαντα

167 2774 331 2830 scripsi
362 2789 387 2820 e
421 2776 465 2821 V
490 2789 595 2819 cum
627 2774 784 2819 Gasda
860 2774 1092 2829 δήσαντας
1120 2775 1291 2831 reliqui
1321 2775 1432 2818 libri
1463 2774 1555 2819 edd
1633 2776 1740 2831 post
1771 2773 1853 2828 δή-

168 2845 338 2884 σαντας
382 2847 457 2878 ras
505 2838 620 2877 2—3
675 2833 754 2877 litt
784 2834 819 2877 Ι
1022 2838 1079 2877 20
1131 2836 1211 2878 καὶ
1258 2848 1332 2878 om
1385 2833 1495 2877 libri
1541 2833 1643 2877 Mor
1673 2832 1795 2876 Fabr

166 2889 300 2991 inser2
319 2892 436 2993 Ilitettl
479 2892 606 2936 κάων
640 2893 684 2937 V
828 2897 880 2935 21
916 2891 1151 2950 ἐκβάλλοις
1175 2893 1220 2935 Β
1311 2892 1469 2950 βάλοις
1503 2893 1546 2935 V
1571 2892 1652 2936 sed
1685 2893 1793 2934 ante
1826 2891 1854 2946 β

168 2961 244 2991 ras
352 2965 369 2992 1

1874 1113 1917 1144 10

1876 1551 1917 1584 15

1876 1993 1920 2024 20
