<?xml version="1.0" encoding="UTF-8"?>
<!DOCTYPE html PUBLIC "-//W3C//DTD XHTML 1.0 Transitional//EN"
    "http://www.w3.org/TR/xhtml1/DTD/xhtml1-transitional.dtd">
<html xmlns="http://www.w3.org/1999/xhtml" xml:lang="en" lang="en">
 <head>
  <title>
</title>
<meta http-equiv="Content-Type" content="text/html;charset=utf-8" />
  <meta name='ocr-system' content='tesseract 3.04.00' />
  <meta name='ocr-capabilities' content='ocr_page ocr_carea ocr_par ocr_line ocrx_word'/>
</head>
<body>
  <div class='ocr_page' id='page_1' title='image "./operarecensuitri02libauoft_0019.png"; bbox 0 0 2054 3140; ppageno 0'>
   <div class='ocr_carea' id='block_1_1' title="bbox 175 851 1865 915">
    <p class='ocr_par' dir='ltr' id='par_1_1' title="bbox 175 851 1865 915">
     <span class='ocr_line' id='line_1_1' title="bbox 175 851 1865 915; baseline -0.001 -1"><span class='ocrx_word' id='word_1_1' title='bbox 175 853 316 914; x_wconf 85' lang='grc' dir='ltr'><strong><em>ΕΙΣ</em></strong></span> <span class='ocrx_word' id='word_1_2' title='bbox 337 851 701 914; x_wconf 83' lang='lat' dir='ltr'>IOTAIAN</span> <span class='ocrx_word' id='word_1_3' title='bbox 706 852 822 915; x_wconf 86' lang='grc' dir='ltr'><strong><em>ΟΝ</em></strong></span> <span class='ocrx_word' id='word_1_4' title='bbox 838 851 1475 914; x_wconf 80' lang='lat' dir='ltr'><strong>ATTOKPATOPA</strong></span> <span class='ocrx_word' id='word_1_5' title='bbox 1491 851 1865 914; x_wconf 78' lang='lat' dir='ltr'><strong>THATON.</strong></span> 
     </span>
    </p>
   </div>
   <div class='ocr_carea' id='block_1_2' title="bbox 174 1012 1943 1704">
    <p class='ocr_par' dir='ltr' id='par_1_2' title="bbox 174 1012 1943 1704">
     <span class='ocr_line' id='line_1_2' title="bbox 293 1012 1943 1085; baseline 0.002 -19"><span class='ocrx_word' id='word_1_6' title='bbox 293 1015 339 1066; x_wconf 91' lang='lat'><strong><em>1.</em></strong></span> <span class='ocrx_word' id='word_1_7' title='bbox 394 1017 525 1067; x_wconf 87' lang='grc' dir='ltr'><strong><em>Νῦν</em></strong></span> <span class='ocrx_word' id='word_1_8' title='bbox 563 1023 783 1085; x_wconf 85' lang='grc' dir='ltr'><strong><em>πρῶτον</em></strong></span> <span class='ocrx_word' id='word_1_9' title='bbox 827 1014 1042 1068; x_wconf 80' lang='grc' dir='ltr'><strong><em>ὕπατον</em></strong></span> <span class='ocrx_word' id='word_1_10' title='bbox 1088 1012 1149 1067; x_wconf 82' lang='grc' dir='ltr'><strong><em>ἐν</em></strong></span> <span class='ocrx_word' id='word_1_11' title='bbox 1187 1021 1252 1085; x_wconf 75' lang='grc' dir='ltr'><strong><em>τῇ</em></strong></span> <span class='ocrx_word' id='word_1_12' title='bbox 1298 1021 1398 1067; x_wconf 89' lang='grc' dir='ltr'><strong><em>τοῦ</em></strong></span> <span class='ocrx_word' id='word_1_13' title='bbox 1446 1014 1761 1084; x_wconf 77' lang='grc' dir='ltr'><strong><em>πράγματος</em></strong></span> <span class='ocrx_word' id='word_1_14' title='bbox 1806 1025 1943 1070; x_wconf 85' lang='lat' dir='ltr'>R366</span> 
     </span>
     <span class='ocr_line' id='line_1_3' title="bbox 177 1101 1859 1173; baseline -0.001 -16"><span class='ocrx_word' id='word_1_15' title='bbox 177 1101 287 1173; x_wconf 84' lang='grc' dir='ltr'><strong><em>ὁρῶ</em></strong></span> <span class='ocrx_word' id='word_1_16' title='bbox 339 1107 527 1173; x_wconf 77' lang='grc' dir='ltr'><strong><em>στολῇ,</em></strong></span> <span class='ocrx_word' id='word_1_17' title='bbox 577 1103 669 1156; x_wconf 79' lang='grc' dir='ltr'><strong><em>καὶ</em></strong></span> <span class='ocrx_word' id='word_1_18' title='bbox 718 1106 896 1166; x_wconf 83' lang='grc' dir='ltr'><strong><em>καλῶς</em></strong></span> <span class='ocrx_word' id='word_1_19' title='bbox 942 1103 971 1157; x_wconf 91' lang='grc' dir='ltr'>ὁ</span> <span class='ocrx_word' id='word_1_20' title='bbox 1020 1103 1231 1172; x_wconf 86' lang='grc' dir='ltr'><strong><em>δαίμων</em></strong></span> <span class='ocrx_word' id='word_1_21' title='bbox 1278 1101 1570 1172; x_wconf 77' lang='grc' dir='ltr'><strong><em>ἀνεβάλετό</em></strong></span> <span class='ocrx_word' id='word_1_22' title='bbox 1617 1123 1712 1171; x_wconf 88' lang='grc' dir='ltr'><strong><em>μοι</em></strong></span> <span class='ocrx_word' id='word_1_23' title='bbox 1757 1103 1859 1171; x_wconf 87' lang='grc' dir='ltr'><strong><em>τὴν</em></strong></span> 
     </span>
     <span class='ocr_line' id='line_1_4' title="bbox 175 1190 1863 1264; baseline -0.001 -19"><span class='ocrx_word' id='word_1_24' title='bbox 175 1190 334 1261; x_wconf 81' lang='grc' dir='ltr'><strong><em>θέαν,</em></strong></span> <span class='ocrx_word' id='word_1_25' title='bbox 382 1191 528 1254; x_wconf 83' lang='grc' dir='ltr'><strong><em>ὅπως</em></strong></span> <span class='ocrx_word' id='word_1_26' title='bbox 564 1192 626 1244; x_wconf 89' lang='grc' dir='ltr'><strong><em>τὸ</em></strong></span> <span class='ocrx_word' id='word_1_27' title='bbox 666 1200 777 1244; x_wconf 84' lang='grc' dir='ltr'><strong><em>τῶν</em></strong></span> <span class='ocrx_word' id='word_1_28' title='bbox 817 1191 1105 1260; x_wconf 77' lang='grc' dir='ltr'><em>σχημάτων</em></span> <span class='ocrx_word' id='word_1_29' title='bbox 1145 1193 1482 1261; x_wconf 82' lang='grc' dir='ltr'><strong><em>σεμνότατον</em></strong></span> <span class='ocrx_word' id='word_1_30' title='bbox 1528 1190 1588 1244; x_wconf 83' lang='grc' dir='ltr'><strong><em>ἐν</em></strong></span> <span class='ocrx_word' id='word_1_31' title='bbox 1626 1197 1700 1264; x_wconf 80' lang='grc' dir='ltr'><strong><em>τῷ</em></strong></span> <span class='ocrx_word' id='word_1_32' title='bbox 1734 1211 1863 1262; x_wconf 87' lang='grc' dir='ltr'><strong><em>κρα-</em></strong></span> 
     </span>
     <span class='ocr_line' id='line_1_5' title="bbox 175 1278 1930 1351; baseline 0.001 -18"><span class='ocrx_word' id='word_1_33' title='bbox 175 1282 339 1351; x_wconf 80' lang='grc' dir='ltr'><strong><em>τίστῳ</em></strong></span> <span class='ocrx_word' id='word_1_34' title='bbox 377 1289 489 1334; x_wconf 82' lang='grc' dir='ltr'><strong><em>τῶν</em></strong></span> <span class='ocrx_word' id='word_1_35' title='bbox 534 1279 808 1348; x_wconf 83' lang='grc' dir='ltr'><strong><em>βασιλέων</em></strong></span> <span class='ocrx_word' id='word_1_36' title='bbox 853 1289 1075 1350; x_wconf 84' lang='grc' dir='ltr'><strong><em>πρῶτον</em></strong></span> <span class='ocrx_word' id='word_1_37' title='bbox 1123 1280 1238 1333; x_wconf 80' lang='grc' dir='ltr'><strong><em>ἴδω.</em></strong></span> <span class='ocrx_word' id='word_1_38' title='bbox 1313 1280 1405 1334; x_wconf 82' lang='grc' dir='ltr'><strong><em>καὶ</em></strong></span> <span class='ocrx_word' id='word_1_39' title='bbox 1451 1278 1644 1348; x_wconf 80' lang='grc' dir='ltr'><strong><em>γέγονε</em></strong></span> <span class='ocrx_word' id='word_1_40' title='bbox 1690 1298 1863 1350; x_wconf 91' lang='grc' dir='ltr'><strong><em>παρα-</em></strong></span> <span class='ocrx_word' id='word_1_41' title='bbox 1910 1301 1930 1334; x_wconf 82' lang='grc'>5</span> 
     </span>
     <span class='ocr_line' id='line_1_6' title="bbox 174 1361 1862 1441; baseline -0.001 -19"><span class='ocrx_word' id='word_1_42' title='bbox 174 1370 409 1437; x_wconf 80' lang='grc' dir='ltr'><strong><em>πλήσιον</em></strong></span> <span class='ocrx_word' id='word_1_43' title='bbox 471 1361 595 1422; x_wconf 84' lang='grc' dir='ltr'><strong><em>οἷον</em></strong></span> <span class='ocrx_word' id='word_1_44' title='bbox 656 1374 712 1422; x_wconf 79' lang='grc' dir='ltr'><strong><em>εἴ</em></strong></span> <span class='ocrx_word' id='word_1_45' title='bbox 764 1389 838 1441; x_wconf 79' lang='grc' dir='ltr'><strong><em>τῳ</em></strong></span> <span class='ocrx_word' id='word_1_46' title='bbox 900 1370 1122 1438; x_wconf 85' lang='grc' dir='ltr'><strong><em>πρώτου</em></strong></span> <span class='ocrx_word' id='word_1_47' title='bbox 1184 1366 1286 1438; x_wconf 75' lang='grc' dir='ltr'><strong><em>μὲν</em></strong></span> <span class='ocrx_word' id='word_1_48' title='bbox 1327 1368 1564 1439; x_wconf 87' lang='grc' dir='ltr'><strong><em>Ὁμήρου</em></strong></span> <span class='ocrx_word' id='word_1_49' title='bbox 1618 1376 1862 1437; x_wconf 83' lang='grc' dir='ltr'><strong><em>ποιητῶν</em></strong></span> 
     </span>
     <span class='ocr_line' id='line_1_7' title="bbox 175 1455 1867 1528; baseline -0.001 -18"><span class='ocrx_word' id='word_1_50' title='bbox 175 1455 420 1527; x_wconf 82' lang='grc' dir='ltr'><strong><em>ὑπῆρξεν</em></strong></span> <span class='ocrx_word' id='word_1_51' title='bbox 460 1456 710 1527; x_wconf 79' lang='grc' dir='ltr'><strong><em>ἀκοῦσαι,</em></strong></span> <span class='ocrx_word' id='word_1_52' title='bbox 749 1466 970 1528; x_wconf 84' lang='grc' dir='ltr'><strong><em>πρῶτον</em></strong></span> <span class='ocrx_word' id='word_1_53' title='bbox 1009 1458 1071 1510; x_wconf 80' lang='grc' dir='ltr'><strong><em>δὲ</em></strong></span> <span class='ocrx_word' id='word_1_54' title='bbox 1102 1459 1247 1528; x_wconf 77' lang='grc' dir='ltr'><strong><em>ἅρμα</em></strong></span> <span class='ocrx_word' id='word_1_55' title='bbox 1288 1458 1431 1510; x_wconf 88' lang='grc' dir='ltr'><strong><em>ἰδεῖν</em></strong></span> <span class='ocrx_word' id='word_1_56' title='bbox 1468 1457 1576 1510; x_wconf 85' lang='grc' dir='ltr'><strong><em>ὑπὸ</em></strong></span> <span class='ocrx_word' id='word_1_57' title='bbox 1611 1455 1867 1520; x_wconf 81' lang='grc' dir='ltr'><strong><em>Πέλοπος</em></strong></span> 
     </span>
     <span class='ocr_line' id='line_1_8' title="bbox 178 1543 1864 1615; baseline 0 -17"><span class='ocrx_word' id='word_1_58' title='bbox 178 1545 595 1615; x_wconf 83' lang='grc' dir='ltr'><strong><em>ἡνιοχούμενον.</em></strong></span> <span class='ocrx_word' id='word_1_59' title='bbox 671 1547 720 1598; x_wconf 81' lang='lat'><strong><em>2.</em></strong></span> <span class='ocrx_word' id='word_1_60' title='bbox 760 1543 845 1599; x_wconf 79' lang='grc' dir='ltr'><strong><em>ἔνι</em></strong></span> <span class='ocrx_word' id='word_1_61' title='bbox 885 1545 950 1599; x_wconf 82' lang='grc' dir='ltr'><strong><em>δέ</em></strong></span> <span class='ocrx_word' id='word_1_62' title='bbox 984 1566 1038 1599; x_wconf 82' lang='grc' dir='ltr'><strong><em>τι</em></strong></span> <span class='ocrx_word' id='word_1_63' title='bbox 1076 1544 1166 1598; x_wconf 83' lang='grc' dir='ltr'><strong><em>καὶ</em></strong></span> <span class='ocrx_word' id='word_1_64' title='bbox 1198 1547 1414 1599; x_wconf 84' lang='grc' dir='ltr'><strong><em>τούτων</em></strong></span> <span class='ocrx_word' id='word_1_65' title='bbox 1453 1546 1519 1598; x_wconf 89' lang='grc' dir='ltr'><strong><em>οὐ</em></strong></span> <span class='ocrx_word' id='word_1_66' title='bbox 1560 1554 1764 1615; x_wconf 80' lang='grc' dir='ltr'><strong><em>χεῖρον,</em></strong></span> <span class='ocrx_word' id='word_1_67' title='bbox 1802 1546 1864 1598; x_wconf 92' lang='grc' dir='ltr'><strong><em>τὸ</em></strong></span> 
     </span>
     <span class='ocr_line' id='line_1_9' title="bbox 179 1632 1870 1704; baseline -0.001 -16"><span class='ocrx_word' id='word_1_68' title='bbox 179 1635 279 1703; x_wconf 83' lang='grc' dir='ltr'><strong><em>τὴν</em></strong></span> <span class='ocrx_word' id='word_1_69' title='bbox 309 1635 547 1704; x_wconf 76' lang='grc' dir='ltr'><strong><em>πατρίδα</em></strong></span> <span class='ocrx_word' id='word_1_70' title='bbox 587 1654 681 1703; x_wconf 87' lang='grc' dir='ltr'><strong><em>μοι</em></strong></span> <span class='ocrx_word' id='word_1_71' title='bbox 712 1641 884 1686; x_wconf 86' lang='grc' dir='ltr'><strong><em>ταῦτα</em></strong></span> <span class='ocrx_word' id='word_1_72' title='bbox 915 1632 1006 1686; x_wconf 82' lang='grc' dir='ltr'><strong><em>καὶ</em></strong></span> <span class='ocrx_word' id='word_1_73' title='bbox 1040 1633 1301 1703; x_wconf 80' lang='grc' dir='ltr'><strong><em>δεδέχθαι</em></strong></span> <span class='ocrx_word' id='word_1_74' title='bbox 1341 1634 1431 1687; x_wconf 78' lang='grc' dir='ltr'><strong><em>καὶ</em></strong></span> <span class='ocrx_word' id='word_1_75' title='bbox 1461 1633 1633 1698; x_wconf 82' lang='grc' dir='ltr'><strong><em>δεῖξαι</em></strong></span> <span class='ocrx_word' id='word_1_76' title='bbox 1664 1636 1870 1703; x_wconf 85' lang='grc' dir='ltr'><strong><em>χωρίον</em></strong></span> 
     </span>
    </p>
   </div>
   <div class='ocr_carea' id='block_1_3' title="bbox 184 1755 536 1760">
    <p class='ocr_par' dir='ltr' id='par_1_3' title="bbox 184 1755 536 1760">
     <span class='ocr_line' id='line_1_10' title="bbox 184 1755 536 1760; baseline 0 0"><span class='ocrx_word' id='word_1_77' title='bbox 184 1755 536 1760; x_wconf 95' lang='lat' dir='ltr'><strong><em> </em></strong></span> 
     </span>
    </p>
   </div>
   <div class='ocr_carea' id='block_1_4' title="bbox 295 1823 1589 2295">
    <p class='ocr_par' dir='ltr' id='par_1_4' title="bbox 301 1823 723 1869">
     <span class='ocr_line' id='line_1_11' title="bbox 301 1823 723 1869; baseline -0.007 0"><span class='ocrx_word' id='word_1_78' title='bbox 301 1823 340 1869; x_wconf 83' lang='lat'><em>0</em></span> <span class='ocrx_word' id='word_1_79' title='bbox 388 1846 442 1860; x_wconf 95' lang='lat'>=</span> <span class='ocrx_word' id='word_1_80' title='bbox 476 1823 723 1868; x_wconf 77' lang='lat' dir='ltr'>chisianus</span> 
     </span>
    </p>

    <p class='ocr_par' dir='ltr' id='par_1_5' title="bbox 297 1881 1589 1987">
     <span class='ocr_line' id='line_1_12' title="bbox 297 1881 1589 1939; baseline -0.001 -12"><span class='ocrx_word' id='word_1_81' title='bbox 297 1884 342 1927; x_wconf 78' lang='lat' dir='ltr'><strong><em>A</em></strong></span> <span class='ocrx_word' id='word_1_82' title='bbox 390 1905 445 1920; x_wconf 91' lang='lat'>=</span> <span class='ocrx_word' id='word_1_83' title='bbox 479 1882 633 1926; x_wconf 84' lang='lat' dir='ltr'>Codex</span> <span class='ocrx_word' id='word_1_84' title='bbox 662 1882 954 1926; x_wconf 82' lang='lat' dir='ltr'>Monacensis</span> <span class='ocrx_word' id='word_1_85' title='bbox 989 1881 1118 1938; x_wconf 89' lang='lat' dir='ltr'>(olim</span> <span class='ocrx_word' id='word_1_86' title='bbox 1148 1882 1471 1939; x_wconf 62' lang='lat' dir='ltr'>Augustanus)</span> <span class='ocrx_word' id='word_1_87' title='bbox 1503 1887 1589 1927; x_wconf 87' lang='grc'><strong><em>483</em></strong></span> 
     </span>
     <span class='ocr_line' id='line_1_13' title="bbox 298 1940 1126 1987; baseline -0.002 0"><span class='ocrx_word' id='word_1_88' title='bbox 298 1943 345 1987; x_wconf 89' lang='grc' dir='ltr'><strong><em>Ρ</em></strong></span> <span class='ocrx_word' id='word_1_89' title='bbox 388 1964 443 1978; x_wconf 90' lang='grc'><strong><em>--</em></strong></span> <span class='ocrx_word' id='word_1_90' title='bbox 476 1941 733 1985; x_wconf 73' lang='lat' dir='ltr'><strong>Vaticanus</strong></span> <span class='ocrx_word' id='word_1_91' title='bbox 765 1940 1008 1985; x_wconf 77' lang='lat' dir='ltr'>Palatinus</span> <span class='ocrx_word' id='word_1_92' title='bbox 1041 1946 1126 1985; x_wconf 79' lang='lat'><strong><em>282</em></strong></span> 
     </span>
    </p>

    <p class='ocr_par' dir='ltr' id='par_1_6' title="bbox 309 2000 796 2045">
     <span class='ocr_line' id='line_1_14' title="bbox 309 2000 796 2045; baseline -0.004 0"><span class='ocrx_word' id='word_1_93' title='bbox 309 2001 354 2045; x_wconf 93' lang='lat' dir='ltr'><em>U</em></span> <span class='ocrx_word' id='word_1_94' title='bbox 389 2023 443 2038; x_wconf 91' lang='lat'>=</span> <span class='ocrx_word' id='word_1_95' title='bbox 477 2000 677 2044; x_wconf 83' lang='lat' dir='ltr'>Urbinas</span> <span class='ocrx_word' id='word_1_96' title='bbox 713 2005 796 2044; x_wconf 82' lang='lat'><strong><em>126</em></strong></span> 
     </span>
    </p>

    <p class='ocr_par' dir='ltr' id='par_1_7' title="bbox 307 2059 1264 2117">
     <span class='ocr_line' id='line_1_15' title="bbox 307 2059 1264 2117; baseline -0.001 -13"><span class='ocrx_word' id='word_1_97' title='bbox 307 2060 351 2104; x_wconf 90' lang='lat' dir='ltr'><strong><em>V</em></strong></span> <span class='ocrx_word' id='word_1_98' title='bbox 387 2082 442 2096; x_wconf 90' lang='lat'><strong><em>=</em></strong></span> <span class='ocrx_word' id='word_1_99' title='bbox 475 2059 850 2104; x_wconf 78' lang='lat' dir='ltr'>vindobonensis</span> <span class='ocrx_word' id='word_1_100' title='bbox 881 2059 995 2116; x_wconf 84' lang='lat' dir='ltr'><strong>phil.</strong></span> <span class='ocrx_word' id='word_1_101' title='bbox 1029 2075 1094 2117; x_wconf 86' lang='lat' dir='ltr'><strong><em>gr.</em></strong></span> <span class='ocrx_word' id='word_1_102' title='bbox 1121 2059 1264 2104; x_wconf 85' lang='lat' dir='ltr'>XCIII</span> 
     </span>
    </p>

    <p class='ocr_par' dir='ltr' id='par_1_8' title="bbox 295 2118 1154 2176">
     <span class='ocr_line' id='line_1_16' title="bbox 295 2118 1154 2176; baseline -0.001 -13"><span class='ocrx_word' id='word_1_103' title='bbox 295 2120 332 2163; x_wconf 93' lang='lat' dir='ltr'>I</span> <span class='ocrx_word' id='word_1_104' title='bbox 385 2141 439 2156; x_wconf 88' lang='lat'>=</span> <span class='ocrx_word' id='word_1_105' title='bbox 473 2119 739 2163; x_wconf 82' lang='lat' dir='ltr'>Marcianus</span> <span class='ocrx_word' id='word_1_106' title='bbox 773 2119 972 2176; x_wconf 83' lang='lat' dir='ltr'>append.</span> <span class='ocrx_word' id='word_1_107' title='bbox 1005 2118 1105 2164; x_wconf 90' lang='lat' dir='ltr'><strong><em>XCI</em></strong></span> <span class='ocrx_word' id='word_1_108' title='bbox 1130 2124 1154 2162; x_wconf 87' lang='lat'>2</span> 
     </span>
    </p>

    <p class='ocr_par' dir='ltr' id='par_1_9' title="bbox 296 2177 906 2222">
     <span class='ocr_line' id='line_1_17' title="bbox 296 2177 906 2222; baseline 0.002 -1"><span class='ocrx_word' id='word_1_109' title='bbox 296 2178 342 2221; x_wconf 90' lang='lat' dir='ltr'><em>B</em></span> <span class='ocrx_word' id='word_1_110' title='bbox 386 2201 440 2214; x_wconf 91' lang='lat'><strong><em>=</em></strong></span> <span class='ocrx_word' id='word_1_111' title='bbox 473 2177 755 2222; x_wconf 85' lang='lat' dir='ltr'>Barberinus</span> <span class='ocrx_word' id='word_1_112' title='bbox 785 2178 829 2222; x_wconf 89' lang='lat' dir='ltr'><strong>H</strong></span> <span class='ocrx_word' id='word_1_113' title='bbox 851 2183 906 2222; x_wconf 85' lang='lat'><strong><em>41</em></strong></span> 
     </span>
    </p>

    <p class='ocr_par' dir='ltr' id='par_1_10' title="bbox 299 2237 961 2295">
     <span class='ocr_line' id='line_1_18' title="bbox 299 2237 961 2295; baseline 0.002 -15"><span class='ocrx_word' id='word_1_114' title='bbox 299 2237 362 2280; x_wconf 85' lang='lat' dir='ltr'><strong><em>M</em></strong></span> <span class='ocrx_word' id='word_1_115' title='bbox 390 2259 443 2273; x_wconf 91' lang='lat'>=</span> <span class='ocrx_word' id='word_1_116' title='bbox 475 2237 741 2281; x_wconf 86' lang='lat' dir='ltr'>Marcianus</span> <span class='ocrx_word' id='word_1_117' title='bbox 773 2252 841 2295; x_wconf 86' lang='lat' dir='ltr'><strong><em>gr.</em></strong></span> <span class='ocrx_word' id='word_1_118' title='bbox 874 2241 961 2281; x_wconf 81' lang='lat'><strong><em>437</em></strong></span> 
     </span>
    </p>
   </div>
   <div class='ocr_carea' id='block_1_5' title="bbox 179 2359 533 2365">
    <p class='ocr_par' dir='ltr' id='par_1_11' title="bbox 179 2359 533 2365">
     <span class='ocr_line' id='line_1_19' title="bbox 179 2359 533 2365; baseline 0 0"><span class='ocrx_word' id='word_1_119' title='bbox 179 2359 533 2365; x_wconf 95' lang='lat' dir='ltr'><strong><em> </em></strong></span> 
     </span>
    </p>
   </div>
   <div class='ocr_carea' id='block_1_6' title="bbox 298 2442 1288 2488">
    <p class='ocr_par' dir='ltr' id='par_1_12' title="bbox 298 2442 1288 2488">
     <span class='ocr_line' id='line_1_20' title="bbox 298 2442 1288 2488; baseline 0.001 -2"><span class='ocrx_word' id='word_1_120' title='bbox 298 2447 322 2486; x_wconf 77' lang='lat'><strong><em>‘1</em></strong></span> <span class='ocrx_word' id='word_1_121' title='bbox 355 2443 488 2487; x_wconf 88' lang='lat' dir='ltr'>Pind.</span> <span class='ocrx_word' id='word_1_122' title='bbox 517 2442 587 2488; x_wconf 89' lang='lat'><strong><em>01.</em></strong></span> <span class='ocrx_word' id='word_1_123' title='bbox 613 2443 719 2488; x_wconf 81' lang='lat'>187.</span> <span class='ocrx_word' id='word_1_124' title='bbox 780 2443 998 2488; x_wconf 76' lang='lat' dir='ltr'>Philostr.</span> <span class='ocrx_word' id='word_1_125' title='bbox 1030 2443 1124 2486; x_wconf 85' lang='lat' dir='ltr'>iun.</span> <span class='ocrx_word' id='word_1_126' title='bbox 1158 2443 1234 2487; x_wconf 91' lang='lat' dir='ltr'><strong><em>im.</em></strong></span> <span class='ocrx_word' id='word_1_127' title='bbox 1263 2448 1288 2487; x_wconf 88' lang='grc'><strong>9</strong></span> 
     </span>
    </p>
   </div>
   <div class='ocr_carea' id='block_1_7' title="bbox 183 2557 537 2563">
    <p class='ocr_par' dir='ltr' id='par_1_13' title="bbox 183 2557 537 2563">
     <span class='ocr_line' id='line_1_21' title="bbox 183 2557 537 2563; baseline 0 0"><span class='ocrx_word' id='word_1_128' title='bbox 183 2557 537 2563; x_wconf 95' lang='lat' dir='ltr'><strong><em> </em></strong></span> 
     </span>
    </p>
   </div>
   <div class='ocr_carea' id='block_1_8' title="bbox 181 2649 1867 2999">
    <p class='ocr_par' dir='ltr' id='par_1_14' title="bbox 181 2649 1867 2942">
     <span class='ocr_line' id='line_1_22' title="bbox 301 2649 1811 2706; baseline 0.001 -13"><span class='ocrx_word' id='word_1_129' title='bbox 301 2654 323 2693; x_wconf 91' lang='grc'>1</span> <span class='ocrx_word' id='word_1_130' title='bbox 363 2657 446 2694; x_wconf 85' lang='grc' dir='ltr'><strong><em>τοῦ</em></strong></span> <span class='ocrx_word' id='word_1_131' title='bbox 478 2651 622 2694; x_wconf 79' lang='grc' dir='ltr'><strong><em>αὐτοῦ</em></strong></span> <span class='ocrx_word' id='word_1_132' title='bbox 654 2650 720 2702; x_wconf 85' lang='grc' dir='ltr'><strong><em>εἰς</em></strong></span> <span class='ocrx_word' id='word_1_133' title='bbox 752 2651 796 2695; x_wconf 90' lang='lat' dir='ltr'><strong><em>V</em></strong></span> <span class='ocrx_word' id='word_1_134' title='bbox 836 2650 876 2694; x_wconf 85' lang='grc' dir='ltr'><strong><em>εἰ</em></strong></span> <span class='ocrx_word' id='word_1_135' title='bbox 906 2650 956 2693; x_wconf 90' lang='lat' dir='ltr'><strong><em>in</em></strong></span> <span class='ocrx_word' id='word_1_136' title='bbox 988 2650 1054 2700; x_wconf 85' lang='grc' dir='ltr'><strong><em>εἰς</em></strong></span> <span class='ocrx_word' id='word_1_137' title='bbox 1091 2651 1255 2706; x_wconf 77' lang='lat' dir='ltr'>postea</span> <span class='ocrx_word' id='word_1_138' title='bbox 1287 2649 1393 2694; x_wconf 87' lang='lat' dir='ltr'>add.</span> <span class='ocrx_word' id='word_1_139' title='bbox 1420 2651 1466 2694; x_wconf 88' lang='lat' dir='ltr'><strong><em>A</em></strong></span> <span class='ocrx_word' id='word_1_140' title='bbox 1526 2649 1642 2705; x_wconf 87' lang='grc' dir='ltr'><strong><em>πρὸς</em></strong></span> <span class='ocrx_word' id='word_1_141' title='bbox 1672 2650 1811 2694; x_wconf 90' lang='grc' dir='ltr'><strong><em>ΙΒΜ</em></strong></span> 
     </span>
     <span class='ocr_line' id='line_1_23' title="bbox 182 2707 1867 2765; baseline -0.001 -13"><span class='ocrx_word' id='word_1_142' title='bbox 182 2708 248 2760; x_wconf 83' lang='grc' dir='ltr'><strong><em>εἰς</em></strong></span> <span class='ocrx_word' id='word_1_143' title='bbox 273 2709 355 2753; x_wconf 88' lang='grc' dir='ltr'><strong><em>τὸν</em></strong></span> <span class='ocrx_word' id='word_1_144' title='bbox 386 2709 556 2753; x_wconf 85' lang='lat' dir='ltr'>Macar.</span> <span class='ocrx_word' id='word_1_145' title='bbox 591 2708 748 2765; x_wconf 81' lang='lat' dir='ltr'>Chrys,</span> <span class='ocrx_word' id='word_1_146' title='bbox 782 2708 861 2753; x_wconf 90' lang='lat' dir='ltr'>fol.</span> <span class='ocrx_word' id='word_1_147' title='bbox 889 2713 944 2753; x_wconf 89' lang='lat'><strong><em>88</em></strong></span> <span class='ocrx_word' id='word_1_148' title='bbox 973 2711 978 2765; x_wconf 82' lang='grc' dir='ltr'>Ι</span> <span class='ocrx_word' id='word_1_149' title='bbox 1007 2707 1328 2764; x_wconf 80' lang='grc' dir='ltr'><strong><em>αὐτοκράτορα</em></strong></span> <span class='ocrx_word' id='word_1_150' title='bbox 1369 2709 1606 2753; x_wconf 81' lang='grc' dir='ltr'><strong><em>ἰουλιανὸν</em></strong></span> <span class='ocrx_word' id='word_1_151' title='bbox 1637 2708 1792 2752; x_wconf 88' lang='grc' dir='ltr'><strong><em>ΡΒΜ</em></strong></span> <span class='ocrx_word' id='word_1_152' title='bbox 1819 2710 1867 2751; x_wconf 71' lang='lat' dir='ltr'><strong><em>et</em></strong></span> 
     </span>
     <span class='ocr_line' id='line_1_24' title="bbox 183 2765 1862 2824; baseline 0.001 -15"><span class='ocrx_word' id='word_1_153' title='bbox 183 2765 353 2811; x_wconf 85' lang='lat' dir='ltr'>Macar.</span> <span class='ocrx_word' id='word_1_154' title='bbox 388 2768 470 2812; x_wconf 87' lang='lat' dir='ltr'><strong><em>sed</em></strong></span> <span class='ocrx_word' id='word_1_155' title='bbox 499 2769 548 2811; x_wconf 91' lang='lat' dir='ltr'><strong><em>in</em></strong></span> <span class='ocrx_word' id='word_1_156' title='bbox 579 2767 667 2812; x_wconf 87' lang='lat' dir='ltr'><strong><em>hoc</em></strong></span> <span class='ocrx_word' id='word_1_157' title='bbox 699 2767 1020 2823; x_wconf 78' lang='grc' dir='ltr'><strong><em>αὐτοκράτορα</em></strong></span> <span class='ocrx_word' id='word_1_158' title='bbox 1052 2780 1234 2812; x_wconf 85' lang='lat' dir='ltr'>erasum</span> <span class='ocrx_word' id='word_1_159' title='bbox 1268 2769 1274 2823; x_wconf 86' lang='grc' dir='ltr'>Ι</span> <span class='ocrx_word' id='word_1_160' title='bbox 1311 2766 1631 2822; x_wconf 78' lang='grc' dir='ltr'><strong><em>αὐτοκράτορα</em></strong></span> <span class='ocrx_word' id='word_1_161' title='bbox 1663 2781 1737 2811; x_wconf 92' lang='lat' dir='ltr'><strong><em>om</em></strong></span> <span class='ocrx_word' id='word_1_162' title='bbox 1771 2767 1844 2810; x_wconf 91' lang='lat' dir='ltr'><strong><em>VI</em></strong></span> <span class='ocrx_word' id='word_1_163' title='bbox 1856 2766 1862 2824; x_wconf 79' lang='lat'>1</span> 
     </span>
     <span class='ocr_line' id='line_1_25' title="bbox 181 2823 1867 2885; baseline -0.001 -16"><span class='ocrx_word' id='word_1_164' title='bbox 181 2823 360 2871; x_wconf 70' lang='grc' dir='ltr'><strong><em>ὕπατον</em></strong></span> <span class='ocrx_word' id='word_1_165' title='bbox 400 2824 649 2884; x_wconf 80' lang='grc' dir='ltr'><strong><em>γενόμενον</em></strong></span> <span class='ocrx_word' id='word_1_166' title='bbox 687 2829 733 2871; x_wconf 91' lang='grc' dir='ltr'><strong><em>Ρ</em></strong></span> <span class='ocrx_word' id='word_1_167' title='bbox 909 2832 934 2870; x_wconf 88' lang='grc'><strong>3</strong></span> <span class='ocrx_word' id='word_1_168' title='bbox 983 2826 1255 2885; x_wconf 80' lang='grc' dir='ltr'><strong><em>ἀνεβάλλετο</em></strong></span> <span class='ocrx_word' id='word_1_169' title='bbox 1299 2827 1465 2872; x_wconf 91' lang='lat' dir='ltr'>UVBI</span> <span class='ocrx_word' id='word_1_170' title='bbox 1504 2827 1604 2883; x_wconf 81' lang='lat' dir='ltr'>(sed</span> <span class='ocrx_word' id='word_1_171' title='bbox 1641 2826 1691 2869; x_wconf 88' lang='lat' dir='ltr'><strong><em>in</em></strong></span> <span class='ocrx_word' id='word_1_172' title='bbox 1722 2825 1811 2869; x_wconf 80' lang='lat' dir='ltr'><strong><em>hoc</em></strong></span> <span class='ocrx_word' id='word_1_173' title='bbox 1843 2827 1867 2867; x_wconf 76' lang='grc' dir='ltr'><strong><em>λ</em></strong></span> 
     </span>
     <span class='ocr_line' id='line_1_26' title="bbox 183 2881 1866 2942; baseline -0.001 -15"><span class='ocrx_word' id='word_1_174' title='bbox 183 2885 368 2929; x_wconf 80' lang='lat' dir='ltr'>secund.</span> <span class='ocrx_word' id='word_1_175' title='bbox 395 2888 512 2942; x_wconf 85' lang='lat' dir='ltr'>eras)</span> <span class='ocrx_word' id='word_1_176' title='bbox 543 2886 655 2929; x_wconf 84' lang='lat' dir='ltr'>Ferr</span> <span class='ocrx_word' id='word_1_177' title='bbox 677 2885 779 2929; x_wconf 85' lang='lat' dir='ltr'><strong><em>Mor</em></strong></span> <span class='ocrx_word' id='word_1_178' title='bbox 929 2890 954 2929; x_wconf 89' lang='lat'>6</span> <span class='ocrx_word' id='word_1_179' title='bbox 988 2887 1150 2929; x_wconf 76' lang='lat' dir='ltr'>acutus</span> <span class='ocrx_word' id='word_1_180' title='bbox 1183 2886 1231 2929; x_wconf 75' lang='lat' dir='ltr'><strong><em>et</em></strong></span> <span class='ocrx_word' id='word_1_181' title='bbox 1260 2902 1289 2929; x_wconf 88' lang='lat' dir='ltr'><strong><em>v</em></strong></span> <span class='ocrx_word' id='word_1_182' title='bbox 1321 2885 1371 2928; x_wconf 90' lang='lat' dir='ltr'><strong><em>in</em></strong></span> <span class='ocrx_word' id='word_1_183' title='bbox 1401 2885 1584 2939; x_wconf 79' lang='grc' dir='ltr'><strong><em>πρώτου</em></strong></span> <span class='ocrx_word' id='word_1_184' title='bbox 1623 2884 1673 2927; x_wconf 88' lang='lat' dir='ltr'><strong><em>in</em></strong></span> <span class='ocrx_word' id='word_1_185' title='bbox 1703 2897 1778 2927; x_wconf 87' lang='lat' dir='ltr'><strong><em>ras</em></strong></span> <span class='ocrx_word' id='word_1_186' title='bbox 1808 2881 1866 2925; x_wconf 85' lang='lat'><strong><em>1²</em></strong></span> 
     </span>
    </p>

    <p class='ocr_par' dir='ltr' id='par_1_15' title="bbox 242 2943 1575 2999">
     <span class='ocr_line' id='line_1_27' title="bbox 242 2943 1575 2999; baseline 0 -13"><span class='ocrx_word' id='word_1_187' title='bbox 242 2950 425 2998; x_wconf 85' lang='grc' dir='ltr'><strong><em>πρῶτον</em></strong></span> <span class='ocrx_word' id='word_1_188' title='bbox 458 2946 520 2989; x_wconf 88' lang='lat' dir='ltr'><strong><em>M</em></strong></span> <span class='ocrx_word' id='word_1_189' title='bbox 635 2948 661 2987; x_wconf 91' lang='lat'>8</span> <span class='ocrx_word' id='word_1_190' title='bbox 693 2961 736 2987; x_wconf 85' lang='grc' dir='ltr'><strong><em>τι</em></strong></span> <span class='ocrx_word' id='word_1_191' title='bbox 767 2945 892 2988; x_wconf 80' lang='lat' dir='ltr'>inser</span> <span class='ocrx_word' id='word_1_192' title='bbox 918 2943 975 2989; x_wconf 71' lang='lat' dir='ltr'><strong><em>Cf</em></strong></span> <span class='ocrx_word' id='word_1_193' title='bbox 1094 2949 1118 2987; x_wconf 89' lang='grc'><strong>9</strong></span> <span class='ocrx_word' id='word_1_194' title='bbox 1152 2944 1232 2987; x_wconf 83' lang='grc' dir='ltr'><strong><em>καὶ</em></strong></span> <span class='ocrx_word' id='word_1_195' title='bbox 1262 2944 1391 2999; x_wconf 87' lang='lat' dir='ltr'>prius</span> <span class='ocrx_word' id='word_1_196' title='bbox 1424 2958 1498 2987; x_wconf 91' lang='lat' dir='ltr'><strong><em>om</em></strong></span> <span class='ocrx_word' id='word_1_197' title='bbox 1529 2944 1575 2987; x_wconf 91' lang='lat' dir='ltr'><em>B</em></span> 
     </span>
    </p>
   </div>
  </div>
 </body>
</html>
