2060 3162
657 105 884 150 LIBANII
915 104 1137 149 ORATIO
1170 105 1319 150 XVIH
1731 106 1838 158 329

160 243 333 306 οὕτως
371 242 754 311 ἀνωμολόγητο
793 242 854 294 τὸ
895 241 1043 310 δέος,
1091 240 1232 294 ὥσθ’
1262 242 1423 296 ὁπότε
1469 240 1596 312 παρ’
1628 235 1710 304 οἷς
1748 262 1841 294 κα-

159 333 429 399 ταλύοιεν,
474 330 582 383 ὑπὸ
622 331 835 383 τούτων
880 330 1075 399 ἠξίουν
1111 332 1550 400 θεραπεύεσθαι,
1599 331 1842 398 τοῦνομα

158 422 220 474 τὸ
269 424 503 490 Περσῶν
556 421 759 472 ἔπαυεν
812 417 1189 489 ἐνοχλοῦντας.
1264 419 1356 473 καὶ
1410 429 1515 483 πᾶς
1568 419 1638 473 ἂν
1691 416 1844 473 εἶπεν

161 509 532 576 ἐπισκώπτων,
594 509 677 562 ὅτι
731 507 952 577 Πέρσης
1007 507 1213 572 ἐκεῖνος
1266 512 1496 579 ἔρχεται,
1558 511 1616 563 oc
1666 508 1715 562 δ’
1754 508 1836 579 ἄρ’

159 590 449 668 ἠρυθρίων
494 616 552 650 τε
598 598 688 650 καὶ
735 597 1043 666 ἀπεπήδων.
1121 596 1208 650 ἐπὶ
1254 595 1356 665 μὲν
1396 594 1500 651 οὖν
1548 601 1678 661 τοὺς
1716 597 1844 667 ὁμο-
1893 618 1911 650 5

161 687 374 756 φύλους
419 686 680 754 ἀγόμενοι
726 687 816 740 καὶ
861 688 1120 755 πλήττειν
1163 686 1370 758 ᾔδεσαν
1419 689 1510 740 καὶ
1554 691 1846 756 πληγῆναι,

162 777 431 847 Περσικὸς
486 772 547 828 δὲ
593 776 779 839 αὐτοῖς
834 776 976 828 οὕτω
1030 779 1205 838 πολὺς
1258 775 1514 846 ἐνίδρυτο
1562 778 1739 846 φόβος
1786 775 1847 829 ἐν

159 868 385 928 πολλοῖς
430 862 575 918 ἔτεσι
621 867 925 933 συλλεγείς,
977 864 1101 918 ὥστ’
1132 863 1238 934 ἔφη
1284 885 1367 928 τις
1406 864 1476 918 ἂν
1519 865 1720 927 αὐτοὺς
1758 866 1846 918 καὶ

159 955 289 1016 τοὺς
327 953 388 1006 ἐν
425 962 544 1016 ταῖς
583 962 822 1023 γραφαῖς
855 955 861 1022 Ι
896 952 1239 1024 πεφρικέναι.
1788 966 1937 1010 R594
2012 1024 2019 1029 ι

270 1043 393 1095 212.
450 1044 692 1106 Τούτους
731 1044 799 1112 δὴ
837 1045 969 1106 τοὺς
1009 1043 1152 1096 οὕτω
1194 1042 1645 1113 διεφθαρμένους
1685 1037 1847 1105 οὗτος
1871 1063 1914 1095 10

160 1131 190 1185 ὁ
222 1133 536 1200 θαυμάσιος
568 1131 656 1185 ἐπὶ
690 1131 910 1202 Πέρσας
941 1128 1093 1202 ἠγεν,
1133 1133 1287 1198 οἶδὲ
1325 1133 1684 1200 ἠκολούθουν
1713 1133 1848 1185 κατὰ

159 1222 360 1291 μικρὸν
407 1221 946 1290 ἀναμιμνησκόμενοι
991 1229 1086 1290 τῆς
1131 1221 1361 1292 ἀνδρίας
1412 1222 1484 1290 ἣν
1538 1217 1704 1291 εἶχον,
1757 1219 1849 1274 καὶ

161 1311 513 1372 πιστεύοντες
552 1311 645 1363 διὰ
682 1312 855 1380 πυρὸς
887 1309 1078 1363 ἐλθεῖν
1117 1310 1187 1364 ἂν
1219 1310 1452 1373 ἀπαθεῖς
1482 1318 1602 1373 ταῖς
1633 1309 1849 1363 ἐκείνου

160 1402 402 1468 βουλαῖς.
480 1399 601 1452 213.
640 1401 786 1462 τίνες
825 1395 929 1453 οὗν
966 1396 1150 1463 αὗται;
1196 1400 1437 1469 μεγάλην
1476 1395 1655 1454 οὖσαν,
1691 1400 1850 1461 εἰδὼς

163 1486 224 1541 ἐν
262 1487 594 1558 ἀπορρήτοις
639 1489 835 1559 ῥοπήν,
883 1487 911 1541 ὃ
959 1490 1063 1557 γὰρ
1113 1485 1281 1541 οὐδὲν
1328 1488 1398 1541 ἂν
1445 1487 1640 1556 ὀνήσαι
1679 1506 1848 1558 προρ-
1874 1506 1917 1540 15
1961 1529 1965 1533 Α

164 1576 355 1647 ρηθέν,
394 1576 532 1646 μέγα
570 1576 640 1630 ἂν
678 1578 957 1646 ὠφελήσαι
995 1576 1271 1647 κρυφθέν,
1323 1577 1424 1630 οὐκ
1465 1577 1687 1630 εἰσόδου
1727 1578 1851 1645 χρό-

164 1686 283 1735 νον,
317 1666 419 1719 οὐκ
451 1668 704 1735 εἰσβολῆς
728 1665 876 1734 ὁδόν,
910 1666 976 1719 οὐ
1001 1659 1402 1735 μηχανημάτων
1425 1667 1648 1735 τρόπον,
1683 1665 1851 1718 οὐδὲν

165 1750 244 1807 ὧν
283 1757 549 1823 ἔστρεφεν
589 1745 674 1808 ἐπὶ
713 1763 808 1823 τῆς
846 1763 1024 1824 ψυχῆς
1062 1753 1350 1822 ἐξήνεγκεν
1390 1755 1573 1821 εἰδώς,
1617 1754 1700 1806 ὅτι
1740 1762 1853 1807 πᾶν

165 1842 472 1911 ἐκλαληθὲν
504 1844 676 1906 εὐθύς
707 1842 858 1896 ε’στιν
890 1843 950 1896 ἐν
978 1842 1078 1896 ὠσὶ
1110 1845 1482 1896 κατασκόπων.
1552 1843 1675 1895 214.
1715 1842 1852 1895 ἀλλὰ

165 1934 375 1986 πλοίων
413 1923 817 2000 ἐμπλῆσαιτὸν
855 1933 1159 2003 Εὐφράτην
1205 1931 1296 1985 καὶ
1334 1939 1544 2002 τροφῆς
1581 1933 1648 1984 τὰ
1685 1935 1851 1984 πλοῖα
1875 1952 1920 1984 20

166 2022 303 2090 πρὸς
347 2023 446 2075 τὸν
490 2021 741 2092 ὕπαρχον
788 2027 988 2090 εἴρητο,
1034 2022 1165 2091 πρὶν
1213 2018 1273 2073 δὲ
1312 2022 1409 2074 τὸν
1460 2030 1697 2090 χειμῶνα
1737 2019 1851 2089 ἐξή-
1893 2029 1900 2040 “

286 2186 310 2225 9
346 2181 402 2226 cf.
428 2185 460 2226 13.
478 2181 542 2226 IV
569 2186 697 2236 1021,
716 2187 822 2238 3sq.
842 2182 883 2225 R
1005 2185 1059 2225 18
1091 2181 1174 2225 Iul.
1201 2195 1270 2238 ep.
1292 2186 1345 2224 27
1379 2197 1424 2237 p.
1451 2186 1552 2236 519,
1572 2186 1672 2236 7sq.

289 2337 311 2374 1
346 2329 483 2375 ὁπότε
506 2332 541 2375 Ι
566 2329 647 2374 sed
671 2346 691 2374 ε
724 2343 949 2386 suprascr.
969 2330 1039 2372 m⁸
1070 2330 1117 2373 et
1147 2331 1255 2386 post
1276 2346 1301 2372 τ
1332 2342 1407 2372 ras
1442 2334 1464 2372 1
1498 2328 1578 2372 litt
1697 2333 1722 2371 2
1756 2328 1853 2381 ἀξι-

169 2397 264 2434 οῖεν
298 2390 372 2434 La
501 2394 526 2433 3
558 2389 610 2433 τὸ
643 2389 689 2431 Ρ
717 2389 798 2432 sed
830 2389 854 2433 ὸ
887 2403 943 2433 ex
974 2396 1038 2433 ῶν
1072 2402 1172 2432 corr
1194 2388 1277 2443 m³,
1305 2390 1345 2432 Ἰ
1368 2388 1449 2431 sed
1482 2388 1506 2432 ὸ
1538 2388 1587 2431 in
1618 2401 1693 2431 ras
1724 2387 1794 2430 m²

167 2457 259 2493 τῶν
291 2450 391 2494 BU
417 2449 509 2492 edd
550 2450 556 2503 Ι
600 2448 800 2492 ἔπαυσεν
832 2450 867 2492 Ι
891 2449 972 2492 sed
1005 2462 1030 2491 σ
1061 2461 1176 2502 6188,
1211 2447 1285 2491 La
1419 2451 1446 2489 4
1479 2445 1532 2490 οἴ
1555 2445 1599 2491 δ’
1629 2447 1812 2491 ΒΙΜΡ
1844 2447 1849 2505 Ι

170 2506 230 2553 ἂν
248 2509 425 2563 unod
449 2507 619 2564 probat
643 2506 798 2551 Gasda
820 2507 1018 2551 fortasse
1042 2509 1166 2551 recte
1274 2511 1298 2549 7
1325 2503 1370 2551 δ’
1390 2506 1458 2549 Re
1486 2506 1492 2564 Ι
1520 2503 1742 2561 ἀνίδρυτο
1769 2507 1868 2550 Μο

229 2572 255 2611 8
286 2566 357 2617 τίς
380 2568 534 2611 ΒΜΡ
712 2570 766 2609 10
799 2566 849 2611 δὲ
881 2567 949 2610 Re
1124 2571 1176 2609 11
1210 2561 1320 2622 ἦγεν
1351 2566 1386 2608 Ι
1411 2565 1492 2607 sed
1519 2560 1536 2579 ³
1568 2565 1618 2607 in
1640 2578 1715 2607 ras
1739 2564 1810 2607 m³
1844 2565 1849 2622 Ι

171 2623 216 2669 δ’
244 2626 312 2670 Re
340 2627 346 2684 Ι
374 2625 659 2682 καταμικρὸν
686 2625 770 2669 Mo
782 2626 866 2670 VP
983 2630 1036 2668 12
1062 2623 1283 2680 ἀνδρείας
1306 2624 1474 2668 LaIM
1494 2623 1584 2667 edd
1706 2627 1760 2666 13
1793 2621 1854 2668 ἂν

171 2697 245 2728 om
272 2688 333 2730 M
388 2685 513 2728 inser
537 2683 595 2727 1²
728 2688 782 2727 14
815 2685 1092 2742 συμβουλαῖς
1117 2685 1160 2728 V
1298 2688 1351 2727 15
1385 2681 1550 2737 ὀνήσαι
1582 2681 1641 2726 ἂν
1672 2683 1796 2726 Fabr

173 2743 338 2799 ὀνήσαι
368 2744 417 2787 in
441 2757 575 2800 marg
597 2744 632 2786 I
641 2743 656 2767 ⁸
719 2741 881 2798 ὀνῆσαι
909 2743 1094 2788 ΟΜοΜ
1212 2747 1264 2785 16
1298 2740 1471 2798 μεγάλα
1497 2742 1541 2786 V
1575 2742 1582 2800 Ι
1621 2740 1854 2797 ὠφελήσαι

171 2803 206 2845 Ι
231 2804 312 2846 sed
343 2805 507 2847 acutus
538 2803 587 2845 in
610 2815 686 2846 ras
717 2801 787 2844 m³
862 2802 1094 2858 ὠφελῆσαι
1121 2801 1355 2847 ΟΒΜοΜ
1483 2804 1536 2843 1-7
1570 2799 1680 2845 οὐδὲ
1706 2801 1798 2844 ΒΡ

174 2864 230 2903 20
259 2860 434 2906 πλοίων
465 2861 548 2918 μὲν
581 2862 624 2905 V
738 2865 791 2903 21
827 2859 1004 2915 ἐξήκειν
1028 2862 1062 2903 Ι
1087 2861 1168 2904 sed
1199 2877 1227 2916 η
1260 2860 1309 2902 in
1332 2873 1407 2902 ras
1431 2858 1514 2914 m',
1545 2861 1591 2904 B
1623 2860 1702 2903 sed
1734 2874 1852 2913 παρ-

175 2921 330 2964 ελθεῖν
362 2934 587 2977 suprascr.
613 2919 682 2962 m²
