2054 3140
659 131 887 175 LIBANH
917 129 1141 174 ORATIO
1174 129 1259 173 ΧΠ
1741 129 1812 182 39

77 338 80 340 .
124 276 220 337 τῆς
265 266 364 333 ἔξω
403 268 679 337 θαλάττης
724 266 882 336 μέχρι
927 274 1023 334 τῆς
1061 273 1160 319 τοῦ
1203 267 1428 319 Πόντου
1478 273 1811 335 παροικοῦσι

125 358 339 427 ῥαχίας,
400 358 467 409 τὰ
521 357 662 410 ὅπλα
713 356 1080 427 κρεμάσαντες
1133 354 1447 419 ἀλοκίζουσι
1500 355 1602 423 τὴν
1656 361 1762 423 γῆν
1803 351 1808 425 Ι

125 448 223 510 τὰς
258 446 360 514 μὲν
398 444 663 498 ἐντεῦθεν
692 443 784 497 καὶ
821 442 960 513 παρ’
990 445 1144 512 ἡμῶν
1182 442 1442 512 εὐπορίας
1473 441 1717 510 ἀπεγνω-
1754 455 1796 498 R
1817 459 1904 499 396

126 537 305 602 κότες,
363 534 651 603 εὐχόμενοι
710 533 772 586 δὲ
827 541 891 604 τῇ
939 535 1207 601 Δήμητρι.
1290 541 1403 584 τῶν
1457 529 1516 584 δ’
1553 531 1816 599 ὑπηκόων

125 624 278 686 ὅσοις
332 623 444 676 ἔδει
498 621 762 691 γενέσθαι
814 630 1016 690 κακῶς,
1070 621 1404 690 τυραννίδος
1457 618 1618 689 ἔρωτι
1670 628 1815 688 σφᾶς
1860 640 1881 673 5

126 713 329 775 αὐτοὺς
367 711 656 765 ἀπώλεσαν
695 710 729 764 ἃ
758 707 860 778 μὲν
890 712 1146 779 ἤλπισαν,
1186 709 1253 762 οὐ
1295 707 1650 777 δυνηθέντες,
1690 707 1724 761 ἃ
1757 708 1817 761 δ’

124 798 506 870 ἐφοβήθησαν,
556 799 782 862 ἁλόντες
821 799 887 853 οὐ
926 800 1227 867 παθόντες,
1275 800 1437 867 μόνοι
1486 800 1679 862 ζῶντες
1726 797 1815 851 ἐπὶ

121 890 396 952 τοιούτοις
432 889 820 957 βουλεύμασιν.
894 886 979 940 85.
1026 885 1133 956 ἐγὼ
1167 884 1228 940 δὲ
1260 885 1470 955 Ξέρξην
1502 885 1818 956 ἐθαύμαζον

125 978 229 1031 οὐκ
266 978 666 1031 ἀποκτείναντα
702 979 833 1040 τοὺς
872 975 996 1030 ἀντὶ
1034 986 1146 1029 τῶν
1181 975 1431 1044 ἀγγέλων
1463 973 1551 1028 ἐπὶ
1582 976 1681 1028 τὸν
1710 976 1815 1028 θά-

123 1086 294 1120 νατον
331 1068 579 1136 ἥκοντας.
653 1069 887 1135 κήρυκες
934 1064 940 1137 Ι
986 1066 1246 1135 ἠδίκηντο
1285 1062 1412 1134 παρ’
1453 1064 1583 1133 ὅλης
1620 1066 1718 1117 πό-
1756 1076 1903 1120 R397

124 1159 274 1224 λεως,
315 1155 801 1225 εὐκαταφρόνητον
838 1161 912 1228 τῷ
940 1154 1139 1226 Μήδῳ,
1176 1154 1269 1207 καὶ
1307 1154 1418 1223 ἅμα
1448 1155 1551 1222 τὴν
1582 1153 1817 1223 ἀνδρίαν
1841 1177 1883 1207 11

124 1253 235 1297 τῶν
273 1244 477 1307 αὑτοὺς
516 1245 789 1297 διδόντων
827 1241 1098 1316 ᾐσχύνθη.
1177 1243 1205 1297 ὁ
1247 1240 1309 1296 δὲ
1345 1245 1476 1306 τοὺς
1524 1240 1604 1296 ἐπ’
1645 1242 1817 1295 αὐτὸν

122 1333 157 1386 ἃ
193 1331 332 1402 μηδὲ
371 1334 547 1386 εἰπεῖν
584 1332 747 1401 θέμις
778 1334 1203 1395 συντεθεικότας
1240 1331 1399 1401 μέχρι
1429 1340 1541 1385 τῶν
1575 1330 1815 1401 ἐλέγχων

122 1421 360 1475 ἐκόλασε.

234 1511 319 1564 86.
384 1509 495 1563 Καὶ
534 1518 722 1579 ταῦτα,
769 1507 811 1563 ὦ
852 1511 1074 1579 ἄνδρες,
1121 1518 1232 1562 τῶν
1272 1509 1456 1562 αὐτῶν
1498 1507 1811 1579 ἐπικούρων
1835 1529 1877 1563 1⁵

122 1599 388 1667 ἡγώμεθα
426 1608 539 1668 τῶν
567 1600 869 1667 βελτιόνων
901 1601 977 1661 εἰς
1009 1599 1265 1667 φυλακὴν
1291 1597 1488 1667 Ἄργου
1521 1605 1621 1651 τοῦ
1654 1617 1815 1667 γηγε-

124 1695 282 1755 νοῦς,
332 1690 390 1740 οἳ
426 1695 742 1756 φρουροῦσι
787 1684 889 1754 μὲν
928 1687 1100 1740 αὐτὸν
1138 1687 1272 1755 μετὰ
1311 1687 1664 1757 δορυφόρων,
1709 1707 1816 1755 φυ-

127 1776 386 1828 λάττουσι
441 1772 503 1828 δὲ
555 1777 687 1839 τοὺς
740 1777 1096 1847 δορυφόρους
1146 1775 1369 1842 αὐτούς,
1423 1774 1527 1828 κᾶν
1577 1775 1818 1844 εὕρωσιν

122 1862 246 1916 ἀντὶ
286 1873 473 1916 κυνῶν
513 1865 731 1933 λύκους,
774 1863 1072 1934 ἐμήνυσαν,
1112 1864 1216 1917 οὐκ
1254 1863 1518 1917 ἀσθενέσι
1555 1864 1647 1916 καὶ
1686 1878 1814 1917 σκο-

241 2035 266 2073 2
299 2031 536 2088 A1.Vesp.
563 2035 649 2076 850
830 2036 855 2075 9
888 2031 994 2076 Her.
1020 2031 1106 2075 VH
1139 2036 1222 2075 136
1255 2031 1312 2075 cf.
1345 2033 1378 2075 t.
1403 2031 1424 2074 Ι
1455 2047 1499 2088 p.
1525 2035 1627 2087 464,
1652 2036 1678 2075 2
1711 2031 1753 2074 R

125 2093 179 2133 16
210 2090 374 2134 Aesch.
407 2090 557 2134 Prom.
584 2096 669 2135 568
793 2096 846 2135 17
879 2092 1029 2134 Amm.
1055 2090 1182 2134 XXH
1208 2095 1277 2145 11,
1302 2096 1327 2134 2
1361 2105 1466 2135 cum
1497 2093 1609 2135 nota
1632 2089 1815 2135 Valesii

242 2257 267 2295 2
315 2249 457 2327 ραχία
487 2251 665 2311 λέγεται
695 2252 724 2309 ἡ
755 2251 901 2309 πέτρα
932 2252 961 2309 ἡ
995 2252 1294 2310 ἀπόκρημνος
1331 2253 1412 2297 καὶ
1443 2252 1630 2310 σκληρά.
1684 2251 1811 2310 λέγε-

121 2327 199 2355 ται
229 2312 280 2355 δὲ
312 2313 391 2355 καὶ
423 2312 452 2368 ἡ
484 2312 732 2370 πλημμύρα
762 2318 843 2368 τῆς
871 2311 1115 2372 θαλάσσης
1148 2312 1208 2358 Cf

245 2472 268 2510 1
301 2466 542 2524 θαλάσσης
566 2468 750 2512 ΑΡΙΜ
866 2472 891 2510 2
925 2465 1187 2520 ἀλοκίζουσι
1214 2468 1251 2511 0
1279 2467 1398 2512 sed
1384 2482 1433 2510 1n
1458 2481 1591 2526 marg
1622 2465 1816 2511 αὐλακί-

127 2529 254 2578 ζουσι
283 2527 313 2580 f
427 2532 450 2569 7
486 2524 723 2585 ἐφόβησαν
750 2528 813 2570 Μ
929 2531 953 2570 9
986 2527 1073 2571 οὐκ
1104 2524 1446 2572 ἀποκτείναντα
1479 2541 1555 2571 om
1571 2528 1625 2602 ‚B
1664 2527 1670 2585 Ι
1708 2527 1817 2577 τοὺς

126 2584 177 2628 in
207 2599 282 2629 ras
315 2590 340 2627 5
371 2585 467 2629 fere
499 2585 762 2629 litterarum
786 2585 857 2630 P³
883 2587 889 2642 1
917 2586 1023 2629 ἀντὶ
1055 2599 1131 2630 om
1154 2587 1199 2630 P
1317 2590 1372 2628 10
1437 2585 1495 2640 ἀρ
1527 2586 1671 2630 αὐτοῦ
1705 2588 1814 2629 ante

126 2641 350 2701 ἠδίκηντο
383 2644 609 2688 excidisse
639 2646 779 2700 putat
808 2645 875 2688 Re
1058 2650 1110 2687 11
1148 2603 1547 2700 εὐκαταφριξνητοι
1588 2646 1632 2689 V
1654 2644 1756 2688 Mor

126 2708 280 2776 χρῆμα
312 2705 421 2747 ante
453 2701 863 2760 εὐκαταφρόνητον
895 2703 1121 2748 excidisse
1144 2705 1283 2759 putat
1307 2702 1463 2747 Gasda
1524 2703 1815 2759 εὐκαταφρο-

127 2760 269 2816 νήτου
312 2762 416 2806 coni
454 2762 523 2806 Re
573 2763 578 2819 Ι
628 2779 660 2819 μ
698 2764 746 2806 et
784 2765 813 2807 δ
846 2763 896 2806 in
934 2762 1085 2820 μήδωι
1123 2762 1173 2805 in
1203 2775 1279 2806 ras
1311 2764 1357 2806 A
1447 2761 1576 2818 δήμω
1608 2764 1654 2807 Ρ
1689 2763 1695 2820 Ι
1733 2763 1815 2806 ἀν-

128 2818 290 2875 δρείαν
324 2823 386 2866 M
542 2826 596 2864 12
644 2822 753 2878 spir.
788 2834 924 2878 asper
953 2821 1003 2864 in
1035 2822 1205 2872 αὐτοὺς
1235 2835 1260 2865 e
1291 2821 1388 2864 leni
1419 2835 1521 2865 corr
1543 2821 1626 2875 A²‚
1658 2821 1707 2864 in
1737 2834 1813 2864 ras

129 2877 192 2921 M
199 2878 216 2903 ²
276 2879 445 2930 αὐτοὺς
475 2881 560 2925 UB
587 2885 592 2935 Ι
619 2881 728 2932 τοὺς
758 2879 841 2936 μὲν
873 2877 949 2925 ἐπ’
971 2881 1017 2924 Β
1139 2885 1193 2923 13
1219 2879 1576 2930 συντεθεικότας
1605 2878 1742 2936 θέμις
1777 2881 1823 2924 U

189 2942 242 2981 14
275 2937 490 2982 ἐκόλασεν
516 2940 559 2983 Α
682 2944 736 2982 17
769 2939 881 2995 μετὰ
912 2946 1003 2983 τῶν
1036 2937 1315 2995 δορυφόρων
1347 2939 1452 2982 coni
1476 2939 1543 2982 Re
