2060 3162
653 156 882 201 LIBANH
913 156 1138 202 ORATIO
1171 157 1299 201 xxv
1704 157 1812 210 569

118 293 218 357 οὓς
257 293 286 347 6
326 292 618 347 Σθενέλου
657 293 992 363 προῦβαλεν,
1035 292 1157 360 ἐμοὶ
1197 293 1260 346 δὲ
1299 294 1452 346 δοκεῖ
1488 291 1616 362 μηδ’
1648 294 1814 356 αὐτὸς

116 383 443 452 διαφεύγειν
503 384 779 436 δουλείαν.
854 383 917 436 τὸ
979 383 1084 452 γὰρ
1145 384 1475 451 καταφυγήν
1536 384 1595 435 οἱ
1650 401 1813 435 κατα-

118 471 498 525 σκευάσασθαι
529 471 630 524 τὸν
661 472 838 524 πίθον
870 471 962 524 καὶ
993 469 1237 524 δεδιέναι
1267 471 1367 524 τὸν
1390 469 1814 538 ἐπιταττόμενον

118 560 307 614 αὐτὸν
330 557 422 613 καὶ
461 555 605 613 εἶναι
644 567 745 613 τοῦ
798 560 1167 622 δουλεύοντος
1214 561 1562 628 φαυλότερον
1608 560 1818 613 δοῦλον

118 648 293 702 ἐποίει
328 649 428 702 τὸν
466 648 527 701 ἐν
572 656 637 719 τῇ
684 647 831 713 τάξει
877 656 978 701 τοῦ
1025 649 1362 711 κελεύοντος.
1434 646 1710 718 *Ηρακλῆς
1754 645 1816 701 δὲ
1863 668 1882 702 5

117 737 271 805 ἥκων
314 738 393 800 εἰς
418 735 606 790 Ἅιδου
645 738 745 790 τὸν
790 737 1023 802 ἀνεψιὸν
1068 738 1168 791 τὸν
1215 737 1388 790 αὑτοῦ
1437 738 1646 790 δοῦλον
1683 739 1817 791 ὄντα

118 835 230 879 τῶν
275 826 420 879 κάτω
468 824 559 879 καὶ
606 825 831 896 προσέτι
872 846 934 894 γε
974 826 1260 895 δεσμώτην
1306 828 1481 879 ἔλυσε.
1558 826 1649 879 καὶ
1687 828 1818 889 τοὺς

106 913 384 986 Ἀτρείδας
436 934 499 983 γε
546 918 606 968 οἳ
651 917 853 984 χιλίαις
898 913 1064 968 ναυσὶ
1112 923 1177 985 τῇ
1230 917 1399 985 Τροίᾳ
1453 914 1816 985 προσέβαλον,

120 1004 301 1057 πολλὰ
349 1002 421 1056 ἂν
467 1004 726 1074 εὕροιμεν
765 1003 827 1057 ἐν
865 1012 930 1074 τῇ
977 1006 1209 1074 πολεμίᾳ
1248 1010 1323 1076 τῷ
1368 1010 1582 1076 στρατῷ
1624 1005 1817 1057 δεδου-

118 1094 394 1156 λευκότας.
470 1093 556 1146 66.
602 1100 744 1146 νοῦν
785 1089 846 1146 δὲ
886 1089 995 1162 εἶχε
1033 1092 1372 1163 Μένανδρος
1409 1091 1438 1146 6
1471 1097 1817 1155 Διοπείθους
1842 1114 1885 1146 10

117 1182 211 1234 καὶ
248 1185 477 1236 πλεῖστα
515 1189 632 1244 τοῖς
670 1180 907 1244 οἰκέταις
946 1183 1052 1252 ἄρα
1083 1190 1200 1244 τοῖς
1232 1182 1406 1234 αὑτοῦ
1440 1181 1817 1244 δεδουλευκὼς

120 1265 283 1333 οὗτος
322 1273 480 1340 ἔσχεν
519 1271 696 1323 εἰπεῖν
733 1272 819 1324 τό’

343 1367 436 1437 εἷς
476 1372 613 1427 ἐστι
652 1374 890 1436 δοῦλος
930 1375 1144 1437 οἰκίας
1181 1373 1210 1427 6
1252 1376 1584 1443 δεσπότης.

117 1476 210 1531 καὶ
257 1479 361 1547 γὰρ
409 1478 483 1541 ὡς
533 1477 756 1546 ἀληθῶς
805 1480 979 1540 πολὺς
1025 1477 1053 1530 6
1104 1487 1217 1531 τῶν
1267 1479 1587 1548 φροντίδων
1637 1476 1815 1546 ἐσμός,

119 1566 193 1629 ὡς
232 1566 451 1636 οἰκέτην
489 1565 674 1637 θρέψῃ
707 1565 770 1620 ἐν
808 1565 1075 1637 εὐπραξίᾳ
1113 1586 1171 1620 τε
1208 1567 1300 1620 καὶ
1331 1568 1692 1637 κακοπραγίᾳ.
1745 1572 1820 1638 τῷ
1841 1588 1882 1621 15

118 1655 222 1724 μὲν
260 1656 364 1725 γὰρ
406 1655 561 1726 ἀρκεῖ
605 1656 742 1725 πρὸς
786 1656 881 1718 τὰς
928 1654 1144 1709 ἐκείνου
1191 1663 1378 1725 χεῖρας
1424 1656 1583 1723 ἰδεῖν,
1638 1661 1714 1727 τῷ
1756 1651 1818 1707 δὲ

240 1821 265 1859 3
297 1816 438 1861 Arisb.
455 1816 596 1873 Vesp.
623 1820 708 1860 686
833 1821 858 1860 6
891 1816 999 1860 Eur.
1024 1816 1159 1860 Herc.
1182 1816 1288 1859 Fur.
1316 1821 1415 1860 619.
1452 1820 1579 1860 1169.
1636 1816 1772 1859 Paus.
1797 1816 1818 1858 I

123 1879 192 1929 17,
210 1880 251 1919 4.
300 1876 357 1919 cf.
383 1875 437 1919 A.
455 1875 693 1930 Winkler‚
725 1875 1088 1933 Darstellungen
1129 1875 1211 1918 der
1242 1875 1502 1919 Unterwelt
1540 1875 1626 1919 auf
1659 1879 1817 1920 unter-

119 1934 370 1979 italischen
400 1935 557 1979 Vasen
587 1951 631 1991 p.
658 1938 715 1979 40
898 1940 924 1979 8
963 1934 1128 1979 Aesch.
1153 1935 1240 1991 Ag.
1267 1939 1336 1979 45.
1385 1935 1492 1978 Eur.
1517 1935 1616 1991 Iph.
1643 1934 1694 1978 T.
1717 1940 1815 1978 141.

120 1993 263 2037 Andr.
292 1998 375 2038 106
500 1999 554 2038 13
586 1994 708 2038 Men.
734 1994 857 2038 Mon.
886 1994 1036 2038 168M

243 2148 263 2185 1
297 2142 560 2200 προῦβαλεν
594 2142 759 2198 scripsi
791 2155 815 2185 e
847 2144 931 2186 Mo
944 2143 1124 2187 UIBM
1133 2144 1174 2187 V
1229 2142 1518 2201 προῦβαλλεν
1553 2143 1683 2187 GAP
1703 2142 1771 2185 Re
1807 2142 1812 2199 Ι

120 2202 262 2245 verba
293 2202 395 2258 ἐμοὶ
419 2202 470 2247 δὲ
500 2215 650 2258 usque
682 2202 743 2245 ad
768 2201 907 2245 finem
939 2201 1164 2246 orationis
1197 2215 1318 2258 quae
1343 2203 1537 2258 excepto
1569 2201 1706 2245 initio
1739 2201 1814 2258 (cf.

121 2261 182 2304 ad
207 2265 309 2315 567,
326 2263 370 2318 8)
394 2260 443 2304 111
460 2260 738 2304 Morelliana
762 2261 969 2305 editione
992 2261 1247 2317 perierunt,
1273 2275 1298 2305 e
1323 2261 1484 2305 codice
1500 2260 1815 2304 Laurentiano

119 2319 291 2363 XXXII
310 2325 365 2364 13
390 2322 463 2377 (=
482 2321 632 2378 Laur)
663 2321 841 2377 primus
867 2320 1017 2364 edidit
1040 2320 1102 2363 Io.
1123 2319 1291 2365 Christ.
1308 2320 1590 2364 Amadutius
1622 2319 1814 2378 (Aneed.

119 2377 212 2422 litt.
235 2391 292 2422 ex
312 2379 423 2422 Mss
449 2379 582 2423 codd.
617 2381 750 2423 eruta
774 2378 862 2423 vol.
880 2379 923 2422 Π
954 2379 1131 2424 Romae
1157 2384 1271 2423 1773
1303 2395 1348 2436 p.
1369 2384 1514 2423 3-16
1546 2382 1621 2435 (=
1645 2379 1814 2436 Amad)

123 2437 131 2495 Ι
168 2438 327 2482 δοκεῖν
358 2439 471 2482 ΒΜ
492 2441 500 2495 Ι
527 2438 668 2488 αὐτὸς
700 2435 907 2498 (οὗτος)
941 2438 1087 2483 Cobet
1119 2437 1232 2482 Coll.
1254 2443 1339 2482 124
1479 2444 1504 2481 2
1537 2437 1816 2495 καταφυγήν

130 2496 175 2539 V
199 2496 282 2540 sed
313 2495 371 2552 ἦν
404 2510 459 2540 ex
491 2504 561 2542 εῖν
593 2511 695 2541 corr
716 2497 786 2540 m²
813 2498 819 2556 1
847 2497 1281 2542 κατασκευασεσθαι
1313 2499 1388 2542 UI
1518 2502 1544 2539 3
1577 2495 1815 2542 ἐπιταττό-

122 2571 264 2612 μενον
299 2556 336 2601 O
364 2556 447 2600 sed
478 2572 499 2600 ε
523 2557 585 2613 (1)
616 2557 666 2599 111
690 2571 765 2600 ras
789 2556 860 2599 m²
943 2555 1307 2614 ἐπιτασσόμενον
1340 2558 1384 2601 V
1532 2560 1558 2599 5
1584 2554 1647 2599 H
1647 2558 1816 2613 ρακλῆς

123 2640 179 2647 -
208 2618 232 2657 7
265 2614 392 2660 ἔλυσε
426 2615 542 2659 citat
566 2615 683 2659 Plan
715 2615 795 2659 fol.
815 2619 920 2659 104
1041 2621 1067 2659 6
1100 2616 1245 2660 αὑτοῦ
1270 2617 1317 2660 Ρ
1344 2613 1462 2659 sed
1498 2615 1548 2658 in
1579 2628 1655 2658 ras
1686 2614 1757 2659 m²

122 2673 268 2717 αὐτοῦ
292 2675 522 2720 ΑΜοΙΜ
536 2674 654 2719 Plan
716 2682 861 2718 αυτοῦ
886 2675 932 2719 U
1048 2680 1071 2718 7
1098 2691 1180 2750 γε
1174 2689 1249 2718 om
1264 2674 1382 2718 Plan
1502 2678 1529 2717 8
1561 2691 1612 2732 γε
1637 2690 1713 2718 om
1732 2676 1816 2719 Mo

181 2731 269 2790 γὰρ
304 2734 348 2777 V
485 2739 536 2778 11
571 2735 716 2778 αὐτοῦ
750 2735 901 2778 ΜοΜ
1041 2739 1095 2777 12
1128 2731 1263 2784 οὗτος
1293 2733 1458 2790 scripsi
1491 2747 1517 2778 e
1551 2734 1595 2777 V
1671 2750 1817 2783 ουτως

120 2791 293 2847 reliqui
323 2791 433 2836 libri
464 2793 555 2837 edd
737 2797 791 2836 13
824 2789 910 2851 εἷς]
943 2807 969 2837 σ
999 2794 1190 2850 praevia
1219 2805 1296 2836 ras
1329 2797 1354 2835 2
1388 2791 1468 2836 litia
1499 2793 1544 2836 U
1600 2788 1762 2844 ἴσοςΙ

184 2855 240 2894 14
271 2850 407 2908 ἐσμὸς
437 2853 522 2910 οὐχ
553 2852 614 2904 ὡς
638 2850 793 2910 οἰκέτῃ
818 2853 931 2896 ΒΜ
1049 2857 1102 2895 15
1133 2850 1296 2910 θρέψῃ
1332 2853 1417 2896 Mo
1442 2853 1575 2896 Laur
1605 2851 1731 2895 inser
1757 2852 1813 2896 O

122 2909 171 2952 et
198 2910 456 2966 praemisso
479 2908 695 2967 κείμενον
725 2911 775 2953 111
798 2924 932 2985 marg
956 2911 1022 2955 P*
1083 2925 1158 2954 om
1188 2897 1358 2966 reliqui
1388 2910 1500 2954 libri
1560 2925 1673 2953 num
1702 2908 1815 2964 θρέ-

121 2973 233 3024 wa?
356 2973 410 3012 15
443 2970 493 3014 ἐν
526 2996 581 3002 -
613 2967 911 3031 κακοπραγίᾳ
941 2970 991 3013 111
1021 2969 1192 3013 lacuna
1225 2974 1399 3013 15—16
1431 2969 1512 3014 litt
1543 2983 1618 3013 om
1645 2969 1690 3013 V
