<?xml version="1.0" encoding="UTF-8"?>
<!DOCTYPE html PUBLIC "-//W3C//DTD XHTML 1.0 Transitional//EN"
    "http://www.w3.org/TR/xhtml1/DTD/xhtml1-transitional.dtd">
<html xmlns="http://www.w3.org/1999/xhtml" xml:lang="en" lang="en">
 <head>
  <title>
</title>
<meta http-equiv="Content-Type" content="text/html;charset=utf-8" />
  <meta name='ocr-system' content='tesseract 3.04.00' />
  <meta name='ocr-capabilities' content='ocr_page ocr_carea ocr_par ocr_line ocrx_word'/>
</head>
<body>
  <div class='ocr_page' id='page_1' title='image "./operarecensuitri02libauoft_0158.png"; bbox 0 0 2060 3162; ppageno 0'>
   <div class='ocr_carea' id='block_1_1' title="bbox 240 146 1387 199">
    <p class='ocr_par' dir='ltr' id='par_1_1' title="bbox 240 146 1387 199">
     <span class='ocr_line' id='line_1_1' title="bbox 240 146 1387 199; baseline 0.001 -7"><span class='ocrx_word' id='word_1_1' title='bbox 240 146 342 199; x_wconf 89' lang='grc'><em>148</em></span> <span class='ocrx_word' id='word_1_2' title='bbox 789 147 1014 190; x_wconf 86' lang='lat' dir='ltr'>LIBANH</span> <span class='ocrx_word' id='word_1_3' title='bbox 1046 146 1269 192; x_wconf 87' lang='lat' dir='ltr'><strong>ORATIO</strong></span> <span class='ocrx_word' id='word_1_4' title='bbox 1303 149 1387 193; x_wconf 91' lang='lat' dir='ltr'><em>XV</em></span> 
     </span>
    </p>
   </div>
   <div class='ocr_carea' id='block_1_2' title="bbox 139 280 1932 1863">
    <p class='ocr_par' dir='ltr' id='par_1_2' title="bbox 139 280 1932 1863">
     <span class='ocr_line' id='line_1_2' title="bbox 236 280 1932 356; baseline 0.004 -23"><span class='ocrx_word' id='word_1_5' title='bbox 236 280 645 351; x_wconf 85' lang='grc' dir='ltr'><em>τρεφέσθων·</em></span> <span class='ocrx_word' id='word_1_6' title='bbox 715 280 1047 351; x_wconf 80' lang='grc' dir='ltr'><strong><em>ἐλύπησαν</em></strong></span> <span class='ocrx_word' id='word_1_7' title='bbox 1107 283 1246 353; x_wconf 88' lang='grc' dir='ltr'><em>μέν,</em></span> <span class='ocrx_word' id='word_1_8' title='bbox 1317 285 1476 338; x_wconf 78' lang='grc' dir='ltr'><em>ἀλλὰ</em></span> <span class='ocrx_word' id='word_1_9' title='bbox 1536 288 1614 355; x_wconf 80' lang='grc' dir='ltr'><em>μὴ</em></span> <span class='ocrx_word' id='word_1_10' title='bbox 1686 290 1932 356; x_wconf 88' lang='grc' dir='ltr'><em>λιμωτ--</em></span> 
     </span>
     <span class='ocr_line' id='line_1_3' title="bbox 235 369 1917 443; baseline 0.004 -20"><span class='ocrx_word' id='word_1_11' title='bbox 235 372 491 423; x_wconf 89' lang='grc' dir='ltr'><em>τόντων.</em></span> <span class='ocrx_word' id='word_1_12' title='bbox 592 370 781 423; x_wconf 87' lang='grc' dir='ltr'><em>δίδου</em></span> <span class='ocrx_word' id='word_1_13' title='bbox 854 369 1051 440; x_wconf 80' lang='grc' dir='ltr'><em>μέτρα</em></span> <span class='ocrx_word' id='word_1_14' title='bbox 1117 374 1318 442; x_wconf 90' lang='grc' dir='ltr'><em>μύρια</em></span> <span class='ocrx_word' id='word_1_15' title='bbox 1394 374 1498 428; x_wconf 85' lang='grc' dir='ltr'><em>καὶ</em></span> <span class='ocrx_word' id='word_1_16' title='bbox 1565 378 1917 443; x_wconf 77' lang='grc' dir='ltr'><em>προστίθει</em></span> 
     </span>
     <span class='ocr_line' id='line_1_4' title="bbox 236 458 1919 532; baseline 0.005 -22"><span class='ocrx_word' id='word_1_17' title='bbox 236 460 580 528; x_wconf 78' lang='grc' dir='ltr'><em>τρισχίλια.</em></span> <span class='ocrx_word' id='word_1_18' title='bbox 660 458 760 512; x_wconf 82' lang='grc'>71..</span> <span class='ocrx_word' id='word_1_19' title='bbox 790 467 960 512; x_wconf 92' lang='grc' dir='ltr'><em>ταῦτα</em></span> <span class='ocrx_word' id='word_1_20' title='bbox 998 461 1336 529; x_wconf 76' lang='grc' dir='ltr'><em>χαλάσαντος</em></span> <span class='ocrx_word' id='word_1_21' title='bbox 1380 459 1467 532; x_wconf 80' lang='grc' dir='ltr'><em>ἦν,</em></span> <span class='ocrx_word' id='word_1_22' title='bbox 1513 471 1682 516; x_wconf 91' lang='grc' dir='ltr'><em>ταῦτα</em></span> <span class='ocrx_word' id='word_1_23' title='bbox 1730 465 1796 517; x_wconf 88' lang='grc' dir='ltr'><em>οὐ</em></span> <span class='ocrx_word' id='word_1_24' title='bbox 1836 484 1919 518; x_wconf 92' lang='grc' dir='ltr'><em>τε-</em></span> 
     </span>
     <span class='ocr_line' id='line_1_5' title="bbox 235 545 1917 622; baseline 0.004 -23"><span class='ocrx_word' id='word_1_25' title='bbox 235 545 369 609; x_wconf 88' lang='grc' dir='ltr'><em>λέως</em></span> <span class='ocrx_word' id='word_1_26' title='bbox 418 555 738 616; x_wconf 73' lang='grc' dir='ltr'><em>μισοῦντος,</em></span> <span class='ocrx_word' id='word_1_27' title='bbox 785 556 954 601; x_wconf 91' lang='grc' dir='ltr'><em>ταῦτα</em></span> <span class='ocrx_word' id='word_1_28' title='bbox 1003 551 1425 618; x_wconf 80' lang='grc' dir='ltr'><em>προσδοκῶντος</em></span> <span class='ocrx_word' id='word_1_29' title='bbox 1471 555 1800 622; x_wconf 84' lang='grc' dir='ltr'><em>μεταβολήν·</em></span> <span class='ocrx_word' id='word_1_30' title='bbox 1851 554 1917 606; x_wconf 85' lang='grc' dir='ltr'><em>οὐ</em></span> 
     </span>
     <span class='ocr_line' id='line_1_6' title="bbox 195 636 1921 710; baseline 0.003 -21"><span class='ocrx_word' id='word_1_31' title='bbox 195 657 214 689; x_wconf 83' lang='grc'>5</span> <span class='ocrx_word' id='word_1_32' title='bbox 239 637 343 704; x_wconf 81' lang='grc' dir='ltr'><em>γὰρ</em></span> <span class='ocrx_word' id='word_1_33' title='bbox 406 636 473 704; x_wconf 83' lang='grc' dir='ltr'><em>δὴ</em></span> <span class='ocrx_word' id='word_1_34' title='bbox 535 638 700 689; x_wconf 87' lang='grc' dir='ltr'><em>πόλιν</em></span> <span class='ocrx_word' id='word_1_35' title='bbox 753 636 986 701; x_wconf 78' lang='grc' dir='ltr'><em>ἀνιάτως</em></span> <span class='ocrx_word' id='word_1_36' title='bbox 1038 636 1275 707; x_wconf 79' lang='grc' dir='ltr'><em>ἔχουσαν</em></span> <span class='ocrx_word' id='word_1_37' title='bbox 1328 642 1543 707; x_wconf 82' lang='grc' dir='ltr'><em>ἔμελλες</em></span> <span class='ocrx_word' id='word_1_38' title='bbox 1604 644 1921 710; x_wconf 77' lang='grc' dir='ltr'><em>φιλοπόνως</em></span> 
     </span>
     <span class='ocr_line' id='line_1_7' title="bbox 240 725 1922 798; baseline 0.005 -22"><span class='ocrx_word' id='word_1_39' title='bbox 240 726 597 795; x_wconf 75' lang='grc' dir='ltr'><em>φρουρήσειν,</em></span> <span class='ocrx_word' id='word_1_40' title='bbox 638 726 686 778; x_wconf 85' lang='grc' dir='ltr'><em>εἰ</em></span> <span class='ocrx_word' id='word_1_41' title='bbox 723 727 796 795; x_wconf 84' lang='grc' dir='ltr'><em>μὴ</em></span> <span class='ocrx_word' id='word_1_42' title='bbox 835 725 1061 780; x_wconf 89' lang='grc' dir='ltr'><em>κάκεῖνα</em></span> <span class='ocrx_word' id='word_1_43' title='bbox 1098 735 1394 796; x_wconf 86' lang='grc' dir='ltr'><em>μισοῦντος</em></span> <span class='ocrx_word' id='word_1_44' title='bbox 1432 725 1501 798; x_wconf 76' lang='grc' dir='ltr'><em>ἦν</em></span> <span class='ocrx_word' id='word_1_45' title='bbox 1536 731 1757 798; x_wconf 82' lang='grc' dir='ltr'><em>ὄμβρων</em></span> <span class='ocrx_word' id='word_1_46' title='bbox 1797 730 1922 798; x_wconf 85' lang='grc' dir='ltr'><em>ἀμε-</em></span> 
     </span>
     <span class='ocr_line' id='line_1_8' title="bbox 236 812 1921 887; baseline 0.003 -21"><span class='ocrx_word' id='word_1_47' title='bbox 236 815 395 883; x_wconf 86' lang='grc' dir='ltr'><em>τρίαν</em></span> <span class='ocrx_word' id='word_1_48' title='bbox 434 812 728 884; x_wconf 80' lang='grc' dir='ltr'><em>ἐπιχειρεῖν</em></span> <span class='ocrx_word' id='word_1_49' title='bbox 768 814 1046 885; x_wconf 79' lang='grc' dir='ltr'><em>ἀνείργειν</em></span> <span class='ocrx_word' id='word_1_50' title='bbox 1092 817 1182 870; x_wconf 81' lang='grc' dir='ltr'><em>καὶ</em></span> <span class='ocrx_word' id='word_1_51' title='bbox 1231 817 1467 886; x_wconf 80' lang='grc' dir='ltr'><em>ῥύεσθαι</em></span> <span class='ocrx_word' id='word_1_52' title='bbox 1514 820 1614 887; x_wconf 85' lang='grc' dir='ltr'><em>τὴν</em></span> <span class='ocrx_word' id='word_1_53' title='bbox 1660 827 1765 887; x_wconf 81' lang='grc' dir='ltr'><em>γῆν</em></span> <span class='ocrx_word' id='word_1_54' title='bbox 1809 828 1921 871; x_wconf 86' lang='grc' dir='ltr'><em>τῶν</em></span> 
     </span>
     <span class='ocr_line' id='line_1_9' title="bbox 139 900 1921 975; baseline 0.002 -18"><span class='ocrx_word' id='word_1_55' title='bbox 139 915 188 959; x_wconf 78' lang='grc' dir='ltr'>Β</span> <span class='ocrx_word' id='word_1_56' title='bbox 208 919 292 958; x_wconf 83' lang='grc'><em>476</em></span> <span class='ocrx_word' id='word_1_57' title='bbox 326 900 543 955; x_wconf 83' lang='grc' dir='ltr'><em>ἐκεῖθεν</em></span> <span class='ocrx_word' id='word_1_58' title='bbox 565 904 862 973; x_wconf 73' lang='grc' dir='ltr'><em>κινδύνων,</em></span> <span class='ocrx_word' id='word_1_59' title='bbox 891 904 896 975; x_wconf 74' lang='grc' dir='ltr'>Ι</span> <span class='ocrx_word' id='word_1_60' title='bbox 925 905 1014 957; x_wconf 80' lang='grc' dir='ltr'><em>ὅτε</em></span> <span class='ocrx_word' id='word_1_61' title='bbox 1038 906 1136 959; x_wconf 90' lang='grc' dir='ltr'><em>τὸν</em></span> <span class='ocrx_word' id='word_1_62' title='bbox 1151 908 1331 959; x_wconf 88' lang='grc' dir='ltr'><em>πολὺν</em></span> <span class='ocrx_word' id='word_1_63' title='bbox 1356 905 1568 960; x_wconf 79' lang='grc' dir='ltr'><em>ἐκεῖνον</em></span> <span class='ocrx_word' id='word_1_64' title='bbox 1585 907 1746 960; x_wconf 86' lang='grc' dir='ltr'><em>ὑετὸν</em></span> <span class='ocrx_word' id='word_1_65' title='bbox 1762 908 1921 960; x_wconf 84' lang='grc' dir='ltr'><em>ὑπαί-</em></span> 
     </span>
     <span class='ocr_line' id='line_1_10' title="bbox 234 984 1921 1067; baseline 0.003 -23"><span class='ocrx_word' id='word_1_66' title='bbox 234 997 399 1061; x_wconf 88' lang='grc' dir='ltr'><em>θριος</em></span> <span class='ocrx_word' id='word_1_67' title='bbox 430 998 504 1064; x_wconf 81' lang='grc' dir='ltr'><em>τῷ</em></span> <span class='ocrx_word' id='word_1_68' title='bbox 528 994 694 1065; x_wconf 80' lang='grc' dir='ltr'><em>βωμῷ</em></span> <span class='ocrx_word' id='word_1_69' title='bbox 720 984 1036 1063; x_wconf 78' lang='grc' dir='ltr'><em>προσεστὼς</em></span> <span class='ocrx_word' id='word_1_70' title='bbox 1067 992 1230 1057; x_wconf 82' lang='grc' dir='ltr'><em>ἐδέξω</em></span> <span class='ocrx_word' id='word_1_71' title='bbox 1264 1001 1337 1067; x_wconf 78' lang='grc' dir='ltr'><em>τῷ</em></span> <span class='ocrx_word' id='word_1_72' title='bbox 1365 996 1572 1064; x_wconf 89' lang='grc' dir='ltr'><em>σώματι</em></span> <span class='ocrx_word' id='word_1_73' title='bbox 1605 1005 1715 1049; x_wconf 82' lang='grc' dir='ltr'><em>τῶν</em></span> <span class='ocrx_word' id='word_1_74' title='bbox 1739 997 1921 1049; x_wconf 79' lang='grc' dir='ltr'><em>ἄλλων</em></span> 
     </span>
     <span class='ocr_line' id='line_1_11' title="bbox 171 1082 1921 1156; baseline 0 -18"><span class='ocrx_word' id='word_1_75' title='bbox 171 1106 213 1138; x_wconf 90' lang='grc' dir='ltr'><em>1ο</em></span> <span class='ocrx_word' id='word_1_76' title='bbox 236 1083 344 1136; x_wconf 83' lang='grc' dir='ltr'><em>ὑπὸ</em></span> <span class='ocrx_word' id='word_1_77' title='bbox 391 1088 465 1154; x_wconf 79' lang='grc' dir='ltr'><em>τῷ</em></span> <span class='ocrx_word' id='word_1_78' title='bbox 517 1089 765 1155; x_wconf 78' lang='grc' dir='ltr'><em>νεουργῷ</em></span> <span class='ocrx_word' id='word_1_79' title='bbox 807 1082 1244 1152; x_wconf 80' lang='grc' dir='ltr'><em>συνειλεγμένων</em></span> <span class='ocrx_word' id='word_1_80' title='bbox 1300 1084 1488 1156; x_wconf 77' lang='grc' dir='ltr'><em>ὀρόφῳ</em></span> <span class='ocrx_word' id='word_1_81' title='bbox 1537 1085 1800 1138; x_wconf 89' lang='grc' dir='ltr'><em>δεδιότων</em></span> <span class='ocrx_word' id='word_1_82' title='bbox 1849 1087 1921 1155; x_wconf 85' lang='grc' dir='ltr'><em>μὴ</em></span> 
     </span>
     <span class='ocr_line' id='line_1_12' title="bbox 237 1172 1923 1243; baseline 0.001 -19"><span class='ocrx_word' id='word_1_83' title='bbox 237 1181 351 1234; x_wconf 87' lang='grc' dir='ltr'><em>τοῖς</em></span> <span class='ocrx_word' id='word_1_84' title='bbox 390 1179 620 1242; x_wconf 90' lang='grc' dir='ltr'><em>καρποῖς</em></span> <span class='ocrx_word' id='word_1_85' title='bbox 657 1174 889 1240; x_wconf 82' lang='grc' dir='ltr'><em>βοηθῶν</em></span> <span class='ocrx_word' id='word_1_86' title='bbox 930 1172 1091 1234; x_wconf 84' lang='grc' dir='ltr'><em>αὐτὸς</em></span> <span class='ocrx_word' id='word_1_87' title='bbox 1125 1173 1313 1243; x_wconf 80' lang='grc' dir='ltr'><em>ἰατροῦ</em></span> <span class='ocrx_word' id='word_1_88' title='bbox 1348 1174 1570 1243; x_wconf 77' lang='grc' dir='ltr'><em>δεηθῇς,</em></span> <span class='ocrx_word' id='word_1_89' title='bbox 1611 1172 1726 1226; x_wconf 84' lang='grc' dir='ltr'><em>ἀλλ’</em></span> <span class='ocrx_word' id='word_1_90' title='bbox 1757 1174 1923 1226; x_wconf 79' lang='grc' dir='ltr'><em>οὐδὲν</em></span> 
     </span>
     <span class='ocr_line' id='line_1_13' title="bbox 239 1259 1924 1332; baseline 0.001 -19"><span class='ocrx_word' id='word_1_91' title='bbox 239 1259 647 1329; x_wconf 85' lang='grc' dir='ltr'><em>ἀπέστησέ&lt;σε&gt;</em></span> <span class='ocrx_word' id='word_1_92' title='bbox 685 1268 780 1328; x_wconf 80' lang='grc' dir='ltr'><em>τῆς</em></span> <span class='ocrx_word' id='word_1_93' title='bbox 817 1262 1095 1329; x_wconf 85' lang='grc' dir='ltr'><em>βοηθείας.</em></span> <span class='ocrx_word' id='word_1_94' title='bbox 1169 1261 1250 1313; x_wconf 77' lang='grc'><em>72.</em></span> <span class='ocrx_word' id='word_1_95' title='bbox 1292 1261 1464 1324; x_wconf 81' lang='grc' dir='ltr'><em>οὕτως</em></span> <span class='ocrx_word' id='word_1_96' title='bbox 1497 1262 1792 1332; x_wconf 85' lang='grc' dir='ltr'><em>ὠλιγώρεις</em></span> <span class='ocrx_word' id='word_1_97' title='bbox 1830 1270 1924 1330; x_wconf 80' lang='grc' dir='ltr'><em>τῆς</em></span> 
     </span>
     <span class='ocr_line' id='line_1_14' title="bbox 239 1345 1925 1421; baseline 0.001 -20"><span class='ocrx_word' id='word_1_98' title='bbox 239 1351 468 1411; x_wconf 84' lang='grc' dir='ltr'><em>πόλεως·</em></span> <span class='ocrx_word' id='word_1_99' title='bbox 523 1345 661 1418; x_wconf 72' lang='grc' dir='ltr'><em>ὑπὲρ</em></span> <span class='ocrx_word' id='word_1_100' title='bbox 701 1345 765 1417; x_wconf 82' lang='grc' dir='ltr'><em>ἧς</em></span> <span class='ocrx_word' id='word_1_101' title='bbox 811 1348 1029 1402; x_wconf 89' lang='grc' dir='ltr'><em>κάκεῖνο</em></span> <span class='ocrx_word' id='word_1_102' title='bbox 1076 1348 1449 1418; x_wconf 84' lang='grc' dir='ltr'><em>προσέθηκας,</em></span> <span class='ocrx_word' id='word_1_103' title='bbox 1494 1348 1752 1419; x_wconf 80' lang='grc' dir='ltr'><em>ᾐσθόμην</em></span> <span class='ocrx_word' id='word_1_104' title='bbox 1798 1351 1925 1421; x_wconf 79' lang='grc' dir='ltr'><em>γάρ·</em></span> 
     </span>
     <span class='ocr_line' id='line_1_15' title="bbox 240 1437 1924 1508; baseline 0.001 -18"><span class='ocrx_word' id='word_1_105' title='bbox 240 1441 380 1508; x_wconf 73' lang='grc' dir='ltr'><em>ἤρου</em></span> <span class='ocrx_word' id='word_1_106' title='bbox 413 1440 542 1500; x_wconf 87' lang='grc' dir='ltr'><em>τοὺς</em></span> <span class='ocrx_word' id='word_1_107' title='bbox 566 1438 752 1505; x_wconf 90' lang='grc' dir='ltr'><em>θεούς,</em></span> <span class='ocrx_word' id='word_1_108' title='bbox 784 1439 832 1490; x_wconf 85' lang='grc' dir='ltr'><em>εἰ</em></span> <span class='ocrx_word' id='word_1_109' title='bbox 862 1439 1000 1508; x_wconf 89' lang='grc' dir='ltr'><em>πρὸς</em></span> <span class='ocrx_word' id='word_1_110' title='bbox 1031 1438 1092 1490; x_wconf 93' lang='grc' dir='ltr'><em>τὸ</em></span> <span class='ocrx_word' id='word_1_111' title='bbox 1125 1437 1294 1508; x_wconf 80' lang='grc' dir='ltr'><em>θέρος</em></span> <span class='ocrx_word' id='word_1_112' title='bbox 1324 1437 1523 1507; x_wconf 76' lang='grc' dir='ltr'><em>ἥξομεν</em></span> <span class='ocrx_word' id='word_1_113' title='bbox 1554 1438 1924 1507; x_wconf 79' lang='grc' dir='ltr'><em>ἀστασίαστοι,</em></span> 
     </span>
     <span class='ocr_line' id='line_1_16' title="bbox 176 1527 1924 1597; baseline -0.001 -15"><span class='ocrx_word' id='word_1_114' title='bbox 176 1550 217 1583; x_wconf 87' lang='lat'><em>15</em></span> <span class='ocrx_word' id='word_1_115' title='bbox 242 1528 468 1596; x_wconf 80' lang='grc' dir='ltr'><em>γνώμην</em></span> <span class='ocrx_word' id='word_1_116' title='bbox 508 1528 664 1595; x_wconf 82' lang='grc' dir='ltr'><em>ἔχων,</em></span> <span class='ocrx_word' id='word_1_117' title='bbox 714 1527 762 1578; x_wconf 82' lang='grc' dir='ltr'><em>εἰ</em></span> <span class='ocrx_word' id='word_1_118' title='bbox 807 1529 1172 1597; x_wconf 89' lang='grc' dir='ltr'><em>προαίσθοιτό</em></span> <span class='ocrx_word' id='word_1_119' title='bbox 1219 1547 1302 1590; x_wconf 87' lang='grc' dir='ltr'><em>τις</em></span> <span class='ocrx_word' id='word_1_120' title='bbox 1349 1528 1550 1596; x_wconf 87' lang='grc' dir='ltr'><em>δεινόν,</em></span> <span class='ocrx_word' id='word_1_121' title='bbox 1598 1527 1924 1580; x_wconf 88' lang='grc' dir='ltr'><em>ἀπώσασθαι</em></span> 
     </span>
     <span class='ocr_line' id='line_1_17' title="bbox 243 1610 1924 1685; baseline 0.001 -17"><span class='ocrx_word' id='word_1_122' title='bbox 243 1615 314 1668; x_wconf 86' lang='grc' dir='ltr'><em>δι’</em></span> <span class='ocrx_word' id='word_1_123' title='bbox 353 1611 431 1668; x_wconf 80' lang='grc' dir='ltr'><em>ὧν</em></span> <span class='ocrx_word' id='word_1_124' title='bbox 486 1620 703 1678; x_wconf 80' lang='grc' dir='ltr'><em>εἴωθας.</em></span> <span class='ocrx_word' id='word_1_125' title='bbox 792 1610 898 1668; x_wconf 86' lang='grc' dir='ltr'><em>εἷθ’</em></span> <span class='ocrx_word' id='word_1_126' title='bbox 945 1613 1084 1685; x_wconf 67' lang='grc' dir='ltr'><em>ὑπὲρ</em></span> <span class='ocrx_word' id='word_1_127' title='bbox 1139 1611 1218 1669; x_wconf 77' lang='grc' dir='ltr'><em>ὧν</em></span> <span class='ocrx_word' id='word_1_128' title='bbox 1270 1617 1414 1679; x_wconf 84' lang='grc' dir='ltr'><em>ὅπως</em></span> <span class='ocrx_word' id='word_1_129' title='bbox 1466 1618 1538 1685; x_wconf 88' lang='grc' dir='ltr'><em>μὴ</em></span> <span class='ocrx_word' id='word_1_130' title='bbox 1593 1616 1924 1670; x_wconf 88' lang='grc' dir='ltr'><em>ἀπολοῦνται</em></span> 
     </span>
     <span class='ocr_line' id='line_1_18' title="bbox 241 1704 1928 1774; baseline 0.001 -17"><span class='ocrx_word' id='word_1_131' title='bbox 241 1712 444 1772; x_wconf 86' lang='grc' dir='ltr'><em>πονεῖς,</em></span> <span class='ocrx_word' id='word_1_132' title='bbox 483 1705 714 1767; x_wconf 89' lang='grc' dir='ltr'><em>τούτους</em></span> <span class='ocrx_word' id='word_1_133' title='bbox 755 1705 899 1767; x_wconf 83' lang='grc' dir='ltr'><em>ὅπως</em></span> <span class='ocrx_word' id='word_1_134' title='bbox 939 1704 1295 1774; x_wconf 86' lang='grc' dir='ltr'><em>ἀθυμοῦντας</em></span> <span class='ocrx_word' id='word_1_135' title='bbox 1327 1705 1546 1768; x_wconf 89' lang='grc' dir='ltr'><em>ἀπολεῖς</em></span> <span class='ocrx_word' id='word_1_136' title='bbox 1578 1714 1797 1768; x_wconf 86' lang='grc' dir='ltr'><em>σκοπεῖς</em></span> <span class='ocrx_word' id='word_1_137' title='bbox 1834 1704 1928 1758; x_wconf 79' lang='grc' dir='ltr'><em>καὶ</em></span> 
     </span>
     <span class='ocr_line' id='line_1_19' title="bbox 244 1789 1926 1863; baseline 0.001 -18"><span class='ocrx_word' id='word_1_138' title='bbox 244 1798 405 1861; x_wconf 86' lang='grc' dir='ltr'><em>λιμοῦ</em></span> <span class='ocrx_word' id='word_1_139' title='bbox 455 1789 556 1860; x_wconf 76' lang='grc' dir='ltr'><em>μὲν</em></span> <span class='ocrx_word' id='word_1_140' title='bbox 611 1790 862 1863; x_wconf 83' lang='grc' dir='ltr'><em>ἐξαιρεῖς,</em></span> <span class='ocrx_word' id='word_1_141' title='bbox 917 1794 1115 1856; x_wconf 87' lang='grc' dir='ltr'><em>λύπαις</em></span> <span class='ocrx_word' id='word_1_142' title='bbox 1171 1794 1231 1846; x_wconf 82' lang='grc' dir='ltr'><em>δὲ</em></span> <span class='ocrx_word' id='word_1_143' title='bbox 1280 1793 1534 1859; x_wconf 83' lang='grc' dir='ltr'><em>ἐκδι’δως;</em></span> <span class='ocrx_word' id='word_1_144' title='bbox 1596 1793 1686 1846; x_wconf 79' lang='grc' dir='ltr'><em>καὶ</em></span> <span class='ocrx_word' id='word_1_145' title='bbox 1739 1793 1926 1863; x_wconf 87' lang='grc' dir='ltr'><em>μένειν</em></span> 
     </span>
    </p>
   </div>
   <div class='ocr_carea' id='block_1_3' title="bbox 244 1898 595 1903">
    <p class='ocr_par' dir='ltr' id='par_1_3' title="bbox 244 1898 595 1903">
     <span class='ocr_line' id='line_1_20' title="bbox 244 1898 595 1903; baseline 0 0"><span class='ocrx_word' id='word_1_146' title='bbox 244 1898 595 1903; x_wconf 95' lang='lat' dir='ltr'><em> </em></span> 
     </span>
    </p>
   </div>
   <div class='ocr_carea' id='block_1_4' title="bbox 367 1952 962 2009">
    <p class='ocr_par' dir='ltr' id='par_1_4' title="bbox 367 1952 962 2009">
     <span class='ocr_line' id='line_1_21' title="bbox 367 1952 962 2009; baseline -0.002 -13"><span class='ocrx_word' id='word_1_147' title='bbox 367 1958 391 1996; x_wconf 84' lang='grc'>2</span> <span class='ocrx_word' id='word_1_148' title='bbox 423 1952 506 1995; x_wconf 87' lang='lat' dir='ltr'>Iul.</span> <span class='ocrx_word' id='word_1_149' title='bbox 532 1953 634 1996; x_wconf 87' lang='lat' dir='ltr'><strong>Mis.</strong></span> <span class='ocrx_word' id='word_1_150' title='bbox 668 1968 712 2008; x_wconf 90' lang='lat' dir='ltr'><em>p.</em></span> <span class='ocrx_word' id='word_1_151' title='bbox 740 1957 824 1996; x_wconf 88' lang='lat'><em>369</em></span> <span class='ocrx_word' id='word_1_152' title='bbox 842 1954 962 2009; x_wconf 84' lang='lat' dir='ltr'>Asq.</span> 
     </span>
    </p>
   </div>
   <div class='ocr_carea' id='block_1_5' title="bbox 251 2045 601 2051">
    <p class='ocr_par' dir='ltr' id='par_1_5' title="bbox 251 2045 601 2051">
     <span class='ocr_line' id='line_1_22' title="bbox 251 2045 601 2051; baseline 0 0"><span class='ocrx_word' id='word_1_153' title='bbox 251 2045 601 2051; x_wconf 95' lang='lat' dir='ltr'><em> </em></span> 
     </span>
    </p>
   </div>
   <div class='ocr_carea' id='block_1_6' title="bbox 248 2097 1934 2274">
    <p class='ocr_par' dir='ltr' id='par_1_6' title="bbox 248 2097 1934 2274">
     <span class='ocr_line' id='line_1_23' title="bbox 365 2097 1934 2156; baseline 0.001 -14"><span class='ocrx_word' id='word_1_154' title='bbox 365 2105 389 2142; x_wconf 87' lang='lat'><strong>2</strong></span> <span class='ocrx_word' id='word_1_155' title='bbox 423 2099 564 2156; x_wconf 81' lang='grc' dir='ltr'><em>μύρια</em></span> <span class='ocrx_word' id='word_1_156' title='bbox 597 2099 641 2142; x_wconf 93' lang='lat' dir='ltr'><strong><em>U</em></strong></span> <span class='ocrx_word' id='word_1_157' title='bbox 666 2099 747 2142; x_wconf 82' lang='lat' dir='ltr'><em>sed</em></span> <span class='ocrx_word' id='word_1_158' title='bbox 779 2115 867 2154; x_wconf 88' lang='grc' dir='ltr'><em>μυρ</em></span> <span class='ocrx_word' id='word_1_159' title='bbox 900 2112 1101 2154; x_wconf 81' lang='lat' dir='ltr'>erasum,</span> <span class='ocrx_word' id='word_1_160' title='bbox 1136 2102 1169 2143; x_wconf 90' lang='lat' dir='ltr'><strong><em>I</em></strong></span> <span class='ocrx_word' id='word_1_161' title='bbox 1195 2100 1276 2143; x_wconf 84' lang='lat' dir='ltr'><em>sed</em></span> <span class='ocrx_word' id='word_1_162' title='bbox 1308 2100 1367 2156; x_wconf 81' lang='grc' dir='ltr'><em>μύ</em></span> <span class='ocrx_word' id='word_1_163' title='bbox 1399 2101 1448 2142; x_wconf 96' lang='grc'><em>111</em></span> <span class='ocrx_word' id='word_1_164' title='bbox 1472 2114 1546 2143; x_wconf 85' lang='lat' dir='ltr'><em>ras</em></span> <span class='ocrx_word' id='word_1_165' title='bbox 1578 2100 1647 2142; x_wconf 69' lang='lat' dir='ltr'><em>m2</em></span> <span class='ocrx_word' id='word_1_166' title='bbox 1714 2097 1855 2156; x_wconf 85' lang='grc' dir='ltr'><em>μυρία</em></span> <span class='ocrx_word' id='word_1_167' title='bbox 1891 2101 1934 2144; x_wconf 92' lang='lat' dir='ltr'><strong><em>V</em></strong></span> 
     </span>
     <span class='ocr_line' id='line_1_24' title="bbox 306 2155 1926 2215; baseline 0 -13"><span class='ocrx_word' id='word_1_168' title='bbox 306 2164 331 2202; x_wconf 86' lang='lat'>5</span> <span class='ocrx_word' id='word_1_169' title='bbox 365 2158 549 2215; x_wconf 81' lang='grc' dir='ltr'><em>ἥμελλες</em></span> <span class='ocrx_word' id='word_1_170' title='bbox 572 2159 639 2201; x_wconf 81' lang='lat' dir='ltr'><em>Re</em></span> <span class='ocrx_word' id='word_1_171' title='bbox 805 2162 828 2200; x_wconf 83' lang='lat'><strong>7</strong></span> <span class='ocrx_word' id='word_1_172' title='bbox 864 2155 1095 2214; x_wconf 85' lang='grc' dir='ltr'><em>ἀνείργειν</em></span> <span class='ocrx_word' id='word_1_173' title='bbox 1127 2158 1374 2215; x_wconf 81' lang='grc' dir='ltr'><em>ἐπιχειρεῖν</em></span> <span class='ocrx_word' id='word_1_174' title='bbox 1403 2160 1445 2202; x_wconf 91' lang='lat' dir='ltr'><strong><em>V</em></strong></span> <span class='ocrx_word' id='word_1_175' title='bbox 1611 2162 1637 2201; x_wconf 84' lang='lat'>8</span> <span class='ocrx_word' id='word_1_176' title='bbox 1670 2156 1926 2213; x_wconf 83' lang='grc' dir='ltr'><em>ὑπαίθριος</em></span> 
     </span>
     <span class='ocr_line' id='line_1_25' title="bbox 248 2216 1927 2274; baseline -0.001 -12"><span class='ocrx_word' id='word_1_177' title='bbox 248 2218 381 2263; x_wconf 83' lang='grc' dir='ltr'><em>ὑετὸν</em></span> <span class='ocrx_word' id='word_1_178' title='bbox 406 2218 451 2262; x_wconf 91' lang='lat' dir='ltr'><em>U</em></span> <span class='ocrx_word' id='word_1_179' title='bbox 567 2221 620 2260; x_wconf 92' lang='grc'><em>10</em></span> <span class='ocrx_word' id='word_1_180' title='bbox 653 2218 838 2271; x_wconf 78' lang='lat' dir='ltr'>„malim</span> <span class='ocrx_word' id='word_1_181' title='bbox 862 2216 1241 2274; x_wconf 79' lang='grc' dir='ltr'><em>συνειλιγμένων“</em></span> <span class='ocrx_word' id='word_1_182' title='bbox 1266 2218 1333 2260; x_wconf 82' lang='lat' dir='ltr'><em>Re</em></span> <span class='ocrx_word' id='word_1_183' title='bbox 1456 2222 1508 2260; x_wconf 79' lang='lat'><em>12</em></span> <span class='ocrx_word' id='word_1_184' title='bbox 1543 2232 1590 2261; x_wconf 83' lang='grc' dir='ltr'><em>σε</em></span> <span class='ocrx_word' id='word_1_185' title='bbox 1622 2218 1794 2260; x_wconf 83' lang='lat' dir='ltr'>inserui</span> <span class='ocrx_word' id='word_1_186' title='bbox 1820 2231 1927 2261; x_wconf 81' lang='lat' dir='ltr'>auc-</span> 
     </span>
    </p>
   </div>
   <div class='ocr_carea' id='block_1_7' title="bbox 250 2290 1935 2454">
    <p class='ocr_par' dir='ltr' id='par_1_7' title="bbox 250 2290 1935 2454">
     <span class='ocr_line' id='line_1_26' title="bbox 250 2290 1928 2377; baseline -0.001 -11"><span class='ocrx_word' id='word_1_187' title='bbox 250 2325 348 2366; x_wconf 75' lang='lat' dir='ltr'>tore</span> <span class='ocrx_word' id='word_1_188' title='bbox 371 2323 439 2365; x_wconf 82' lang='lat' dir='ltr'><em>Re</em></span> <span class='ocrx_word' id='word_1_189' title='bbox 463 2321 603 2364; x_wconf 83' lang='lat' dir='ltr'>Anim</span> <span class='ocrx_word' id='word_1_190' title='bbox 633 2334 689 2364; x_wconf 83' lang='lat' dir='ltr'><em>ex</em></span> <span class='ocrx_word' id='word_1_191' title='bbox 712 2323 746 2364; x_wconf 92' lang='lat' dir='ltr'><em>I</em></span> <span class='ocrx_word' id='word_1_192' title='bbox 770 2290 995 2377; x_wconf 49' lang='grc' dir='ltr'><em>ἀπέστηῧῗέ</em></span> <span class='ocrx_word' id='word_1_193' title='bbox 1033 2324 1037 2377; x_wconf 83' lang='grc' dir='ltr'>Ι</span> <span class='ocrx_word' id='word_1_194' title='bbox 1076 2326 1158 2376; x_wconf 86' lang='grc' dir='ltr'><em>τῆς</em></span> <span class='ocrx_word' id='word_1_195' title='bbox 1187 2322 1232 2364; x_wconf 89' lang='grc' dir='ltr'><em>Ρ</em></span> <span class='ocrx_word' id='word_1_196' title='bbox 1261 2320 1342 2363; x_wconf 84' lang='lat' dir='ltr'><em>sed</em></span> <span class='ocrx_word' id='word_1_197' title='bbox 1374 2327 1427 2376; x_wconf 85' lang='grc' dir='ltr'><em>ῆς</em></span> <span class='ocrx_word' id='word_1_198' title='bbox 1458 2320 1505 2362; x_wconf 90' lang='grc'><em>111</em></span> <span class='ocrx_word' id='word_1_199' title='bbox 1536 2333 1611 2363; x_wconf 86' lang='lat' dir='ltr'><em>ras</em></span> <span class='ocrx_word' id='word_1_200' title='bbox 1636 2321 1706 2363; x_wconf 78' lang='lat' dir='ltr'><em>m2</em></span> <span class='ocrx_word' id='word_1_201' title='bbox 1740 2322 1745 2377; x_wconf 90' lang='grc' dir='ltr'>Ι</span> <span class='ocrx_word' id='word_1_202' title='bbox 1785 2321 1928 2371; x_wconf 75' lang='grc' dir='ltr'><em>οὕτως</em></span> 
     </span>
     <span class='ocr_line' id='line_1_27' title="bbox 251 2379 1935 2454; baseline -0.001 -29"><span class='ocrx_word' id='word_1_203' title='bbox 251 2382 335 2425; x_wconf 84' lang='grc' dir='ltr'><em>οὐκ</em></span> <span class='ocrx_word' id='word_1_204' title='bbox 367 2381 609 2438; x_wconf 79' lang='grc' dir='ltr'><em>ὠλιγώρεις</em></span> <span class='ocrx_word' id='word_1_205' title='bbox 632 2379 787 2423; x_wconf 80' lang='lat' dir='ltr'>Gasda</span> <span class='ocrx_word' id='word_1_206' title='bbox 910 2385 962 2422; x_wconf 88' lang='lat'><em>14</em></span> <span class='ocrx_word' id='word_1_207' title='bbox 995 2379 1109 2435; x_wconf 85' lang='grc' dir='ltr'><em>ἤρου</em></span> <span class='ocrx_word' id='word_1_208' title='bbox 1134 2380 1177 2422; x_wconf 86' lang='grc' dir='ltr'><strong><em>Α</em></strong></span> <span class='ocrx_word' id='word_1_209' title='bbox 1210 2379 1290 2422; x_wconf 81' lang='lat' dir='ltr'><em>sed</em></span> <span class='ocrx_word' id='word_1_210' title='bbox 1316 2395 1399 2433; x_wconf 85' lang='grc' dir='ltr'><em>ρου</em></span> <span class='ocrx_word' id='word_1_211' title='bbox 1431 2379 1479 2421; x_wconf 86' lang='grc'><em>111</em></span> <span class='ocrx_word' id='word_1_212' title='bbox 1502 2393 1576 2422; x_wconf 82' lang='lat' dir='ltr'><em>ras</em></span> <span class='ocrx_word' id='word_1_213' title='bbox 1603 2383 1631 2454; x_wconf 52' lang='lat'><em>3,</em></span> <span class='ocrx_word' id='word_1_214' title='bbox 1653 2380 1733 2423; x_wconf 72' lang='lat' dir='ltr'>litt</span> <span class='ocrx_word' id='word_1_215' title='bbox 1755 2380 1838 2434; x_wconf 73' lang='lat' dir='ltr'><em>m2⁷</em></span> <span class='ocrx_word' id='word_1_216' title='bbox 1901 2382 1935 2424; x_wconf 94' lang='lat' dir='ltr'><em>I</em></span> 
     </span>
    </p>
   </div>
   <div class='ocr_carea' id='block_1_8' title="bbox 253 2454 1930 2891">
    <p class='ocr_par' dir='ltr' id='par_1_8' title="bbox 253 2454 1929 2715">
     <span class='ocr_line' id='line_1_28' title="bbox 254 2454 1928 2538; baseline -0.002 -11"><span class='ocrx_word' id='word_1_217' title='bbox 254 2484 334 2527; x_wconf 83' lang='lat' dir='ltr'><em>sed</em></span> <span class='ocrx_word' id='word_1_218' title='bbox 367 2501 422 2527; x_wconf 87' lang='lat' dir='ltr'><em>ov</em></span> <span class='ocrx_word' id='word_1_219' title='bbox 454 2484 502 2527; x_wconf 89' lang='lat' dir='ltr'>in</span> <span class='ocrx_word' id='word_1_220' title='bbox 534 2496 608 2526; x_wconf 81' lang='lat' dir='ltr'><em>ras</em></span> <span class='ocrx_word' id='word_1_221' title='bbox 639 2483 723 2538; x_wconf 78' lang='lat' dir='ltr'><em>m³‚</em></span> <span class='ocrx_word' id='word_1_222' title='bbox 788 2484 826 2527; x_wconf 80' lang='grc' dir='ltr'><strong><em>Ο</em></strong></span> <span class='ocrx_word' id='word_1_223' title='bbox 852 2483 933 2526; x_wconf 80' lang='lat' dir='ltr'>secl</span> <span class='ocrx_word' id='word_1_224' title='bbox 965 2499 1019 2526; x_wconf 88' lang='lat' dir='ltr'><em>ov</em></span> <span class='ocrx_word' id='word_1_225' title='bbox 1053 2496 1191 2538; x_wconf 84' lang='lat' dir='ltr'>supra</span> <span class='ocrx_word' id='word_1_226' title='bbox 1223 2498 1270 2526; x_wconf 90' lang='grc' dir='ltr'><em>εο</em></span> <span class='ocrx_word' id='word_1_227' title='bbox 1301 2497 1322 2526; x_wconf 85' lang='lat' dir='ltr'>s</span> <span class='ocrx_word' id='word_1_228' title='bbox 1349 2484 1354 2538; x_wconf 87' lang='grc' dir='ltr'>Ι</span> <span class='ocrx_word' id='word_1_229' title='bbox 1384 2482 1423 2525; x_wconf 85' lang='grc' dir='ltr'><em>εἰ</em></span> <span class='ocrx_word' id='word_1_230' title='bbox 1455 2480 1482 2537; x_wconf 74' lang='grc' dir='ltr'>ἢ</span> <span class='ocrx_word' id='word_1_231' title='bbox 1510 2483 1546 2525; x_wconf 80' lang='lat' dir='ltr'><em>C</em></span> <span class='ocrx_word' id='word_1_232' title='bbox 1593 2454 1631 2538; x_wconf 51' lang='lat'><em>833</em></span> <span class='ocrx_word' id='word_1_233' title='bbox 1663 2483 1708 2526; x_wconf 87' lang='lat' dir='ltr'><strong><em>A</em></strong></span> <span class='ocrx_word' id='word_1_234' title='bbox 1740 2482 1820 2525; x_wconf 83' lang='lat' dir='ltr'><em>sed</em></span> <span class='ocrx_word' id='word_1_235' title='bbox 1854 2482 1928 2525; x_wconf 83' lang='lat' dir='ltr'><em>del</em></span> 
     </span>
     <span class='ocr_line' id='line_1_29' title="bbox 253 2540 1927 2597; baseline -0.002 -10"><span class='ocrx_word' id='word_1_236' title='bbox 253 2546 299 2587; x_wconf 71' lang='lat' dir='ltr'><em>eb</em></span> <span class='ocrx_word' id='word_1_237' title='bbox 330 2542 378 2585; x_wconf 89' lang='lat' dir='ltr'>in</span> <span class='ocrx_word' id='word_1_238' title='bbox 402 2540 430 2597; x_wconf 79' lang='grc' dir='ltr'>ἢ</span> <span class='ocrx_word' id='word_1_239' title='bbox 461 2544 572 2587; x_wconf 74' lang='lat' dir='ltr'><strong>mut.</strong></span> <span class='ocrx_word' id='word_1_240' title='bbox 598 2558 630 2586; x_wconf 67' lang='lat' dir='ltr'><em>‘n</em></span> <span class='ocrx_word' id='word_1_241' title='bbox 771 2546 824 2585; x_wconf 85' lang='lat'><em>15</em></span> <span class='ocrx_word' id='word_1_242' title='bbox 855 2540 1164 2597; x_wconf 86' lang='grc' dir='ltr'><em>προαίσθοιτο</em></span> <span class='ocrx_word' id='word_1_243' title='bbox 1198 2541 1360 2597; x_wconf 82' lang='lat' dir='ltr'>scripsi</span> <span class='ocrx_word' id='word_1_244' title='bbox 1393 2542 1658 2585; x_wconf 76' lang='lat' dir='ltr'>auctoribus</span> <span class='ocrx_word' id='word_1_245' title='bbox 1689 2542 1758 2584; x_wconf 83' lang='lat' dir='ltr'><em>Re</em></span> <span class='ocrx_word' id='word_1_246' title='bbox 1789 2541 1927 2584; x_wconf 82' lang='lat' dir='ltr'>Anim</span> 
     </span>
     <span class='ocr_line' id='line_1_30' title="bbox 254 2600 1927 2657; baseline -0.002 -12"><span class='ocrx_word' id='word_1_247' title='bbox 254 2604 300 2645; x_wconf 75' lang='lat' dir='ltr'><em>et</em></span> <span class='ocrx_word' id='word_1_248' title='bbox 323 2601 515 2655; x_wconf 71' lang='lat' dir='ltr'>Sinteni‚</span> <span class='ocrx_word' id='word_1_249' title='bbox 549 2602 629 2656; x_wconf 91' lang='lat' dir='ltr'>qui</span> <span class='ocrx_word' id='word_1_250' title='bbox 654 2602 796 2645; x_wconf 78' lang='lat' dir='ltr'>etiam</span> <span class='ocrx_word' id='word_1_251' title='bbox 819 2601 876 2644; x_wconf 85' lang='lat' dir='ltr'><em>de</em></span> <span class='ocrx_word' id='word_1_252' title='bbox 900 2603 1176 2657; x_wconf 77' lang='grc' dir='ltr'><em>προδηλοῖτο</em></span> <span class='ocrx_word' id='word_1_253' title='bbox 1203 2600 1439 2657; x_wconf 71' lang='lat' dir='ltr'>cogitavit,</span> <span class='ocrx_word' id='word_1_254' title='bbox 1473 2601 1554 2643; x_wconf 81' lang='lat' dir='ltr'><em>sed</em></span> <span class='ocrx_word' id='word_1_255' title='bbox 1577 2601 1772 2644; x_wconf 72' lang='lat' dir='ltr'>fortasse</span> <span class='ocrx_word' id='word_1_256' title='bbox 1796 2612 1927 2655; x_wconf 85' lang='lat' dir='ltr'>prae-</span> 
     </span>
     <span class='ocr_line' id='line_1_31' title="bbox 254 2658 1929 2715; baseline -0.001 -13"><span class='ocrx_word' id='word_1_257' title='bbox 254 2661 494 2703; x_wconf 82' lang='lat' dir='ltr'>ferendum</span> <span class='ocrx_word' id='word_1_258' title='bbox 517 2658 854 2715; x_wconf 82' lang='grc' dir='ltr'><em>προαίσθοιντό</em></span> <span class='ocrx_word' id='word_1_259' title='bbox 878 2676 921 2703; x_wconf 89' lang='grc' dir='ltr'><em>τι</em></span> <span class='ocrx_word' id='word_1_260' title='bbox 982 2659 1234 2715; x_wconf 84' lang='grc' dir='ltr'><em>πρόσθειτο</em></span> <span class='ocrx_word' id='word_1_261' title='bbox 1262 2661 1304 2703; x_wconf 89' lang='lat' dir='ltr'><strong><em>V</em></strong></span> <span class='ocrx_word' id='word_1_262' title='bbox 1329 2660 1375 2702; x_wconf 74' lang='grc'><em>81,</em></span> <span class='ocrx_word' id='word_1_263' title='bbox 1399 2673 1423 2702; x_wconf 93' lang='grc'>8</span> <span class='ocrx_word' id='word_1_264' title='bbox 1454 2659 1708 2714; x_wconf 85' lang='grc' dir='ltr'><em>πρόσθοιτο</em></span> <span class='ocrx_word' id='word_1_265' title='bbox 1734 2672 1833 2701; x_wconf 85' lang='lat' dir='ltr'>corr</span> <span class='ocrx_word' id='word_1_266' title='bbox 1857 2658 1929 2701; x_wconf 57' lang='grc' dir='ltr'><em>ΡΞ</em></span> 
     </span>
    </p>

    <p class='ocr_par' dir='ltr' id='par_1_9' title="bbox 313 2715 1926 2774">
     <span class='ocr_line' id='line_1_32' title="bbox 313 2715 1926 2774; baseline -0.001 -13"><span class='ocrx_word' id='word_1_267' title='bbox 313 2717 569 2773; x_wconf 85' lang='grc' dir='ltr'><em>πρόσθοιτο</em></span> <span class='ocrx_word' id='word_1_268' title='bbox 601 2719 769 2774; x_wconf 81' lang='lat' dir='ltr'>reliqui</span> <span class='ocrx_word' id='word_1_269' title='bbox 792 2719 901 2761; x_wconf 87' lang='lat' dir='ltr'>libri</span> <span class='ocrx_word' id='word_1_270' title='bbox 925 2719 1017 2762; x_wconf 84' lang='lat' dir='ltr'><em>edd</em></span> <span class='ocrx_word' id='word_1_271' title='bbox 1078 2732 1216 2773; x_wconf 70' lang='lat' dir='ltr'><em>„num</em></span> <span class='ocrx_word' id='word_1_272' title='bbox 1247 2715 1556 2773; x_wconf 85' lang='grc' dir='ltr'><em>προφαίνοιτό</em></span> <span class='ocrx_word' id='word_1_273' title='bbox 1589 2722 1659 2761; x_wconf 89' lang='grc' dir='ltr'><em>τι“</em></span> <span class='ocrx_word' id='word_1_274' title='bbox 1691 2718 1758 2760; x_wconf 81' lang='lat' dir='ltr'><em>Re</em></span> <span class='ocrx_word' id='word_1_275' title='bbox 1782 2717 1831 2759; x_wconf 87' lang='lat' dir='ltr'>in</span> <span class='ocrx_word' id='word_1_276' title='bbox 1856 2718 1926 2760; x_wconf 84' lang='lat' dir='ltr'><em>ed.</em></span> 
     </span>
    </p>

    <p class='ocr_par' dir='ltr' id='par_1_10' title="bbox 259 2775 1930 2891">
     <span class='ocr_line' id='line_1_33' title="bbox 315 2775 1930 2831; baseline -0.001 -11"><span class='ocrx_word' id='word_1_277' title='bbox 315 2794 383 2827; x_wconf 91' lang='grc' dir='ltr'><em>τις</em></span> <span class='ocrx_word' id='word_1_278' title='bbox 415 2779 476 2821; x_wconf 89' lang='grc' dir='ltr'><strong>Μ</strong></span> <span class='ocrx_word' id='word_1_279' title='bbox 504 2777 585 2820; x_wconf 82' lang='lat' dir='ltr'><em>sed</em></span> <span class='ocrx_word' id='word_1_280' title='bbox 617 2795 638 2827; x_wconf 87' lang='grc' dir='ltr'><em>ς</em></span> <span class='ocrx_word' id='word_1_281' title='bbox 670 2791 769 2821; x_wconf 82' lang='lat' dir='ltr'>eras</span> <span class='ocrx_word' id='word_1_282' title='bbox 831 2794 873 2820; x_wconf 89' lang='grc' dir='ltr'><em>τι</em></span> <span class='ocrx_word' id='word_1_283' title='bbox 904 2777 1006 2820; x_wconf 86' lang='lat' dir='ltr'><em>Mor</em></span> <span class='ocrx_word' id='word_1_284' title='bbox 1150 2782 1201 2820; x_wconf 89' lang='grc'><em>16</em></span> <span class='ocrx_word' id='word_1_285' title='bbox 1235 2775 1359 2826; x_wconf 84' lang='grc' dir='ltr'><em>ὅπως</em></span> <span class='ocrx_word' id='word_1_286' title='bbox 1389 2791 1462 2819; x_wconf 86' lang='grc'>0111</span> <span class='ocrx_word' id='word_1_287' title='bbox 1496 2779 1539 2821; x_wconf 94' lang='lat' dir='ltr'><strong><em>V</em></strong></span> <span class='ocrx_word' id='word_1_288' title='bbox 1669 2781 1721 2820; x_wconf 84' lang='lat'><em>17</em></span> <span class='ocrx_word' id='word_1_289' title='bbox 1753 2777 1930 2831; x_wconf 84' lang='grc' dir='ltr'><em>ἀπολῆς</em></span> 
     </span>
     <span class='ocr_line' id='line_1_34' title="bbox 259 2835 1928 2891; baseline -0.003 -10"><span class='ocrx_word' id='word_1_290' title='bbox 259 2837 384 2881; x_wconf 80' lang='lat' dir='ltr'><em>CAP</em></span> <span class='ocrx_word' id='word_1_291' title='bbox 424 2836 533 2878; x_wconf 86' lang='lat' dir='ltr'><strong>Fen·</strong></span> <span class='ocrx_word' id='word_1_292' title='bbox 571 2836 659 2889; x_wconf 77' lang='lat' dir='ltr'><em>Re,</em></span> <span class='ocrx_word' id='word_1_293' title='bbox 707 2837 831 2891; x_wconf 87' lang='lat' dir='ltr'>quod</span> <span class='ocrx_word' id='word_1_294' title='bbox 870 2837 1163 2879; x_wconf 69' lang='lat' dir='ltr'>correxerunlz</span> <span class='ocrx_word' id='word_1_295' title='bbox 1200 2835 1300 2878; x_wconf 86' lang='lat' dir='ltr'><em>Mor</em></span> <span class='ocrx_word' id='word_1_296' title='bbox 1376 2835 1519 2879; x_wconf 74' lang='lat' dir='ltr'>Cobet</span> <span class='ocrx_word' id='word_1_297' title='bbox 1557 2836 1723 2878; x_wconf 84' lang='lat' dir='ltr'>Mnem.</span> <span class='ocrx_word' id='word_1_298' title='bbox 1755 2835 1796 2876; x_wconf 82' lang='lat' dir='ltr'><strong>X</strong></span> <span class='ocrx_word' id='word_1_299' title='bbox 1831 2839 1928 2886; x_wconf 83' lang='lat'>194,</span> 
     </span>
    </p>
   </div>
   <div class='ocr_carea' id='block_1_9' title="bbox 256 2892 1930 3010">
    <p class='ocr_par' dir='ltr' id='par_1_11' title="bbox 256 2892 1930 3010">
     <span class='ocr_line' id='line_1_35' title="bbox 258 2892 1930 2951; baseline -0.001 -13"><span class='ocrx_word' id='word_1_300' title='bbox 258 2895 412 2938; x_wconf 83' lang='lat' dir='ltr'>Gasda</span> <span class='ocrx_word' id='word_1_301' title='bbox 535 2898 587 2938; x_wconf 90' lang='grc'><em>18</em></span> <span class='ocrx_word' id='word_1_302' title='bbox 617 2895 811 2949; x_wconf 79' lang='grc' dir='ltr'><em>ἐξαιρεῖς</em></span> <span class='ocrx_word' id='word_1_303' title='bbox 835 2895 998 2951; x_wconf 81' lang='lat' dir='ltr'>scripsi</span> <span class='ocrx_word' id='word_1_304' title='bbox 1024 2909 1126 2938; x_wconf 88' lang='lat' dir='ltr'><em>cum</em></span> <span class='ocrx_word' id='word_1_305' title='bbox 1151 2895 1321 2938; x_wconf 71' lang='lat' dir='ltr'>Cobeto</span> <span class='ocrx_word' id='word_1_306' title='bbox 1346 2894 1422 2937; x_wconf 91' lang='grc'>1.1.</span> <span class='ocrx_word' id='word_1_307' title='bbox 1449 2896 1496 2938; x_wconf 75' lang='lat' dir='ltr'><em>et</em></span> <span class='ocrx_word' id='word_1_308' title='bbox 1520 2895 1675 2938; x_wconf 78' lang='lat' dir='ltr'>Gasda</span> <span class='ocrx_word' id='word_1_309' title='bbox 1737 2892 1930 2947; x_wconf 79' lang='grc' dir='ltr'><em>ἐξαίρεις</em></span> 
     </span>
     <span class='ocr_line' id='line_1_36' title="bbox 256 2950 710 3010; baseline 0 -14"><span class='ocrx_word' id='word_1_310' title='bbox 256 2953 364 2997; x_wconf 84' lang='lat' dir='ltr'>libri</span> <span class='ocrx_word' id='word_1_311' title='bbox 389 2953 478 2997; x_wconf 86' lang='lat' dir='ltr'><em>edd</em></span> <span class='ocrx_word' id='word_1_312' title='bbox 521 2956 526 3010; x_wconf 75' lang='grc' dir='ltr'>Ι</span> <span class='ocrx_word' id='word_1_313' title='bbox 569 2950 615 2996; x_wconf 79' lang='grc' dir='ltr'><em>δ’</em></span> <span class='ocrx_word' id='word_1_314' title='bbox 643 2953 710 2996; x_wconf 81' lang='lat' dir='ltr'><em>Re</em></span> 
     </span>
    </p>
   </div>
  </div>
 </body>
</html>
