2072 3162
680 123 911 167 LIBANH
943 122 1167 168 ORATIO
1200 122 1306 167 XIV
1736 122 1841 174 109

141 277 253 312 πον
287 259 437 312 οὕτω
468 276 582 321 πως
614 259 871 327 διῆλθον,
912 259 997 312 ὅτι
1037 254 1229 322 οὗτος
1265 257 1492 326 μέντοι
1530 260 1843 326 πλείστην

146 356 266 417 γῆν
298 347 596 401 ἐπελθὼν
627 348 732 400 καὶ
764 351 1037 410 πολλοῖς
1069 348 1406 417 ὡμιληκὼς
1436 345 1664 400 ἔθνεσι
1697 346 1844 409 νέος

146 437 265 505 ὥν,
327 436 430 489 ὅτε
482 436 759 503 μάλιστα
817 444 1024 505 ψυχῆς
1084 443 1533 506 τυραννοῦσιν
1587 437 1842 506 ἔρωτες,

146 526 512 593 ὑπερόπται
581 527 820 593 νόμων,
899 525 1015 578 οὐκ
1092 524 1532 593 ἐπεβούλευσε
1609 524 1844 592 γάμοις

147 611 302 668 οὐδὲ
342 613 642 682 διέστησε
680 616 832 676 τοὺς
870 614 992 666 ὑπὸ
1032 622 1141 682 τῆς
1167 611 1365 682 “Ήρας
1412 611 1844 681 ἐζευγμένους
1891 633 1910 665 5

147 699 302 756 οὐδὲ
356 701 753 772 συνετάραξε
806 703 967 765 Διὸς
1021 703 1344 770 γαμηλίου
1397 702 1649 768 θεσμὸν
1703 699 1837 753 οὐδ’

148 791 211 855 ἐξ
274 787 360 844 ὧν
414 792 654 853 ἄλλους
707 791 921 859 ἠδίκει
974 791 1084 853 τὰς
1145 791 1386 859 ἡδονὰς
1446 789 1843 859 ἐπλήρωσεν,

146 879 279 933 ἀλλ’
311 879 379 933 ἐν
416 887 556 941 ταῖς
588 879 974 948 ἀφειμέναις
1005 881 1098 942 εἰς
1127 877 1507 949 Ἀφροδίτης
1539 877 1845 942 ἐξουσίαν

145 970 256 1031 τὰς
317 977 427 1038 τῆς
481 969 740 1037 φύσεως
791 968 1137 1038 ἐκούφιζεν
1192 967 1500 1036 ἀνάγκας,
1563 966 1682 1020 εἰπέ
1732 987 1843 1036 μοι,

144 1059 366 1120 τούτοις
405 1058 453 1110 εἰ
491 1058 590 1110 τὸν
637 1059 942 1125 ἄνθρωπον
990 1056 1320 1126 ἐσέμνυνον,
1368 1052 1453 1126 ἀρ’
1493 1054 1563 1108 ἂν
1609 1054 1845 1109 ἐδόκουν
1869 1077 1912 1109 10

146 1145 371 1214 ἀγνοεῖν
418 1146 701 1215 ἐγκωμίων
740 1146 907 1209 ὁδοὺς
946 1145 979 1214 ἢ
1018 1154 1194 1215 ψυχῆς
1246 1145 1448 1215 ἀρετὴν
1496 1146 1697 1207 ἱκανῶς
1736 1145 1845 1197 δει-

147 1236 364 1299 κνύειν;
421 1236 504 1290 62.
552 1236 642 1288 καὶ
683 1236 786 1305 γὰρ
829 1237 876 1288 εἰ
915 1232 1016 1302 μὲν
1056 1238 1392 1304 φιλοσοφεῖν
1431 1236 1672 1303 ἔφασκεν
1706 1231 1845 1303 Ἀρι-

146 1325 428 1393 στοφάνης
482 1323 572 1377 καὶ
622 1325 746 1394 περὶ
803 1334 914 1377 τῶν
969 1323 1028 1376 ἐν
1083 1324 1303 1396 οὐρανῷ
1353 1331 1580 1376 σκοπεῖν
1632 1321 1724 1375 καὶ
1778 1322 1844 1374 τὰ

146 1418 279 1466 θεῖα
308 1421 480 1466 ταῦτα
512 1414 579 1481 δὴ
616 1415 1021 1483 μετεχειρίζετο,
1061 1414 1417 1482 γεωμετρίαν,
1456 1411 1844 1481 ἀστρονομίαν,

149 1503 439 1571 μουσικήν,
496 1501 795 1572 ἀριθμούς,
849 1502 947 1554 τὸν
995 1501 1292 1568 Πλάτωνα,
1338 1501 1437 1553 τὸν
1477 1501 1843 1569 Πυθαγόραν,
1868 1519 1911 1552 15

149 1588 240 1642 καὶ
279 1591 800 1643 καταδεδουλῶσθαι
849 1591 943 1652 τὰς
981 1589 1186 1658 ἡδονὰς
1224 1587 1376 1658 ἔλεγε
1422 1589 1511 1641 καὶ
1551 1590 1695 1640 πολὺ
1733 1596 1845 1640 τῶν

151 1679 335 1730 ἄλλων
373 1679 556 1746 ἡγεῖτο
598 1677 904 1746 διαφέρειν,
950 1679 1172 1741 εἰκότως
1211 1677 1280 1731 ἂν
1320 1678 1606 1747 ἐπετιμᾶτο
1645 1679 1845 1747 χείρων

150 1774 253 1819 τοῦ
285 1769 661 1835 προσήκοντος
694 1767 1072 1833 δεικνύμενος·
1112 1768 1160 1819 εἰ
1193 1764 1254 1819 δὲ
1287 1760 1364 1829 εἷς
1397 1765 1510 1820 ἐστι
1542 1775 1653 1818 τῶν
1685 1765 1844 1835 ῥητο-

153 1864 324 1924 ρικῶν
371 1855 403 1923 ἢ
452 1856 500 1907 εἰ
554 1855 744 1923 βούλει
799 1875 884 1923 γε,
941 1865 1306 1924 στρατιωτῶν,
1361 1857 1417 1908 τί
1460 1856 1529 1907 ἄν
1578 1875 1661 1917 τις
1709 1852 1837 1920 παρ’

154 1943 300 2014 αὐτῷ
338 1944 517 2010 ζητοίη
558 1943 623 1995 τὰ
657 1951 757 1995 τοῦ
792 1944 1142 2012 ἱεροφάντου,
1183 1943 1314 1996 δέον
1345 1942 1608 2011 ἐπαινεῖν,
1648 1944 1695 1996 εἰ
1726 1951 1845 2006 ταῖς
1869 1964 1912 1995 20

152 2029 407 2098 ἐννόμοις
445 2030 692 2100 ἠρκέσθη
732 2031 967 2100 μίξεσιν;
1008 2033 1092 2084 63.
1134 2031 1239 2100 ἐγὼ
1279 2029 1382 2101 μὲν
1419 2033 1524 2101 γὰρ
1565 2030 1685 2084 οὐδ’
1726 2031 1844 2101 ἱερὰ

151 2129 262 2172 τῶν
300 2118 568 2189 κειμένων
606 2119 993 2189 ἀνοικοδομεῖν
1030 2121 1137 2173 ὑπὸ
1177 2130 1293 2183 ταῖς
1332 2122 1496 2173 τοῦδε
1531 2123 1537 2185 Ι
1572 2140 1745 2190 φρον-
1784 2132 1929 2175 R447

151 2210 264 2261 τίσι
303 2211 476 2277 φαίην
515 2208 584 2262 ἂν
622 2209 940 2277 πλημμελές.
1017 2209 1126 2279 ὁρῶ
1179 2211 1281 2278 γὰρ
1333 2210 1436 2262 οὐκ
1482 2208 1686 2277 ὀλίγων
1731 2219 1843 2262 τῶν

153 2305 261 2350 νῦν
300 2295 380 2349 ἐπ’
419 2296 645 2350 ἐκείνων
682 2297 1027 2365 τεταγμένων
1064 2299 1228 2351 τόνδε
1268 2297 1722 2368 σωφρονέστερον
1751 2298 1843 2350 καὶ

274 2550 299 2588 6
333 2546 441 2590 οὐδὲ
473 2559 582 2589 voce
612 2545 781 2603 incipit
808 2547 849 2590 T
996 2551 1020 2590 6
1069 2546 1123 2590 οὐ
1165 2545 1444 2601 συνετάραξε
1476 2573 1531 2579 -
1566 2551 1590 2590 9
1630 2546 1843 2604 ἀνάγκας

155 2605 272 2648 citat
301 2604 418 2648 Plan
453 2604 532 2648 fol.
560 2609 615 2648 38
683 2605 881 2663 θεσμὸν]
914 2606 1118 2662 θεσμοὺς
1151 2606 1194 2650 V
1259 2604 1401 2663 γονὰς
1430 2605 1547 2649 Plan
1670 2610 1724 2649 10
1758 2605 1841 2651 ἄν·

154 2679 370 2736 θρωπον]
405 2676 489 2722 ὀῦὶ)
521 2678 550 2721 i.
577 2692 614 2722 e.
649 2679 853 2734 οὐρανὸν
891 2680 932 2723 Τ
1089 2683 1142 2722 17
1176 2677 1363 2729 εἰκότως
1394 2679 1636 2736 ἐπετιμᾶτο
1670 2679 1840 2723 omisso

156 2734 214 2780 ἂν
247 2737 364 2780 citass
394 2737 511 2780 Plan
542 2737 627 2781 1.1.
783 2743 834 2781 19
869 2754 918 2794 γε
949 2745 1040 2781 τῶν
1072 2745 1361 2792 στρατιωτῶν
1389 2739 1432 2782 V
1500 2783 1502 2785 ,
1575 2743 1629 2782 21
1665 2739 1751 2795 ἐγὼ
1783 2764 1842 2771 -

157 2800 213 2838 23
246 2795 497 2853 πλημμελές
520 2796 638 2839 estat
660 2796 778 2839 Plan
802 2796 831 2839 l.
850 2796 879 2839 l.
1002 2802 1055 2839 21
1090 2796 1172 2852 μὲν
1198 2797 1302 2854 γὰρ]
1338 2794 1385 2841 δ’
1412 2797 1529 2840 Plan
1651 2803 1703 2840 21
1739 2796 1841 2852 ἱερὰ

158 2879 213 2886 —
239 2859 293 2897 22
327 2853 559 2929 φροντίσι]
593 2856 741 2900 ἐκεῖνο
765 2855 882 2898 Plan
1003 2860 1057 2898 23
1090 2855 1311 2912 πλημελές
1337 2857 1380 2900 V
1486 2860 1543 2898 24
1575 2854 1733 2916 ἐκείνῳ
1756 2856 1839 2910 Re,

156 2914 211 2956 ut
235 2926 304 2969 ep.
326 2918 380 2956 18
414 2911 490 2969 ἐφ’
521 2929 644 2974 ῳπερ
677 2913 887 2959 ἐτέτακτο
