2072 3162
656 123 887 167 LIBANH
917 107 1142 168 ORATIO
1174 122 1279 168 xlv
1711 123 1814 175 107

117 261 211 314 καὶ
250 269 362 314 τῶν
402 261 582 330 φίλων
618 259 671 312 οὶ
701 260 971 329 παρόντες
999 258 1295 328 ὑπομεῖναι
1326 262 1537 328 μᾶλλον
1566 260 1668 327 τὴν
1700 259 1818 312 ἄδι-

117 370 224 403 κον
272 351 464 418 ζημίαν
509 347 542 416 ἢ
589 348 690 416 τὴν
737 345 825 400 ἐπὶ
878 346 1049 400 πλέον
1101 350 1304 418 κρίσιν,
1357 347 1532 411 οὕτως
1582 346 1816 416 ἐποίησε.

120 439 211 491 καὶ
266 436 659 505 δανεισάμενος
712 442 788 508 τῷ
841 435 1168 509 ψευσαμένῳ
1221 433 1323 503 μὲν
1376 437 1478 505 τὴν
1531 436 1818 490 ἀναίδειαν

118 524 400 596 ἔγκαρπον
445 523 793 593 κατέστησεν,
848 526 1018 577 ἔδωκε
1063 525 1167 594 γὰρ
1215 526 1276 578 τὸ
1323 527 1571 596 χρυσίον,
1626 527 1819 579 αὐτίκα

118 615 186 668 δὲ
217 614 277 667 ἐν
306 617 528 667 πολλῶν
559 612 735 666 ἐδόκει
767 611 958 682 χερσὶν
989 615 1218 666 ἔσεσθαι
1247 621 1347 666 τοῦ
1380 615 1819 683 παραδείγματος
1865 635 1885 666 5

119 704 356 773 μυρίους
394 701 718 772 ἐγείροντος.
796 700 881 754 55.
934 702 1008 764 ὡς
1046 698 1108 755 δὲ
1157 700 1340 764 οὐδεὶς
1387 700 1642 770 ἐφαίνετο
1690 701 1820 771 μέμ-

119 800 222 856 ψιν
262 790 496 860 ἐπάγων,
535 791 875 860 παραδόντες
907 790 1079 843 αὐτὸν
1110 791 1468 861 στρατιώταις
1498 789 1588 843 καὶ
1620 793 1818 859 κήρυκι

117 881 481 943 κελεύσαντες
520 878 594 932 δι’
627 880 919 947 Αἰγύπτου
944 879 1128 950 Υπάσης
1158 879 1258 932 τὸν
1297 875 1398 948 μὲν
1430 879 1682 947 ἄγεσθαι,
1721 880 1819 932 τὸν

122 966 185 1022 δὲ
246 970 554 1038 κηρύττειν,
619 973 674 1021 εἴ
727 987 810 1031 τις
870 967 1249 1039 Ἀριστοφάνει
1308 977 1531 1037 προεῖτο
1593 970 1819 1036 μισθόν,

116 1059 276 1126 ἥκειν
316 1057 741 1126 ἀποληψόμενον
779 1058 1042 1126 ἔπεμψαν.
1119 1056 1148 1109 ὁ
1189 1053 1251 1110 δὲ
1289 1064 1353 1127 τῇ
1394 1058 1687 1126 περιουσίᾳ
1724 1063 1819 1125 τῆς
1843 1078 1885 1111 10

116 1145 385 1214 ἀληθείας
445 1147 708 1215 κρείττων
770 1144 985 1213 ἐγένετο
1048 1153 1142 1214 τῆς
1193 1146 1518 1213 Αἰγυπτίων
1579 1145 1816 1215 φύσεως·

115 1235 321 1297 πάντες
348 1235 449 1303 μὲν
480 1235 584 1304 γὰρ
618 1228 771 1287 εἶδον
802 1233 1095 1303 ἀγόμενον,
1127 1234 1328 1296 πάντες
1359 1232 1419 1286 δὲ
1450 1241 1550 1286 τοῦ
1581 1236 1821 1303 κήρυκος

121 1325 386 1392 ἤκουσαν,
435 1321 634 1393 παρῄει
685 1319 746 1375 δὲ
801 1322 999 1386 οὐδείς.
1084 1322 1171 1376 56.
1233 1325 1411 1375 καίτοι
1462 1325 1545 1385 τίς
1594 1323 1697 1375 οὐκ
1750 1321 1820 1376 ἂν

115 1420 232 1464 τῶν
285 1412 450 1480 ἡνίκα
502 1412 875 1480 ἠναγκάζοντο
932 1413 1132 1465 δοῦναι
1192 1410 1586 1480 λελυπημένων
1645 1410 1819 1479 ἡδέως

116 1499 192 1553 ἂν
229 1502 397 1554 πάλιν
434 1503 631 1570 ἤνεγκε
688 1499 694 1571 Ι
750 1501 811 1554 τὸ
862 1502 1096 1570 χρυσίον
1146 1501 1362 1567 οἴκαδε,
1412 1498 1505 1552 καὶ
1550 1507 1721 1552 ταῦτα
1758 1512 1907 1556 R445

121 1590 452 1657 Αἱγύπτιος;
515 1588 614 1651 οὓς
667 1589 770 1642 οὐκ
832 1589 1136 1652 ὀκνοῦντας
1198 1588 1414 1659 ὁρῶμεν
1474 1583 1555 1641 ὧν
1615 1589 1818 1641 ἔδοσαν
1842 1610 1884 1642 16

119 1683 468 1746 μνησθῆναι,
530 1677 668 1730 ἀλλὰ
720 1676 845 1746 μάλ’
892 1677 1129 1747 εὐχερῶς
1182 1677 1605 1746 εἰσπράττοντας
1659 1676 1692 1729 ἃ
1745 1678 1818 1746 μὴ

124 1764 358 1818 δέδοται.
412 1764 551 1835 ἀλλ’,
581 1762 750 1835 οἶμαι,
775 1767 836 1820 τὸ
869 1767 1007 1835 μηδὲ
1032 1766 1195 1819 σκιὰν
1224 1765 1448 1819 ὑπεῖναι
1480 1766 1820 1836 δωροδοκίας

118 1853 249 1922 μηδ’
289 1854 427 1907 ὅθεν
477 1853 547 1906 ἂν
594 1855 742 1907 αἰτία
787 1854 1004 1923 γένοιτο
1051 1857 1290 1924 πιθανή,
1337 1865 1501 1923 σιγᾶν
1546 1855 1820 1923 ἠνάγκασε

122 1943 215 1995 καὶ
262 1943 618 2011 συκοφάντου
666 1945 886 2012 τόλμαν.
963 1943 1049 1996 57.
1103 1941 1284 2014 πότερ’
1324 1938 1430 1996 οὗν
1473 1942 1820 2012 τάμφίβολον
1843 1964 1887 1996 20

118 2029 302 2084 ἐκεῖνο
328 2036 513 2100 λῆμμα
542 2032 603 2084 τὸ
636 2032 835 2102 μικρὸν
867 2041 1096 2101 σημεῖον
1128 2033 1212 2085 δεῖ
1244 2037 1530 2085 ποιεῖσθαι
1554 2034 1820 2099 μειζόνων

122 2118 158 2172 ἃ
215 2120 406 2188 μηδεὶς
459 2119 800 2189 ἐγκέκληκεν,
854 2121 887 2190 ἢ
934 2121 1035 2189 τὴν
1082 2120 1143 2174 ἐν
1187 2129 1302 2184 τοῖς
1350 2121 1663 2191 κηρύγμασι
1707 2129 1820 2173 τῶν

118 2209 408 2261 εἰωθότων
455 2217 828 2278 συκοφαντεῖν
875 2210 1089 2278 σιωπὴν
1133 2216 1232 2262 τοῦ
1280 2210 1352 2278 μὴ
1401 2210 1625 2271 δικαίως
1670 2208 1819 2277 ἐγκε-

246 2358 298 2396 11
332 2353 523 2397 Theoor.
549 2353 633 2398 XV
651 2359 707 2398 48
722 2369 787 2410 sq.
822 2369 927 2398 cum
952 2354 1094 2399 schol.
1159 2354 1327 2398 Suidas
1353 2369 1386 2398 s.
1405 2369 1445 2398 v.
1470 2353 1816 2412 Αἰγυπτιάζειν.

244 2491 268 2529 2
311 2489 419 2530 ante
452 2486 597 2537 οὕτως
625 2501 702 2531 ras
735 2492 760 2531 5
792 2486 873 2531 litt
903 2489 936 2531 Ι
1067 2492 1092 2531 6
1137 2485 1399 2544 ἐγείραντος
1440 2488 1512 2532 UI
1537 2487 1619 2530 sed
1649 2487 1699 2529 in
1729 2486 1818 2530 hoc

122 2562 155 2588 α
188 2544 239 2588 in
272 2562 296 2589 ο
328 2560 444 2600 corr,
476 2547 587 2590 ΒΜ
747 2551 772 2589 9
820 2544 1011 2602 πρόοιτο
1042 2546 1114 2590 Re
1278 2551 1332 2590 10
1380 2545 1426 2598 ἐξ
1459 2547 1569 2589 ante
1601 2545 1817 2602 ἔπεμψαν

124 2633 175 2676 in
205 2647 339 2691 marg
371 2634 439 2679 13²
488 2636 494 2691 Ι
542 2631 788 2689 περιουσία
820 2647 845 2677 e
882 2632 1118 2690 παρουσία
1151 2648 1252 2678 corr
1274 2634 1333 2677 1²
1359 2605 1668 2690 γρπτῶἳιδῖσία
1700 2634 1763 2677 Μ

128 2697 184 2735 14
216 2692 532 2750 ἠναγκάζοντο
564 2694 632 2737 Re
723 2692 1005 2750 ἠναγκάζετο
1038 2693 1147 2737 libri
1178 2693 1290 2737 Fen·
1313 2693 1415 2736 Mor
1537 2697 1590 2736 15
1623 2679 1817 2750 ἤνεγκεν

127 2750 288 2796 οἴκαδε
311 2752 363 2795 τὸ
388 2750 579 2810 χρυσίον
607 2753 789 2797 VBMI
813 2752 896 2796 sed.
926 2752 976 2795 in
999 2753 1088 2796 hoc
1116 2754 1145 2810 β
1177 2766 1317 2809 supra
1341 2751 1505 2797 οἴκαδε
1535 2753 1582 2796 et
1613 2769 1642 2794 α
1677 2765 1818 2808 supra

125 2809 177 2853 τὸ
211 2823 343 2853 erasa
466 2815 518 2854 17
552 2814 824 2869 μνησθῆναι
856 2825 996 2867 supra
1028 2814 1294 2868 μεμνῆσθαι
1334 2812 1398 2855 V‘
1454 2811 1461 2869 Ι
1518 2810 1598 2868 μὴ]
1632 2812 1818 2865 „malim

128 2868 271 2969 μηδὲὲ
309 2869 419 2970 ReM
510 2874 565 2914 20
608 2868 806 2926 πότερον
837 2871 1022 2915 PUIM
1049 2870 1117 2914 Re
1250 2874 1305 2913 22
1338 2869 1369 2913 ἃ
1402 2896 1456 2902 -
1488 2874 1545 2913 23
1578 2867 1817 2914 εἰωθότων

128 2939 204 2969 om
275 2940 348 2971 err
421 2942 472 2972 οι·
