2054 3140
198 131 264 183 12
747 130 973 174 LIBANII
1005 129 1229 174 ORATIO
1263 130 1347 174 XII

194 266 456 335 ἀνάγκην,
497 266 670 334 αὑτὴν
710 265 770 319 ἐν
815 265 960 341 μέσῳ
1008 265 1337 334 κατέστησεν
1383 265 1639 335 ἐφορῶσά
1684 284 1742 318 τε
1787 267 1884 328 τὰς

196 354 466 422 ἑκατέρων
511 356 730 423 γνώμας
768 353 859 407 καὶ
905 354 1384 424 παρεσκευασμένη
1431 363 1547 418 τοῖς
1592 353 1880 423 ἀδικουμέ-

195 464 315 507 νοις
347 442 408 497 ἐν
439 453 556 506 ταῖς
587 451 846 512 ταραχαῖς
878 442 1124 512 ἀμύνειν.
1198 443 1244 495 9.
1288 439 1414 512 εὗρε
1447 445 1514 512 δὴ
1547 446 1677 506 τοὺς
1708 442 1880 506 ἐξιόν-

194 553 289 595 τας
335 534 678 601 φιλοπόνους
723 551 782 585 τε
827 533 916 584 καὶ
964 534 1292 601 φιλοτίμους
1344 533 1434 585 καὶ
1490 534 1740 595 δικαίους
1789 532 1880 584 καὶ

150 640 169 672 5
197 621 647 689 φιλοκινδύνους,
685 628 857 673 ταῦτα
888 622 956 690 δὴ
987 622 1054 673 τὰ
1085 621 1169 689 σά,
1209 621 1275 672 τὰ
1313 618 1416 689 μὲν
1454 622 1673 689 φύσεως
1708 620 1880 683 δεξιό-

194 728 337 777 τητι,
388 710 454 761 τὰ
494 709 555 762 δὲ
595 709 856 762 εὐθυνῶν
904 711 1075 781 φόβῳ.
1151 704 1230 762 ὧν
1270 710 1336 763 ὃν
1381 707 1524 779 ἔφην
1571 711 1882 777 προϊόντων

194 800 399 867 τρόπον
438 801 648 866 γίνεται
694 800 945 866 βασιλεία
983 799 1150 851 πάλιν
1187 799 1277 851 καὶ
1315 800 1382 851 τὰ
1430 798 1595 867 αὑτῆς
1642 797 1881 867 ἀπολαμ-

193 886 367 954 βάνει,
406 887 467 939 τὸ
509 883 570 939 δὲ
603 886 765 955 ὅπως,
807 887 874 939 οὐ
913 894 1013 939 τοῦ
1052 888 1325 955 παρόντος
1355 894 1552 957 καιροῦ
1585 885 1780 955 λέγειν.
1844 887 1879 956 ἢ

193 976 323 1037 τοὺς
375 974 620 1038 ὑπάτους
673 976 1034 1045 παραλύσασα
1095 982 1194 1027 τοῦ
1250 983 1576 1045 στρατηγεῖν
1630 974 1718 1027 ἐπὶ
1770 983 1882 1027 τῶν

129 1084 171 1116 10
196 1068 406 1116 λοιπῶν
445 1062 670 1132 ἐτήρησε
708 1065 980 1132 ποιήσασα
1030 1064 1091 1115 τὸ
1131 1061 1294 1134 γέρας
1333 1064 1555 1116 ἄοπλον.
1636 1063 1719 1115 10.
1767 1057 1877 1116 εἷθ’

107 1164 146 1206 R.
170 1168 253 1208 369
287 1151 448 1205 ὁπότε
487 1149 588 1220 μὲν
626 1154 959 1220 βουληθεῖεν
996 1161 1107 1204 τῶν
1152 1150 1158 1223 Ι
1207 1154 1528 1205 σπουδαίων
1566 1155 1886 1222 λαμπρῦναί

196 1261 366 1309 τινας,
405 1239 667 1294 ἐδίδοσαν
705 1242 807 1309 τὴν
844 1243 1025 1310 τιμήν,
1070 1240 1231 1294 ὁπότε
1271 1241 1332 1294 δὲ
1370 1241 1508 1310 αὐτῇ
1546 1244 1881 1311 χαρίσασθαι

195 1337 259 1399 τῇ
298 1337 450 1399 τιμῇ,
498 1331 695 1397 σφίσιν
735 1329 921 1392 αὐτοῖς
959 1332 1345 1400 περιετίθεσαν
1395 1329 1568 1398 αὐτὴν
1613 1335 1688 1402 τῷ
1727 1332 1881 1398 βασι-

195 1421 279 1470 λεῖ
324 1418 422 1470 τὸν
467 1417 680 1470 ὕπατον
733 1417 1185 1488 παραζεύξαντες,
1240 1417 1386 1480 ὅπως
1437 1417 1545 1485 ἅμα
1593 1415 1693 1485 μὲν
1739 1418 1772 1486 ἡ
1818 1419 1879 1471 τὸ

130 1525 171 1559 15
197 1514 372 1574 σχῆμα
411 1505 651 1575 εὑροῦσα
689 1513 890 1579 τιμῷτο
928 1508 1085 1569 πόλις
1132 1505 1245 1559 οὔτ’
1285 1505 1631 1577 ἀνῃρημένου
1679 1507 1881 1559 παντά-

195 1609 327 1647 πασι
375 1602 475 1647 τοῦ
515 1597 690 1662 νόμου
735 1603 835 1648 τοῦ
874 1614 933 1647 τε
979 1595 1202 1648 πάντων
1239 1602 1574 1665 κρατοῦντος
1615 1599 1882 1664 μεταλαμ-

194 1683 463 1750 βάνοντος
502 1684 575 1746 ὡς
612 1687 802 1751 καλοῦ,
842 1685 951 1751 ἅμα
992 1684 1052 1736 δὲ
1092 1683 1278 1746 αὐτοῖς
1318 1683 1595 1746 ἀθάνατος
1640 1684 1673 1752 ἡ
1713 1698 1884 1753 προσ-

194 1774 392 1841 ηγοριά
430 1770 587 1839 μένοι
626 1770 717 1824 καὶ
756 1781 867 1825 τῶν
898 1770 983 1825 ἀεὶ
1014 1771 1324 1841 γινομένων
1355 1771 1633 1825 ἀπιόντων
1665 1770 1882 1840 ἕστήκοι

195 1863 403 1927 παγίως
433 1862 570 1913 κατὰ
600 1861 806 1923 παντὸς
836 1868 936 1913 τοῦ
970 1863 1192 1931 χρόνου.
1248 1861 1319 1924 ὡς
1343 1862 1471 1914 οὔτε
1495 1862 1723 1929 λιθίνην
1756 1862 1882 1914 οὔτε

129 1970 171 2002 20
195 1951 403 2017 χαλκῆν
434 1949 561 2001 οὔτε
594 1948 995 2018 ὀρειχαλκίνην,
1028 1948 1144 2002 ἀλλ’
1177 1949 1308 2002 οὐδὲ
1340 1948 1391 2012 ἐξ
1418 1949 1726 2018 ἀδάμαντος
1757 1950 1881 2016 στή-

195 2040 299 2104 λην
324 2036 573 2106 εὑρήσεις
597 2036 977 2106 μονιμωτέραν
1000 2045 1095 2105 τῆς
1119 2039 1330 2106 μνήμης
1352 2038 1423 2106 ἣν
1446 2036 1599 2091 τουτὶ
1623 2038 1684 2090 τὸ
1713 2038 1883 2090 καλὸν

315 2201 370 2240 20
403 2197 524 2241 Plat.
553 2195 678 2241 criti.
710 2212 753 2254 p.
783 2202 907 2241 1190

315 2349 340 2387 2
372 2346 481 2401 post
503 2362 531 2401 η
563 2344 613 2388 in
643 2344 1051 2401 παρεσκευασμένη
1083 2359 1246 2389 rasura
1272 2350 1294 2388 1
1321 2345 1508 2389 littaei-ae
1532 2345 1577 2388 B
1606 2347 1611 2401 Ι
1639 2346 1883 2389 ἀδικοῦσιν

197 2404 242 2446 Β
371 2408 396 2446 3
429 2405 622 2462 ἀρχαῖς-Ῥ
657 2404 860 2447 Sintenis
889 2407 894 2460 Ι
922 2405 1130 2461 ἀμύνειν,
1164 2402 1266 2459 εὗρε
1290 2404 1357 2448 Re
1386 2406 1391 2461 1
1419 2405 1527 2454 τοὺς
1556 2404 1749 2455 τούτους
1780 2417 1880 2446 corr

194 2461 266 2505 Ρ2
387 2466 412 2504 5
444 2470 589 2506 ταῦτα
615 2462 672 2518 δὴ
704 2462 762 2506 τὰ
794 2462 852 2506 σὰ
885 2466 1102 2519 corrupta,
1124 2463 1271 2507 habet
1293 2464 1362 2507 Re
1422 2470 1568 2506 ταῦτα
1594 2463 1650 2518 δὴ
1679 2469 1879 2505 τοσαῦτα

195 2519 278 2575 μὲν
305 2520 486 2575 φύσεως
510 2523 598 2564 κτλ.
618 2521 719 2565 Mor
837 2526 862 2564 6
888 2519 951 2566 ὧν
976 2522 1150 2566 inserui
1176 2537 1281 2566 cum
1298 2522 1456 2566 Gasda
1480 2535 1504 2565 e
1521 2524 1567 2566 Ρ
1577 2521 1677 2565 ²VI
1696 2524 1701 2577 Ι
1731 2519 1877 2579 φόβῳ,

197 2577 220 2622 ὃ
255 2578 387 2634 ἔφην,
419 2578 679 2634 προϊόντων
710 2578 890 2637 χρόνων
923 2581 1027 2624 coni
1055 2582 1124 2625 Re
1147 2582 1286 2624 Anim
1441 2585 1464 2623 7
1509 2581 1652 2634 αὐτῆς
1680 2579 1885 2624 ΑΡΒΜ

256 2641 281 2679 8
317 2634 363 2681 δ’
398 2638 467 2681 Re
620 2643 673 2681 10
706 2645 849 2694 γῆρας
881 2640 942 2682 M
1029 2658 1055 2697 γ
1089 2657 1173 2695 ρας
1203 2641 1247 2684 U
1391 2644 1443 2682 12
1479 2639 1645 2684 ἔδοσαν
1679 2638 1723 2682 V
1747 2639 1794 2681 et
1824 2654 1879 2694 γρ

662 2696 729 2753 γρ’
749 2697 1030 2751 περιέθεσαν

197 2754 247 2797 in
276 2767 411 2811 marg
433 2755 468 2797 I
599 2760 652 2797 13
685 2754 1012 2810 περιετίθεσαν
1043 2758 1078 2799 Ι
1146 2754 1426 2811 περιέθεσαν
1460 2756 1504 2799 V
1634 2759 1686 2798 16
1718 2753 1881 2798 τούνό-

197 2829 340 2869 ματος
370 2813 474 2856 coni
506 2814 574 2856 Re
727 2818 780 2857 18
813 2813 1094 2871 γιγνομένων
1127 2816 1172 2858 Β
1205 2815 1286 2858 sed
1317 2832 1343 2871 γ
1376 2813 1574 2857 alterum
1606 2827 1802 2867 erasum,
1835 2815 1884 2857 ef,

195 2872 265 2916 Re
387 2877 440 2916 19
473 2872 534 2922 ὡς
565 2872 728 2928 scripsi
761 2886 786 2916 e
819 2873 903 2917 VB
976 2871 1081 2916 ὥστ’
1118 2873 1287 2928 reliqui
1319 2872 1428 2916 libri
1460 2873 1550 2916 edd
1686 2877 1741 2915 20
1775 2869 1876 2915 οὔτ’

200 2929 627 2989 ΟΠΒΘΙούὃ’Βο
749 2930 1279 2987 21νίῃῆνίῃτᾶεΙ2
1340 2929 1882 2987 ἣΠεΐῡθΧῆοοηΜῗ
