2060 3162
661 107 887 152 LIBANII
918 106 1142 151 ORATIO
1174 106 1323 152 xvm
1734 107 1839 160 337

273 247 394 301 232.
420 245 717 298 Ἐντεῦθεν
739 244 933 297 τοίνυν
950 241 1199 312 ἐχώρουν
1217 241 1304 296 ἐπὶ
1328 243 1426 296 τὸν
1448 243 1620 296 αὐτὸν
1644 237 1843 310 ἆθλον,

162 339 256 400 τὰς
287 337 575 405 διώρυχας,
613 336 826 401 μᾶλλον
866 328 926 384 δὲ
965 330 1048 384 ἐπ’
1072 332 1205 388 αὐτὸ
1244 340 1344 384 τοῦ
1384 333 1565 385 ἄθλου
1597 332 1658 384 τὸ
1692 336 1843 401 χαλε-

162 427 430 480 πώτατον·
468 423 694 483 πλείους
730 422 834 490 γὰρ
872 422 928 473 αἱ
959 421 1118 487 τομαὶ
1157 429 1250 489 τῆς
1281 429 1396 489 γῆς,
1435 420 1539 474 κᾶν
1569 427 1644 493 τῷ
1677 422 1842 489 βάθει

163 515 329 568 πάλιν
365 512 427 565 τὸ
458 510 644 564 πλέον.
722 504 788 562 οὗ
829 510 896 577 δὴ
937 510 1027 562 καὶ
1065 508 1376 577 σαφέστατα
1412 511 1592 579 σωτὴρ
1629 508 1843 577 ἐγένετο

163 611 256 671 τῆς
280 607 535 671 στρατιᾶς
558 599 748 667 πάσης.
803 597 925 650 233.
960 596 1357 667 ἐπαινουμένης
1388 599 1491 667 γὰρ
1524 596 1620 667 ὑφ’
1646 596 1847 668 ἑτέρων
1894 618 1912 650 5

165 690 349 760 ἑτέρας
408 688 545 742 ὁδοῦ
607 685 944 757 μακροτέρας
998 685 1115 755 μέν,
1175 695 1288 739 τῶν
1342 687 1403 739 δὲ
1454 687 1676 740 ὑδάτων
1730 685 1847 754 ἔξω,

162 777 308 832 τοῦτ’
339 778 473 831 αὐτὸ
510 785 604 846 τῆς
647 776 784 829 ὁδοῦ
831 775 1063 843 μάλιστα
1101 777 1280 844 φήσας
1318 774 1628 829 δεδοικέναι
1665 777 1726 828 τὸ
1767 777 1849 828 δι-

163 876 277 937 ψῆν
324 886 382 920 τε
430 866 572 935 ὁμοῦ
619 866 708 917 καὶ
759 866 966 927 παντὸς
1015 865 1200 927 εἴδους
1248 864 1469 917 ὑδάτων
1519 863 1848 935 ἐστερῆσθαι

162 957 254 1010 καὶ
299 958 590 1026 προσθείς,
642 955 715 1017 ὡς
754 953 816 1007 ἐν
861 954 1037 1025 τούτῳ
1088 953 1189 1022 μὲν
1253 954 1259 1022 Ι
1324 958 1406 1021 εἴη
1446 955 1641 1022 πόνος,
1693 952 1753 1006 ἐν
1790 965 1938 1008 Βὸοο

165 1045 356 1117 ἐκείνῳ
412 1042 474 1097 δὲ
527 1046 778 1113 ὄλεθρος,
840 1042 932 1096 καὶ
985 1044 1129 1096 πολὺ
1183 1041 1406 1110 βέλτιον
1465 1041 1593 1111 παρ’
1629 1042 1852 1094 ὑδάτων
1876 1063 1917 1095 10

167 1132 600 1204 ἐνοχλουμένους
655 1133 898 1202 βαδίζειν
943 1130 976 1200 ’ἢ
1027 1134 1320 1200 ζητοῦντας
1357 1132 1510 1201 ὕδωρ
1550 1131 1653 1185 οὐκ
1693 1132 1852 1200 ἔχειν,

166 1222 257 1276 καὶ
288 1221 555 1291 μνησθεὶς
587 1222 656 1291 δή
678 1241 830 1284 τινος
859 1226 1098 1274 παλαιοῦ
1116 1218 1391 1287 Ῥωμαίων
1421 1227 1728 1290 στρατηγοῦ
1762 1221 1855 1272 διὰ

168 1313 421 1379 τοιαύτης
453 1310 714 1378 ἀβουλίας
745 1310 917 1363 αὑτόν
955 1329 1012 1362 τε
1049 1308 1142 1362 καὶ
1182 1309 1280 1372 οὓς
1311 1306 1448 1378 ἦγεν
1486 1308 1855 1371 ἀπολέσαντος

168 1399 260 1453 καὶ
296 1398 474 1462 δείξας
506 1398 677 1461 εὐθὺς
708 1397 769 1452 ἐκ
794 1400 1021 1466 >βιβλίου
1053 1399 1154 1467 τὴν
1183 1399 1592 1466 πανωλεθρίαν,
1631 1404 1856 1450 τοιαῦτα

170 1488 345 1556 λέγων
367 1490 498 1550 τοὺς
522 1488 622 1556 μὲν
647 1488 714 1540 οὐ
738 1488 806 1540 τὰ
830 1485 1187 1556 συμφέροντα
1210 1487 1461 1549 εἰπόντας
1485 1487 1855 1555 αἰσχυνθῆναι
1880 1506 1922 1538 15

170 1578 561 1645 κατηνάγκασε,
592 1579 723 1639 τοὺς
753 1573 814 1628 δὲ
850 1577 1065 1628 ἔπεισεν
1096 1575 1326 1643 ὀκνῆσαι
1356 1573 1542 1643 μηδέν.
1612 1575 1733 1627 234.
1766 1573 1857 1628 καὶ

172 1666 366 1719 αὐτίκα
410 1667 636 1727 πλείους
681 1650 786 1731 μὲν·
827 1662 916 1717 ἐπὶ
963 1672 1062 1733 γῆς
1107 1665 1159 1716 οἱ
1215 1665 1489 1732 φοίνικες,
1545 1662 1742 1732 συχναὶ
1796 1664 1859 1716 δὲ

174 1755 276 1807 ἀπὸ
324 1756 535 1807 τούτων
581 1755 638 1806 αἱ
676 1752 939 1823 γέφυραι,
987 1753 1238 1823 ῥᾳστώνη
1290 1753 1350 1805 δὲ
1389 1752 1694 1821 ὑπερβῆναι
1743 1760 1858 1814 τοῖς

173 1844 436 1895 πλείοσιν.
491 1839 599 1911 εἶχε
632 1839 694 1895 δὲ
723 1843 935 1910 πολλὴν
966 1843 1285 1911 φιλοτιμίαν
1315 1840 1405 1894 καὶ
1436 1842 1497 1894 τὸ
1522 1841 1738 1910 φθάσαι
1762 1842 1860 1894 τὸν

175 1932 267 1983 διὰ
295 1939 390 1999 τῆς
419 1933 665 2001 γεφύρας
687 1929 986 2001 ἐρχόμενον
1016 1929 1259 2000 ἐμβάντα
1289 1931 1460 1983 αὐτὸν
1491 1931 1568 1992 εἰς
1599 1931 1661 1984 τὸ
1693 1930 1858 1999 ὕδωρ.
1883 1951 1926 1982 20

174 2020 262 2072 καὶ
310 2021 369 2072 τὸ
416 2020 517 2088 μὲν
566 2020 795 2089 ἰσχυρὸν
834 2029 948 2072 τῶν
985 2021 1262 2086 πολεμίων
1300 2019 1474 2082 οὕτως
1513 2017 1859 2086 ἐξελήλεγκτο

174 2107 264 2161 καὶ
303 2109 362 2160 τὸ
402 2108 552 2178 ὕδωρ
594 2108 872 2176 ε’νενίκητο
911 2109 1058 2161 πάνυ
1099 2109 1166 2176 δὴ
1207 2110 1454 2176 νικήσειν
1493 2106 1771 2160 ἐλπισθέν.

297 2259 349 2297 12
381 2254 503 2297 Plut.
530 2253 676 2298 Crass.
704 2258 892 2297 20-31,
940 2253 1187 2309 Polybium
1218 2252 1338 2297 falso
1372 2253 1489 2296 citat
1519 2252 1683 2296 Ranke
1716 2252 1745 2295 1.
1771 2252 1800 2295 l.

177 2317 232 2356 20
264 2314 412 2356 Amm.
439 2313 586 2356 XXIV
611 2318 649 2366 3,
672 2318 738 2357 11.
803 2313 902 2356 Zos.
928 2312 991 2355 111
1017 2317 1086 2366 19,
1105 2317 1131 2355 4

299 2452 321 2490 1
353 2447 435 2491 τὸν
467 2446 612 2490 αὐτὸν
644 2441 815 2504 ἆθλον]
841 2441 999 2489 ἆθλον
1029 2445 1110 2489 τὸν
1142 2445 1285 2489 αὐτὸν
1312 2445 1355 2489 V
1382 2445 1388 2502 Ι
1427 2445 1582 2488 αὐτῶν
1606 2445 1641 2487 Ι
1754 2448 1779 2486 2
1813 2439 1860 2487 δ’

177 2506 245 2550 Re
288 2506 296 2563 Ι
335 2514 429 2549 τῶν
460 2505 624 2549 ἄθλων
650 2505 694 2548 V
849 2510 878 2548 4
909 2504 1062 2561 πατὴρ
1093 2504 1160 2547 Re
1338 2509 1364 2547 5
1397 2500 1638 2559 στρατείας
1668 2502 1872 2547 BLaPI

179 2565 261 2608 sed
290 2564 341 2608 in
371 2571 587 2620 στρατιᾶς
618 2577 719 2607 corr
748 2564 798 2606 in
828 2563 911 2607 illo
942 2563 1026 2619 ωδ,
1057 2563 1106 2606 in
1137 2563 1226 2607 hoc
1256 2562 1326 2606 m²
1474 2567 1501 2606 6
1534 2561 1808 2617 μικροτέρας
1836 2561 1873 2604 Ι

179 2624 271 2668 edd
332 2622 619 2680 μακροτέρας
649 2622 754 2666 coni
777 2623 846 2666 Re
967 2627 991 2665 7
1024 2621 1234 2666 δεδιέναι
1260 2623 1304 2665 V
1417 2625 1443 2663 9
1474 2620 1622 2665 πόνοσ
1652 2622 1698 2665 Ρ
1726 2620 1809 2664 sed
1839 2634 1865 2663 σ

178 2682 229 2725 in
251 2695 328 2725 ras
349 2683 420 2726 111⁸
457 2683 464 2741 Ι
501 2683 551 2727 ἐν
583 2696 659 2725 om
682 2683 794 2726 ΒΜ
819 2682 944 2725 inser
973 2680 1032 2725 1²
1183 2685 1238 2724 10
1270 2678 1318 2724 δ’
1345 2680 1413 2723 Re
1563 2684 1619 2723 12
1650 2679 1711 2734 δή
1740 2695 1867 2728 τινος

179 2743 401 2800 παλαιοῦ]
433 2744 635 2785 παλαιοῦ
666 2739 728 2794 δή
753 2755 880 2791 τινος
903 2741 978 2785 La
1038 2740 1098 2797 δὴ
1128 2742 1332 2784 παλαιοῦ
1356 2754 1482 2789 τινος
1502 2739 1572 2783 Ro
1693 2743 1748 2781 13
1781 2737 1865 2781 ἀυ-

179 2798 262 2845 τόν
291 2802 328 2844 Ι
348 2801 434 2844 sed
465 2813 607 2857 supra.
633 2816 665 2843 υ
697 2798 806 2855 spir.
827 2811 942 2842 eras
1003 2797 1146 2843 αὐτόν
1171 2798 1303 2842 ΒΜο
1364 2796 1513 2842 αυτόν
1539 2799 1614 2842 La
1640 2799 1647 2854 1
1675 2798 1756 2840 καὶ
1786 2796 1867 2847 οὓς

181 2858 307 2903 inser
333 2860 392 2904 0⁶
418 2861 424 2915 Ι
452 2854 572 2917 εἶχεν
596 2858 672 2902 La
795 2861 848 2901 17
874 2859 922 2900 et
946 2862 1001 2901 18
1026 2855 1071 2902 δ’
1093 2858 1162 2901 Re
1282 2860 1339 2900 20
1370 2854 1628 2914 ἀρχόμενον
1648 2858 1732 2900 Μο
1759 2858 1765 2911 Ι
1794 2855 1866 2899 ἐκ·

183 2917 331 2974 βάντα
348 2918 423 2962 La
529 2922 583 2960 21
611 2915 867 2971 ἐξελήλεκτο
883 2916 979 2961 PU
1034 2915 1343 2973 ἐξελήλεγκται
1362 2915 1437 2960 La
1490 2914 1727 2972 ἐξήλεγκτο
1745 2913 1867 2956 Fabr

270 2999 468 3032 Iammura
493 2999 552 3031 ed.
576 2998 817 3031 Foorntot.
855 2998 906 3029 Π.
1545 2993 1600 3030 22
