2060 3162
216 664 235 697 5

260 145 368 206 240
747 152 980 196 'LIBANII
1011 152 1234 197 ORATIO
1267 152 1414 197 XVIII

259 290 469 351 ἀδόλως
528 286 618 341 καὶ
681 293 863 356 φιλῶν
917 286 1156 341 διετέλει.
1241 288 1288 340 9.
1351 290 1525 358 γήμας
1579 285 1639 342 δὲ
1692 289 1942 360 ὑπάρχου

260 376 543 446 θυγατέρα
581 384 821 446 χρηστοῦ
860 396 917 428 τε
957 375 1047 429 καὶ
1079 384 1219 430 νοῦν
1250 379 1486 446 ἔχοντος,
1527 377 1593 431 ὃν
1625 378 1653 432 ὁ
1685 378 1943 446 πολέμιος

258 466 555 534 νενικηκὼς
615 464 826 537 ᾐδέσθη
884 464 975 518 καὶ
1029 468 1160 529 τοὺς
1212 466 1383 519 αὑτοῦ
1445 468 1814 536 παρεκάλεσεν
1865 469 1944 531 εἰς

259 554 473 608 ἐκεῖνον
504 553 805 623 βλέποντας
837 556 1041 624 ἄρχειν,
1072 563 1306 608 ποιεῖται
1338 557 1559 609 τουτονὶ
1590 557 1689 610 τὸν
1717 558 1944 627 ἄριστον

258 642 349 696 καὶ
403 649 534 714 τιμᾷ
585 645 685 696 τὸν
738 645 1006 712 κηδεστὴν
1058 651 1122 713 τῇ
1176 646 1517 715 προσηγορίᾳ
1572 653 1672 699 τοῦ
1732 646 1942 707 παιδός.

264 733 345 785 10.
386 735 807 795 Κωνσταντῖνος
837 729 938 798 μὲν
970 728 1073 785 οὗν
1103 735 1468 802 τετελευτήκει
1498 735 1662 806 νόσῳ,
1692 735 1753 787 τὸ
1787 733 1943 803 ξίφος

170 834 317 878 R525
359 821 420 874 δὲ
458 829 657 891 μικροῦ
708 820 714 892 Ι
766 822 857 874 διὰ
895 822 1097 884 παντὸς
1137 821 1326 892 ἐχώρει
1371 830 1470 875 τοῦ
1511 821 1707 890 γένους
1745 823 1943 890 ὁμοίως

194 1111 236 1144 10

195 1555 237 1588 15

259 910 510 980 πατέρων
548 908 639 963 καὶ
676 912 905 963 παίδων.
976 905 1138 973 οὗτος
1171 908 1232 963 δὲ
1261 909 1352 964 καὶ
1383 912 1751 981 πρεσβύτερος
1789 911 1944 964 ἀδελ-

261 1000 367 1068 φὸς
413 998 745 1070 ὁμοπάτριος
798 1000 898 1052 τὸν
947 1002 1128 1053 πολὺν
1180 1000 1547 1068 διαφεύγουσι
1597 1002 1793 1069 φόνον,
1846 1002 1944 1054 τὸν

260 1085 362 1157 μὲν
414 1090 584 1141 νόσου
639 1087 972 1159 ῥυσαμένης,
1033 1089 1066 1157 ἣ
1121 1090 1258 1158 πρὸς
1310 1089 1560 1142 θάνατον
1614 1089 1944 1159 ἀποχρήσειν

260 1176 455 1246 ἐδόκει,
493 1178 590 1230 τὸν
631 1174 691 1230 δὲ
729 1185 824 1245 τῆς
862 1178 1087 1246 ἡλικίας,
1128 1178 1251 1247 ἄρτι
1290 1178 1394 1248 γὰρ
1431 1177 1738 1246 ἀπήλλακτο
1779 1178 1943 1246 γάλα-

259 1285 399 1328 κτος.
479 1267 562 1318 11.
610 1265 816 1328 ἐκεῖνος
854 1267 955 1332 μὲν
1002 1262 1105 1319 οὖν
1151 1267 1289 1336 πρὸς
1327 1267 1511 1329 ἄλλοις
1555 1271 1765 1335 μᾶλλον
1803 1261 1873 1334 ἧν
1910 1266 1944 1335 ἢ

264 1356 449 1422 λόγοις
486 1356 723 1423 νομίζων
761 1351 926 1422 ἧττόν
963 1375 1023 1422 γε
1062 1356 1230 1425 ταύτῃ
1270 1355 1631 1424 πειράσεσθαι
1669 1363 1768 1408 τοῦ
1803 1356 1944 1423 φθό-

260 1463 383 1509 νου,
437 1450 637 1496 τοῦτον
684 1444 745 1496 δὲ
791 1443 819 1496 ὁ
868 1444 1050 1513 λαχὼν
1097 1445 1308 1511 δαίμων
1361 1442 1529 1496 ἐκίνει
1581 1445 1718 1511 πρὸς
1771 1446 1945 1513 ἔρωτα

260 1534 442 1599 λόγων
480 1531 570 1584 καὶ
611 1531 848 1600 διέτριβε
900 1531 1026 1602 περὶ
1077 1533 1278 1595 αὐτοὺς
1325 1532 1385 1585 ἐν
1431 1541 1495 1603 τῇ
1542 1534 1766 1602 μεγίστῃ
1813 1533 1945 1599 μετὰ

260 1621 362 1688 τὴν
387 1619 596 1690 Ῥώμην
633 1623 790 1674 πόλει
825 1631 1036 1692 φοιτῶν
1067 1623 1145 1684 εἰς
1176 1623 1578 1690 διδασκαλεῖον,
1618 1621 1647 1674 ὁ
1678 1619 1946 1689 βασιλέως

261 1705 363 1778 μὲν
415 1711 658 1777 υἱιδοῦς,
712 1709 978 1778 βασιλέως
1032 1711 1093 1764 δὲ
1146 1710 1507 1779 ἀδελφιδοῦς,
1565 1709 1830 1777 βασιλέως
1885 1709 1946 1762 δὲ

384 1875 406 1913 1
439 1870 672 1929 ὑπάρχου]
706 1870 806 1925 ἤτοι
837 1879 918 1915 τοῦ
946 1868 1202 1915 Ἰουλιανοῦ
1234 1872 1270 1915 Ι
1275 1871 1293 1896 ³
1412 1876 1439 1914 4
1482 1871 1692 1944 τουτονὶ]
1716 1870 1798 1915 τὸν
1825 1867 1941 1915 Ἰου-

262 1929 423 1973 λιανὸν
447 1931 482 1972 Ι
489 1930 505 1954 ³
625 1935 650 1974 8
683 1926 837 1988 οὗτος]
871 1929 893 1974 ὃ
915 1927 1169 1982 Ἰουλιανὸς
1198 1931 1234 1973 Ι
1241 1930 1257 1955 3
1284 1932 1289 1986 l
1318 1930 1551 2002 ἀδελφὸς]
1572 1929 1596 1973 ὃ
1622 1928 1796 1979 Γάλλος
1825 1929 1885 1972 1⁸

265 1991 290 2029 9
337 1988 418 2030 τὸν
451 1987 552 2046 μὲν]
585 1989 665 2032 τὸν
700 1989 876 2033 Γάλλον
907 1991 942 2033 I
947 1990 964 2014 3
1115 1994 1166 2033 11
1213 1990 1295 2034 τὸν
1327 1989 1399 2047 δὲ]
1431 1989 1512 2032 τὸν
1538 1986 1796 2033 Ἰουλιανὸν
1826 1988 1884 2030 1³

267 2050 319 2088 12
370 2046 560 2119 ἐκεῖνος]
609 2047 632 2091 ὁ
674 2047 849 2097 Γάλλος
883 2048 940 2092 1⁸
1091 2053 1145 2091 14
1191 2049 1375 2105 τοῦτον]
1423 2048 1505 2091 τὸν
1539 2045 1795 2092 Ἰουλιανὸν
1825 2046 1885 2089 13

267 2109 320 2147 17
352 2104 551 2163 υἱιδοῦς]
585 2106 772 2163 ἔγγονος
794 2108 829 2149 I
836 2106 852 2131 3
877 2111 884 2163 l
913 2105 1149 2164 βασιλέως]
1177 2114 1258 2150 τοῦ
1282 2106 1481 2163 μεγάλου
1506 2103 1861 2149 Κωνσταντίνου
1886 2105 1943 2148 1³

269 2163 274 2222 Ι
318 2164 618 2222 ἀδελφιδοῦς]
652 2165 848 2221 ἀνεψιὸς
878 2165 935 2208 1³
962 2168 967 2221 Ι
996 2164 1234 2223 βασιλέως]
1266 2173 1348 2209 τοῦ
1381 2163 1738 2209 Κωνσταντίνου
1770 2164 1827 2208 1⁸

387 2317 407 2354 1
442 2312 512 2370 δὲ]
537 2311 623 2368 γὰρ
643 2314 705 2356 Μ
821 2317 845 2355 3
879 2309 1055 2370 ᾐδέσθη
1084 2313 1120 2356 C
1141 2313 1221 2356 sed
1245 2329 1273 2370 ῃ
1298 2313 1346 2355 in
1370 2325 1444 2355 ras
1469 2326 1491 2356 s
1518 2314 1523 2368 1
1553 2312 1695 2354 αὑτοῦ
1720 2325 1777 2355 ex
1799 2312 1943 2355 αὐτοῦ

266 2385 366 2414 corr
384 2372 427 2413 B
489 2372 631 2415 αὐτοῦ
647 2373 730 2415 Mo
741 2330 948 2416 VLaI‘M
967 2371 1067 2414 Mor
1083 2371 1205 2414 Fabr
1324 2376 1351 2414 4
1381 2378 1508 2414 ποιεῖ
1528 2386 1575 2414 τε
1601 2371 1680 2415 CB
1705 2370 1807 2414 Mor
1822 2369 1945 2414 Fabr

327 2434 350 2473 7
378 2430 634 2480 διαπαντὸς
652 2432 735 2475 Mo
866 2433 891 2472 8
926 2430 1004 2473 καὶ
1030 2430 1211 2488 (prius)]
1236 2446 1283 2474 τε
1309 2430 1387 2474 καὶ
1412 2430 1513 2473 Μο1·
1536 2430 1659 2473 Fabr
1695 2432 1701 2486 Ι
1737 2425 1872 2480 οὗτος
1888 2455 1943 2462 -

269 2493 320 2531 11
352 2488 595 2547 γάλακτος]
620 2489 744 2532 hunc
767 2489 919 2532 Iocum
946 2490 1053 2532 ante
1079 2489 1234 2532 oeulos
1259 2489 1427 2532 habuit
1458 2488 1668 2533 Socrates
1697 2487 1805 2531 hist.
1831 2487 1939 2531 eccl.

265 2547 368 2590 1111
395 2563 439 2603 p
462 2552 543 2591 168
574 2547 675 2592 τότε
708 2547 764 2604 δὴ
798 2549 877 2591 καὶ
908 2545 1036 2591 οὗτοι
1068 2547 1504 2603 ἀπορφανισθέντες
1533 2555 1615 2591 τοῦ
1650 2545 1824 2591 οἰκείου
1853 2562 1944 2590 πα-

265 2606 372 2678 τρὸς
410 2614 573 2662 μικροῦ
613 2610 712 2652 δεῖν
750 2610 812 2666 τῷ
838 2604 1084 2680 Δαλματίῳ
1117 2607 1549 2661 συνεκινδύνευσαν,
1594 2606 1635 2650 εἰ
1674 2605 1732 2663 μὴ
1765 2604 1943 2649 Γάλλον

266 2681 349 2721 μεν
382 2664 545 2715 νόσος
574 2653 927 2720 προσδοκίαν
961 2653 1164 2738 ἔχουσα
1194 2666 1455 2710 θανάτου
1496 2665 1792 2720 ἐρρύσατο,
1827 2661 1944 2707 Ἰου-

266 2723 429 2767 λιανὸν
462 2725 511 2767 δὲ
536 2724 564 2780 ἡ
597 2723 808 2780 ἡλικία,
843 2724 1070 2798 ὀκταετὴς
1071 2724 1173 2797 γὰρ
1203 2720 1256 2780 ἧν
1283 2725 1362 2779 ἔτι,
1395 2723 1623 2769 διέσωσεν.
1742 2726 1794 2765 10
1827 2724 1943 2765 ἀπο-

267 2781 446 2838 χρήζειν
478 2783 578 2826 Mor
601 2783 723 2826 Fabr
873 2789 925 2826 12
965 2779 1023 2839 ἦν
1054 2781 1082 2837 ἢ
1114 2782 1265 2839 λόγοις
1294 2785 1330 2827 Ι
1354 2784 1435 2827 sed
1466 2800 1492 2826 ν
1525 2781 1553 2838 ἢ
1578 2785 1601 2825 λ
1632 2781 1681 2824 in
1710 2795 1786 2824 ras
1816 2780 1886 2823 m2

271 2845 325 2883 13
356 2841 657 2894 πειράζεσθαι
688 2843 789 2886 Mor
812 2842 934 2885 Fabr
975 2842 991 2917 Ι
1020 2842 1170 2898 φόνου
1196 2844 1257 2886 Μ
1284 2844 1348 2899 (eb
1378 2843 1468 2885 Par
1491 2844 1593 2898 963)
1716 2845 1770 2883 14
1802 2837 1849 2884 δ’
1876 2840 1943 2882 Re

331 2904 383 2942 16
412 2898 585 2956 Ρώμην
616 2899 764 2975 πόλει]
796 2899 932 2946 πόλιν
964 2899 1116 2958 ρώμην
1149 2903 1223 2946 La
1363 2906 1413 2944 16
1447 2900 1471 2944 ὃ
1495 2927 1553 2932 --
1579 2904 1631 2942 17
1664 2899 1945 2954 ἀδελφιδοῦς

270 2972 344 3001 om
375 2958 476 3002 Mor
500 2959 620 3002 Fabr
647 2962 652 3015 Ι
680 2959 842 3010 υιδοῦς
873 2961 943 3004 La
