2060 3162
666 125 724 169 LI
731 125 900 169 BANII
930 124 1155 170 ORATIO
1187 125 1293 169 XXI
1717 126 1822 178 461

134 268 368 329 θοῦντα,
430 259 546 315 ἀλλ’
585 261 710 314 οὔτε
771 268 1041 314 τοσοῦτον
1100 258 1170 329 ἧν
1223 262 1285 314 τὸ
1341 262 1827 330 κινδυνευόμενον,

133 358 242 404 ποῦ
281 351 385 420 γὰρ
429 355 551 403 ἴσον
591 350 746 419 ἡμεῖς
782 348 873 403 καὶ
915 353 1314 419 Μιτυληναῖοι;
1353 352 1413 403 τό
1445 369 1504 403 τε
1542 358 1652 403 πᾶν
1691 348 1827 403 ἐκεῖ-

134 460 231 503 νος
269 439 371 492 οὐκ
409 436 658 507 ἔστησεν,
698 438 817 492 ἀλλ’
851 444 1023 506 ἴσμεν,
1074 437 1161 507 ἐφ’
1194 439 1405 492 ὁπόσον
1442 435 1575 507 ἧκεν
1614 439 1647 508 ἡ
1688 439 1828 508 δίκη.

138 529 142 597 ᾖ
185 536 294 582 νῦν
333 524 395 580 δὲ
434 528 527 580 διὰ
565 535 668 580 τοῦ
708 528 913 590 παντὸς
951 527 1175 596 ἀφῖκται
1215 529 1277 580 τὸ
1318 529 1625 597 φάρμακον.
1768 540 1915 583 R691

245 617 330 669 23.
372 620 682 685 Σκοπῶμεν
714 617 782 685 δὴ
815 615 920 670 κάν
957 622 1033 687 τῷ
1065 618 1375 683 κεκομικότι
1405 617 1500 678 τὰς
1531 617 1830 684 διαλλαγὰς
1877 637 1896 670 5

136 713 200 775 τῇ
262 707 418 759 πόλει
480 705 762 777 ἀνθρώπῳ
824 706 922 758 τὸν
983 704 1284 775 ἐπίκουρον
1346 706 1527 758 αὐτόν.
1613 705 1672 768 ὃς
1725 707 1830 773 γὰρ

133 792 335 863 ἐγένετ’
374 793 445 847 ἂν
504 803 570 864 τῇ
633 797 790 847 πόλει
854 793 1297 864 λυσιτελέστερος
1359 793 1569 864 ἑτέρου,
1631 802 1833 847 τοῦτον

136 883 284 945 ὅπως
322 888 462 936 οἴσει
501 885 606 952 τὴν
644 884 915 952 φιλτάτην
953 882 1085 952 ἡμῖν
1124 882 1436 951 ἐπιστολήν,
1483 881 1733 953 ἔπραξεν,
1773 882 1832 945 ὃς

134 973 268 1024 ἄνευ
308 991 366 1025 τε
414 973 725 1042 βαρύτητος
777 975 965 1040 ἔμελλε
1014 980 1079 1041 τῇ
1131 975 1306 1042 βουλῇ
1355 971 1695 1025 συνέσεσθαι
1739 970 1831 1024 καὶ

132 1063 264 1123 τοὺς
302 1059 512 1129 ἐκείνης
554 1063 754 1128 λόγους
794 1059 1089 1124 ἀνέξεσθαι
1137 1062 1278 1131 πρὸς
1323 1069 1398 1133 τῷ
1442 1062 1534 1114 καὶ
1581 1062 1832 1130 λαμπρὸν
1858 1083 1899 1114 ιο

133 1150 194 1201 τὸ
235 1151 456 1203 δίκαιον
496 1149 706 1203 ἐνεῖναι
744 1156 819 1222 τῷ
860 1151 1150 1219 πράγματι.
1227 1154 1311 1213 τίς
1357 1151 1461 1220 γὰρ
1512 1154 1726 1220 μᾶλλον
1763 1148 1832 1202 ἂν

134 1240 354 1301 εἰκότως
424 1238 779 1309 ἐκαρπώσατο
841 1240 908 1292 τὰ
974 1240 1261 1309 γράμματα
1321 1247 1423 1292 τοῦ
1483 1241 1659 1308 μόνου
1719 1247 1832 1291 τῶν

137 1327 313 1396 [τοὺς]
355 1328 560 1390 ἵππους
599 1326 948 1381 ἐλαυνόντων
986 1326 1366 1397 μιμησαμένου
1414 1329 1480 1381 τὰ
1523 1330 1832 1398 Καισαρίου

140 1416 143 1485 Ι
187 1416 380 1485 πτεροῖς
1771 1429 1919 1473 R692

248 1504 334 1557 24.
362 1503 516 1558 ’Ἑδει
555 1502 657 1573 μὲν
696 1501 800 1559 οὖν
839 1507 967 1575 ὄρος
1004 1525 1063 1559 τε
1102 1505 1234 1575 ἡμῖν
1274 1502 1417 1559 εἶναι
1455 1506 1545 1559 καὶ
1583 1505 1832 1574 ποταμὸν
1859 1528 1897 1559 15

137 1595 388 1662 χρυσίον,
430 1594 610 1662 ὥσπερ
643 1595 870 1662 Λυδοῖς,
909 1594 1171 1663 φέροντα,
1211 1593 1352 1647 ὥσθ’
1383 1596 1520 1664 ἡμᾶς
1558 1597 1630 1663 μὴ
1670 1596 1830 1663 μείζω

136 1682 443 1749 βούλεσθαι
496 1689 596 1735 τοῦ
653 1684 959 1749 δύνασθαι,
1013 1691 1121 1736 νῦν
1177 1683 1226 1734 ὀ’
1259 1685 1361 1737 οὐκ
1413 1680 1484 1751 ἦν
1538 1682 1831 1752 ἐφικέσθαι

136 1778 235 1823 τοῦ
275 1770 475 1840 μέτρου
522 1774 653 1834 τοὺς
700 1771 761 1825 ἐν
807 1773 1031 1843 τοιαύτῃ
1079 1776 1366 1843 μεταβολῇ.
1444 1769 1505 1825 σὲ
1554 1769 1616 1825 δὲ
1662 1791 1832 1841 μακα-

259 1995 284 2032 3
310 1990 452 2034 Thuc.
464 1990 607 2035 11150.
643 1991 699 2035 cf.
714 1992 800 2037 Ad.
815 1992 968 2036 Bauer
982 1993 1151 2038 Philol.
1173 1993 1316 2037 XLHI
1330 1998 1413 2037 362
1539 1997 1565 2036 5
1597 1992 1658 2036 Ιο.
1675 1991 1832 2048 Chrys.

139 2048 215 2093 1.1.
251 2064 295 2105 p.
323 2054 408 2093 223
426 2049 466 2092 D
592 2055 645 2094 15
678 2051 784 2095 Eur.
810 2051 977 2096 Bacch.
999 2057 1096 2096 154.
1129 2053 1236 2098 Her.
1254 2053 1296 2096 V
1315 2057 1414 2108 101,
1433 2057 1472 2096 2.
1510 2052 1567 2096 cf.
1593 2053 1626 2096 t.
1643 2052 1664 2095 I
1689 2056 1790 2106 531,
1808 2055 1834 2094 8

270 2262 324 2300 15
357 2258 588 2317 ποταμὸν]
620 2259 702 2303 τὸν
735 2260 990 2305 Πακτωλὸν
1022 2260 1094 2305 P²

261 2468 282 2506 1
320 2463 424 2507 οὔτε
448 2464 614 2521 scripsi
675 2465 730 2510 οὔ
762 2483 806 2510 τι
837 2466 947 2510 libri
972 2467 1063 2511 edd
1126 2469 1312 2522 „malim
1338 2467 1470 2524 οὐχὶ“
1501 2467 1570 2510 Re
1597 2469 1603 2523 Ι
1631 2467 1740 2522 post
1777 2461 1836 2522 ἦν

140 2535 215 2566 ras
241 2527 267 2565 5
302 2522 380 2566 litt
406 2523 466 2566 M
644 2529 668 2566 2
702 2521 805 2570 ἴσον
840 2528 923 2570 Mo
956 2526 1048 2569 edd
1117 2523 1240 2570 εἶλον
1273 2527 1344 2571 Va
1393 2527 1398 2584 Ι
1448 2523 1692 2582 Μιτυλήνη
1726 2525 1771 2569 Β

144 2586 169 2624 5
201 2579 293 2625 κᾶν
319 2583 364 2625 Β
389 2581 490 2625 Mor
557 2583 637 2626 καὶ
663 2584 732 2628 Va
912 2590 937 2629 6
970 2586 1093 2629 αὐτῶ
1120 2587 1165 2630 Β
1347 2590 1370 2627 7
1405 2581 1465 2627 ἂν
1499 2583 1678 2642 ἐγένετο
1704 2584 1773 2628 Va

143 2644 169 2682 8
202 2639 304 2696 οἴση
341 2641 378 2684 C
404 2641 488 2684 sed
519 2657 560 2685 ει
591 2655 806 2698 suprascr
827 2658 862 2698 s,
896 2645 1101 2689 PIMoB
1178 2643 1282 2702 οἴσῃ
1315 2645 1377 2686 Μ
1404 2643 1496 2687 edd
1538 2646 1545 2700 Ι
1589 2642 1836 2699 ἐπιστολὴν

143 2698 253 2754 ἡμῖν
296 2700 364 2743 Va
544 2704 569 2742 9
617 2717 667 2758 γε
709 2703 752 2746 V
802 2705 807 2758 Ι
866 2702 1016 2760 ἔμελλε
1052 2709 1107 2759 τῆ
1147 2705 1194 2748 P
1233 2704 1315 2748 sed.
1355 2719 1376 2747 ε
1413 2718 1467 2758 τη
1507 2702 1557 2745 in
1586 2716 1663 2746 ras
1694 2701 1763 2745 m²

150 2762 203 2801 10
235 2758 289 2802 τὸ
323 2759 368 2802 Ρ
540 2764 590 2802 11
627 2758 686 2803 ἂν
718 2763 891 2817 μᾶλλον
923 2763 990 2806 Va
1167 2767 1220 2806 12
1252 2762 1310 2806 τὰ
1343 2776 1418 2805 om
1445 2762 1512 2805 Va
1539 2763 1545 2818 Ι
1572 2768 1665 2806 τῶν
1697 2761 1836 2805 omB

206 2821 261 2860 13
295 2818 403 2867 τοὺς
434 2820 544 2862 ante
577 2817 750 2869 ’ἵππους
773 2822 819 2864 Β
851 2820 941 2864 edd
1003 2821 1259 2865 cancellavi
1398 2825 1451 2864 15
1485 2817 1593 2876 ὅρος
1622 2820 1724 2863 Mor
1755 2819 1837 2863 sed

146 2891 200 2931 γρ
228 2875 337 2931 ὄρος
368 2877 417 2919 in
440 2890 574 2933 marg
749 2883 801 2922 16
835 2878 946 2923 ὥστε
980 2881 1047 2924 Va
1089 2883 1094 2935 Ι
1137 2879 1282 2935 μέτρω
1318 2881 1384 2924 Va
1561 2883 1615 2922 18
1655 2884 1710 2934 τῆ
1743 2894 1837 2922 τοι-

154 2933 270 2991 αύτη
295 2937 407 2980 ΒΜ
