2060 3162
225 146 333 198 488
737 146 965 190 LIBANII
998 145 1222 190 ORATIO
1254 146 1382 191 XXII

225 281 609 351 βεβιασμένην,
633 281 925 349 4ἀμπέλους
951 282 1235 351 (ἔχοντα),
1271 284 1710 353 συκᾶς,”δέ’νδρα
1740 283 1914 354 ἔτερα,

226 371 481 439 λαχάνων
520 372 663 439 εἰδη,
716 369 912 439 τέρψιν
957 379 1074 433 τοῖς
1124 371 1417 434 δυσκόλοις
1467 372 1786 441 ἀντίπαλον,
1826 372 1905 431 δι’,

225 459 295 527 ἣν
340 459 431 512 καὶ
470 457 738 528 ἐγέλασάν
776 477 886 512 που
932 460 1023 512 καὶ
1071 461 1325 524 ἔσκωψαν
1371 459 1462 514 καὶ
1500 462 1780 531 προῦπιον
1814 460 1916 516 ’καὶ

223 548 406 616 ὕμνον
443 541 584 619 ᾖσαν
619 546 714 601 καὶ
753 543 821 600 οὗ
853 549 1019 617 τύχης
1051 549 1210 617 εἰσίν,
1251 548 1828 604 ἐπελάθοντοκλινῶν
1857 570 1915 605 τε

183 658 201 689 5
227 636 598 700 ἀπολαύοντες
621 629 707 699 αἶς
731 639 875 690 πολὺ
893 638 1029 706 πρὸς
1054 637 1289 706 ἀλλήλας
1311 638 1373 691 τὸ
1397 637 1584 706 μέσον,
1607 640 1697 692 καὶ
1722 651 1916 705 τραπεε

226 729 334 790 ζῶν
365 726 500 778 οἴων
530 725 669 794 <οὐ>
700 726 807 796 πρὸ
840 733 934 794 τῆς
967 735 1274 796 συμφορᾶς,
1308 729 1491 795 λόγων
1520 747 1577 780 τε
1611 727 1671 781 ἐν
1701 730 1917 796 βίβλοις

224 816 595 868 παντοδαπῶν
634 813 725 868 καὶ
765 823 877 867 τῶν
915 814 1053 882 ὑπὲρ
1094 815 1308 868 τούτων
1347 817 1528 883 λόγων
1566 815 1664 879 οὓς
1699 818 1759 869 αι’
1793 818 1915 884 βελ-

225 905 378 965 τίους
416 910 677 956 ποιοῦσιν
715 900 907 973 ἔριδες.
986 903 1071 955 32.
1124 911 1224 957 τοῦ
1273 904 1340 972 δὴ
1379 905 1445 956 τὰ
1484 905 1640 957 δεινὰ
1677 908 1750 974 μὴ
1790 907 1916 961 λίαν

227 988 369 1044 εἶναι
410 992 565 1045 δεινὰ
603 991 693 1044 καὶ
732 999 831 1045 τοῦ
878 991 1087 1060 μηδένα
1133 993 1629 1062 προδιαφθαρῆναι
1675 1001 1770 1062 τῆς
1815 1001 1915 1046 τοῦ

161 1101 203 1135 10
227 1080 492 1149 βασιλέως
531 1082 739 1151 δωρεᾶς
791 1081 863 1150 μὴ
911 1081 1066 1152 ἡλίῳ,
1121 1082 1193 1149 μὴ
1241 1083 1447 1153 ὄμβρῳ,
1500 1083 1573 1150 μὴ
1620 1083 1788 1152 λύπῃ,
1842 1083 1914 1151 μὴ

227 1169 462 1240 δάκρυσι
508 1170 597 1223 καὶ
645 1177 745 1222 τοῦ
794 1168 1057 1222 δεδέσθαι
1103 1189 1161 1222 τε
1209 1170 1348 1237 ὁμοῦ
1395 1169 1485 1223 καὶ
1532 1171 1604 1239 μὴ
1655 1170 1915 1224 δεδέσθαι

137 1271 178 1314 R
200 1270 313 1314 H21
355 1259 444 1311 καὶ
495 1258 501 1326 Ι
550 1265 650 1311 τοῦ
690 1259 755 1311 τά
794 1268 906 1311 τῶν
952 1258 1053 1311 οὐκ
1099 1257 1161 1311 ἐν
1205 1260 1463 1327 μεγάλοις
1510 1259 1919 1328 ἐγκεκλημένων

227 1350 373 1416 ἔχειν
414 1346 474 1400 ἐν
510 1348 855 1416 τηλικούτοις
894 1346 1209 1416 ἐγκλήμασι,
1254 1349 1467 1401 τούτων
1515 1349 1582 1416 δὴ
1628 1357 1738 1401 τῶν
1777 1347 1917 1401 ὀνει-

228 1436 425 1505 ράτων,
481 1436 624 1489 οὕτω
680 1437 784 1505 γὰρ
837 1436 1066 1504 ἄμεινον
1117 1445 1457 1506 προσειπεῖν,
1512 1432 1674 1499 οὗτος
1726 1442 1917 1505 αἴτιος,

164 1546 204 1578 15
230 1520 392 1588 οὗτος
433 1525 618 1595 δοτήρ,
660 1519 822 1587 οὗτος
862 1527 1112 1595 χορηγός.
1187 1525 1273 1577 33.
1325 1521 1487 1588 οὗτος
1526 1527 1597 1594 μὴ
1637 1533 1917 1595 πανταχοῦ

226 1614 405 1666 πάντα
445 1613 684 1684 ἀκριβῶς
729 1612 990 1679 ἐξετάζων
1037 1613 1311 1678 ἐπέδειξεν
1350 1616 1568 1668 ἅπασαν
1607 1615 1777 1668 αὑτοῦ
1816 1616 1919 1684 τὴν

228 1700 355 1772 περὶ
394 1703 495 1770 τὴν
534 1704 718 1771 κρίσιν
757 1705 964 1771 σοφίαν
1015 1696 1099 1766 οἷς
1138 1702 1370 1772 ἔπραξεν
1417 1703 1502 1756 ε’πὶ
1542 1713 1657 1767 ταῖς
1697 1705 1917 1757 διαλλα-

140 1804 180 1846 R
203 1803 317 1847 1122
351 1799 490 1859 γαῖς,
529 1790 591 1853 ἃς
623 1791 691 1844 οὐ
722 1800 834 1844 τῶν
867 1792 1265 1845 ἱκετευσάντων
1295 1791 1418 1863 περὶ
1454 1790 1462 1864 Ι
1495 1794 1594 1845 τὸν
1625 1794 1920 1861 Βόσπορον

228 1879 499 1949 ἡγήσομαι
546 1883 759 1948 μᾶλλον
797 1881 830 1949 ἢ
870 1888 968 1933 τοῦ
1016 1881 1200 1950 χώραν
1247 1889 1364 1943 ταῖς
1417 1882 1668 1944 ἱκετείαις
1706 1882 1919 1933 τούτων

163 1990 206 2023 20
231 1968 548 2030 δεδωκότος.

351 2176 405 2215 18
430 2171 487 2216 cf.
505 2187 551 2228 p.
568 2177 669 2228 438,
684 2178 749 2216 11.
784 2173 846 2216 Io.
867 2172 1024 2229 Chrys,
1045 2174 1105 2217 ad
1129 2189 1236 2230 pop.
1255 2175 1361 2216 Ant.
1380 2173 1502 2217 hom.
1523 2173 1627 2216 XXI
1651 2172 1915 2230 p.216qu.

352 2371 374 2408 1
432 2365 594 2422 ἔχοντα
645 2365 752 2420 post
791 2363 1022 2420 ἀμπέλους
1060 2365 1233 2408 inserui
1275 2367 1463 2408 auctore
1506 2365 1574 2407 Re
1612 2365 1752 2407 Anim
1795 2366 1919 2421 (post.

232 2423 331 2480 εἴδη
365 2423 412 2466 in
446 2424 535 2477 ed.)
679 2428 705 2465 4
737 2418 856 2478 ἦσαν
890 2424 1210 2467 ΡΒαΜοΒΜ
1352 2430 1377 2468 5
1410 2423 1630 2479 ἀλλήλους
1661 2425 1734 2468 Ρα
1759 2423 1859 2467 Mor

233 2487 258 2525 6
284 2483 338 2527 οὗ
355 2483 531 2526 inserui
549 2496 573 2526 e
593 2484 636 2526 V
690 2497 766 2526 om
789 2482 959 2537 reliqui
981 2482 1090 2525 libri
1108 2483 1198 2526 edd
1320 2487 1346 2525 8
1380 2483 1436 2539 δὴ
1464 2483 1627 2539 scripsi
1645 2484 1834 2526 anchore
1850 2483 1917 2526 Re

233 2541 375 2584 Anim
466 2542 516 2586 δὲ
549 2541 657 2584 libri
690 2542 781 2585 edd
962 2546 985 2584 9
1018 2541 1069 2585 τὸ
1097 2544 1157 2586 Μ
1336 2547 1389 2585 10
1422 2542 1481 2599 μὴ
1514 2540 1626 2601 ἡλίῳ
1659 2556 1734 2585 om
1758 2541 1859 2585 Mor

236 2605 286 2644 11
322 2600 382 2657 μὴ
408 2601 456 2643 in
479 2614 555 2643 ras
582 2605 606 2643 2
624 2600 704 2643 lim:
735 2614 809 2644 0111
837 2601 879 2644 V
1025 2605 1077 2642 12
1109 2608 1201 2644 τῶν
1236 2602 1284 2645 ἐν
1317 2601 1552 2657 μετάλλοις
1576 2599 1917 2658 ἐγκεκλημένων

233 2660 319 2703 οὐκ
352 2659 471 2715 ἔχειν
503 2660 571 2702 Re
595 2660 733 2702 Anim
769 2661 776 2715 Ι
812 2658 1140 2716 ἐγκεκλιμένων
1173 2661 1245 2704 Ρα
1270 2661 1371 2703 Mor
1493 2665 1548 2704 14
1581 2659 1687 2717 γὰρ]
1720 2659 1798 2703 καὶ
1832 2659 1917 2702 Mo

236 2718 243 2777 1
277 2714 412 2767 οὗτος
443 2717 590 2768 αἴτιος
621 2732 695 2761 0111
719 2718 787 2762 Re
961 2722 1014 2761 16
1055 2718 1274 2770 ἐξετάζων
1307 2719 1471 2775 scripsi
1503 2734 1527 2763 e
1563 2720 1605 2762 V
1630 2720 1817 2761 auctore
1848 2717 1916 2760 Re

233 2777 372 2820 Anim
416 2777 496 2832 qui
539 2778 587 2820 in
621 2778 691 2820 ed.
728 2791 876 2832 ¹„mom
909 2779 1066 2831 potius
1103 2779 1168 2821 sic
1199 2779 1382 2834 reliquit
1413 2779 1468 2822 L.
1534 2778 1735 2835 ἀκριβῶς
1778 2775 1919 2828 ἐάσας

234 2835 458 2887 ἐξετάζειν
476 2839 524 2878 ‘?“
554 2838 559 2892 Ι
589 2837 731 2879 αὐτοῦ
763 2835 873 2880 libri
905 2835 997 2878 edd
1120 2841 1170 2880 17
1207 2837 1410 2892 ἔπραξαν
1442 2838 1485 2881 V
1601 2841 1654 2880 18
1687 2836 1741 2879 οὐ
1775 2849 1830 2878 ex
1862 2833 1917 2879 ὃν

234 2908 336 2938 corr
358 2895 431 2938 P2
568 2899 621 2938 19
655 2893 849 2945 ἱκεσίαις
880 2895 953 2937 Ρα
977 2895 1078 2937 Mor
1119 2897 1125 2951 1
1166 2895 1343 2939 τούτων
1375 2896 1552 2952 scripsi,
1585 2898 1638 2938 ut
1669 2894 1780 2937 olim
1812 2894 1917 2937 coni

234 2953 302 2995 Re
364 2953 531 2997 τούτου
562 2953 670 2997 libri
704 2954 793 2996 edd
