2060 3162
686 137 916 181 LIBANII
949 136 1174 182 ORATIO
1206 136 1357 182 XVIII
1737 137 1843 189 281

157 276 253 337 τὰς
283 274 576 344 ὁμολογίας
608 271 843 340 ἐνδήσας
874 274 1092 343 ἔτρεχεν
1114 270 1203 325 ἐπὶ
1233 274 1333 326 τὸν
1357 272 1622 326 ἀκούσιον
1646 272 1851 341 ἀγῶνα,

158 366 371 432 μᾶλλον
408 360 457 415 δ’
488 360 577 414 ἐπὶ
625 362 728 430 τὴν
773 362 908 414 ἄνευ
955 369 1051 429 τῆς
1096 362 1232 430 πρὸς
1278 362 1379 415 τὸν
1426 363 1634 414 οἰκεῖον
1678 362 1852 430 μάχης

159 459 259 505 τοῦ
314 452 593 521 σκήπτρου
647 450 934 519 διαδοχήν·
996 448 1117 520 ᾔδει
1176 451 1280 520 γὰρ
1335 452 1482 520 παρὰ
1536 459 1647 503 τῶν
1701 455 1854 503 θεῶν

160 539 417 607 ἀκούσας,
457 537 486 590 ὃ
528 539 880 607 συμβήσεται.

275 626 394 679 106.
437 625 597 679 Ἀλλὰ
645 627 749 696 γὰρ
795 624 1074 696 ὑπερέβην
1118 645 1171 678 τι
1210 635 1322 679 τῶν
1369 624 1538 689 ἀξίων
1578 627 1850 696 εἰρῆσθαι.
1901 647 1920 679 5

160 723 324 770 τοῦτο
365 716 432 784 δὴ
473 713 707 768 λεκτέον.
783 715 1091 785 πρεσβειῶν
1138 715 1242 784 γὰρ
1284 715 1386 767 οὐκ
1426 714 1631 782 ὀλίγων
1677 714 1854 784 ἀμφο-

160 803 407 873 τέρωθεν
446 801 778 872 γενομένων,
818 797 896 855 ὧν
929 803 984 855 αἱ
1015 802 1117 871 μὲν
1149 801 1368 856 ἐκεῖθεν
1402 801 1597 871 ἠξίουν
1636 802 1723 855 ἐπὶ
1754 809 1854 856 τοῦ

162 894 433 961 σχήματος
471 889 709 958 μένοντα
746 890 921 960 μηδὲν
960 892 1101 962 ἔργῳ
1142 889 1314 944 πλέον
1343 890 1376 959 ἢ
1408 892 1662 961 πρόσθεν
1692 888 1855 960 ἔχειν,

162 982 222 1034 αἱ
258 978 307 1032 δ’
339 978 569 1032 ἐνθένδε
608 979 824 1042 πάντως
864 980 984 1032 δεῖν
1022 978 1365 1047 ἀφίστασθαι
1416 987 1512 1048 τῆς
1557 987 1716 1048 τιμῆς
1765 977 1856 1032 καὶ

163 1069 254 1122 διὰ
292 1068 516 1121 πάντων
562 1062 705 1121 εἷναι
751 1068 852 1121 τὸν
895 1069 1184 1138 πρότερον,
1232 1067 1293 1120 ἐν
1331 1068 1508 1140 τούτῳ
1550 1066 1610 1120 δὲ
1649 1063 1719 1136 ἦν
1758 1068 1855 1121 αὐ-
1881 1091 1926 1123 ιο

162 1158 260 1211 τὸν
305 1155 647 1211 ἀπολωλέναι
701 1155 794 1210 καὶ
843 1164 943 1210 τοῦ
996 1155 1371 1226 στρατοπέδου
1425 1158 1487 1211 τὸ
1542 1155 1713 1210 πλέον
1765 1155 1856 1210 καὶ

163 1248 429 1314 συνήθεις
477 1246 568 1299 καὶ
616 1247 840 1315 φίλους,
894 1251 968 1318 τῷ
1018 1242 1078 1298 δὲ
1125 1253 1219 1314 τῆς
1264 1242 1367 1315 μὲν
1416 1246 1591 1299 αὑτοῦ
1643 1253 1858 1314 σφαγῆς

163 1336 371 1404 βραχὺς
409 1329 479 1401 ἧν
519 1333 549 1387 ὁ
589 1336 777 1402 λόγος,
825 1335 1015 1387 δεινὸν
1054 1331 1115 1386 δὲ
1154 1333 1333 1387 ἐδόκει
1380 1335 1659 1403 προδότην
1696 1354 1858 1387 κατα-

166 1429 359 1490 στῆναι
399 1431 510 1475 τῶν
549 1422 842 1491 φιλτάτων.
919 1422 1037 1475 107.
1087 1421 1274 1491 ἐπειδὴ
1310 1430 1482 1475 ταῦτα
1519 1419 1590 1491 ἦν
1627 1421 1719 1475 καὶ
1757 1422 1859 1475 πά·-
1883 1444 1926 1476 14

166 1515 257 1563 λιν
297 1508 384 1563 ἐπὶ
423 1510 588 1563 ταύτὸ
626 1511 906 1577 πάλαισμα
946 1510 1333 1572 Κωνστάντιος
1373 1510 1572 1579 ἀφῖκτο
1614 1509 1622 1581 Ι
1666 1531 1759 1564 κα-
1798 1523 1950 1566 R558

167 1603 279 1651 λῶν
317 1599 597 1669 γράμμασι
637 1601 768 1661 τοὺς
806 1599 1122 1667 βαρβάρους
1167 1592 1201 1667 ᾗ
1246 1601 1518 1668 πρότερον
1567 1597 1658 1652 καὶ
1697 1599 1860 1668 χάριν

168 1688 336 1740 αἰτῶν
366 1687 853 1740 καταδουλοῦσθαι
879 1688 979 1756 τὴν
1004 1686 1295 1755 Ῥωμαίων,
1326 1689 1551 1740 ἔπειθεν
1582 1686 1860 1757 ἐπιορκεῖν

169 1773 227 1827 ἐκ
257 1779 482 1828 πολλῶν
512 1773 623 1828 ἕνα.
700 1774 730 1828 ὁ
771 1771 831 1828 δὲ
863 1775 1003 1844 ὁμοῦ
1034 1772 1136 1844 μὲν
1168 1773 1479 1844 ἐλῄστευεν,
1519 1775 1657 1842 ὁμοῦ
1697 1773 1758 1828 δὲ
1799 1774 1860 1828 ἐν

169 1873 284 1926 τοῖς
331 1862 545 1932 ἀγροῖς,
600 1863 697 1927 οὓς
743 1864 956 1932 εἰλήφει
1002 1865 1226 1931 μισθόν,
1282 1862 1493 1933 ἐτρύφα
1539 1863 1630 1917 καὶ
1679 1864 1751 1926 ὡς
1790 1863 1860 1917 ἂν

290 2043 345 2082 18
375 2038 526 2082 Amm.
552 2037 657 2082 XXI
682 2042 723 2094 3,
741 2043 767 2081 4

291 2191 311 2229 1
354 2185 438 2238 τὰς
468 2183 714 2244 ὁμολογίας
746 2200 821 2230 om
844 2186 913 2230 Re
963 2190 969 2243 Ι
1020 2186 1219 2241 ἐνδήσας
1249 2187 1282 2229 Ι
1310 2186 1391 2229 sed
1425 2190 1513 2243 δησ
1544 2186 1593 2229 in
1624 2200 1700 2230 ras
1732 2186 1802 2229 m⁸

172 2285 379 2341 ἐνδείξας
411 2289 475 2332 M
507 2290 514 2347 Ι
549 2275 756 2346 ἔτρεΞνΟ
785 2289 867 2334 sed
899 2306 949 2334 εν
982 2302 1208 2346 suprascr.
1234 2290 1264 2343 f
1293 2291 1300 2345 Ι
1336 2244 1559 2334 ἑκούσιον
1593 2290 1637 2334 V
1752 2294 1776 2333 2
1810 2289 1861 2334 δὲ

174 2348 257 2391 Mo
268 2347 443 2392 VIMP
566 2352 593 2390 4
624 2348 823 2392 ἀκοῦσαι
853 2348 955 2392 Mor
977 2348 1100 2392 Fabr
1127 2349 1132 2406 Ι
1161 2348 1191 2392 ἃ
1214 2348 1283 2392 Re
1406 2353 1430 2392 5
1463 2346 1507 2392 τί
1531 2348 1807 2392 BMoVIM

175 2408 198 2447 7
232 2404 487 2463 γινομένων
514 2408 576 2451 Μ
699 2412 724 2451 9
758 2407 809 2451 δὲ·
844 2408 1018 2451 VIMP
1137 2412 1187 2451 11
1222 2409 1329 2463 post
1360 2406 1500 2451 πλέον
1531 2420 1694 2450 rasura
1727 2411 1750 2449 7
1783 2406 1864 2450 litt

173 2463 244 2507 vel
276 2464 473 2508 duarum
503 2478 665 2509 vocum
706 2479 902 2520 quarum
934 2466 1063 2522 prior
1092 2466 1160 2521 τὸ,
1201 2466 1349 2510 altera
1380 2464 1521 2511 πλέον
1561 2465 1705 2510 fuisse
1735 2465 1861 2509 vide-

173 2524 249 2566 tur
282 2524 325 2568 V
500 2528 554 2566 12
587 2526 771 2579 „malim
802 2525 911 2575 τοὺς
935 2523 1185 2579 συνήθεις“
1210 2525 1278 2568 Re
1329 2527 1335 2582 Ι
1386 2526 1530 2569 αὐτοῦ
1561 2524 1671 2568 libri
1702 2524 1803 2568 Mor

176 2585 230 2624 13
263 2579 310 2626 δ’
337 2583 467 2627 LaU
484 2582 553 2626 Re
687 2587 742 2626 14
775 2584 961 2638 „malim
993 2584 1093 2628 ἐπεὶ
1124 2583 1206 2627 δὲ“
1239 2583 1306 2627 Re
1368 2583 1566 2627 fortasse
1595 2582 1862 2639 praeferen-

175 2638 285 2683 dum
317 2640 559 2697 ἐπειδὴδὲ
599 2642 605 2698 Ι
643 2642 724 2685 καὶ
755 2655 831 2685 om
853 2641 978 2685 Fabr
1159 2647 1212 2686 15
1243 2643 1415 2686 ταύτὸν
1450 2642 1753 2686 VLaMUPI
1778 2641 1860 2685 sed

174 2697 223 2741 in
255 2698 435 2742 duobus
449 2658 645 2743 ”ultimis
677 2717 704 2744 ν
737 2713 837 2744 eras
876 2705 883 2759 Ι
920 2698 1116 2756 ἀφίκετο
1152 2701 1196 2745 V
1326 2706 1379 2744 16
1411 2696 1440 2754 ἧ
1474 2714 1530 2744 ex
1561 2698 1590 2756 ἢ
1623 2714 1725 2744 con·
1751 2700 1869 2745 CBI

235 2751 334 2824 ᾖΡ
370 2757 494 2801 sed*
529 2758 619 2802 ex
662 2772 764 2802 corr
792 2757 862 2802 m'
937 2717 990 2814 ἥφ
994 2760 1079 2804 Mo
1155 2757 1201 2803 οἷ
1233 2773 1372 2815 supra
1403 2757 1432 2815 ἢ
1466 2758 1553 2804 Μ’
1629 2757 1658 2815 ἢ
1699 2759 1863 2804 UMor

177 2815 257 2869 qui
286 2815 336 2858 in
359 2829 494 2873 marg
522 2817 669 2860 habet
698 2834 752 2873 γρ
778 2817 852 2870 ὡς,
891 2818 1017 2885 qupd
1047 2818 1225 2874 recepit
1247 2818 1371 2861 Fabr
1515 2822 1569 2862 18
1600 2820 1781 2862 πολλῶν
1812 2818 1861 2860 in

177 2885 253 2916 ras
277 2873 357 2917 Μ’Ι
384 2876 391 2931 Ι
419 2874 655 2930 ἐλήστευεν
678 2877 713 2918 Ι
739 2875 819 2919 sed
845 2875 922 2932 ἐλη
945 2876 995 2919 in
1018 2889 1094 2919 ras
1117 2876 1188 2919 m²
1214 2877 1220 2934 Ι
1249 2872 1351 2921 δὲ
1323 2893 1380 2933 ην
1406 2877 1456 2921 ἐν
1483 2877 1527 2920 V
1642 2881 1695 2919 19
1729 2873 1800 2926 οἷς
1827 2876 1869 2919 V

183 2930 188 2987 Ι
222 2930 408 2989 μισθόν,
440 2933 619 2990 ἐτρύφα
651 2947 727 2978 om
759 2935 803 2979 V
865 2934 1095 2991 ένετρύφα
1126 2934 1229 2978 Mor
1252 2935 1319 2978 Re
1348 2935 1354 2992 Ι
1382 2933 1508 2979 ὡσᾶν
1540 2936 1619 2978 ΒΙ
