2060 3162
0 2038 2 2044 <
0 1577 9 2016 --—v—---⁷-v*--r,--v
0 1487 6 1563 nvp-r
0 1387 5 1471 -—--
0 1363 5 1370 .

644 121 830 165 LIBAN
832 121 873 164 11
905 119 1129 165 ORATIO
1160 121 1311 166 XXIV
1724 122 1834 175 515

141 259 207 311 τὰ
246 265 473 327 μαντεῖα
511 265 694 309 ποιεῖν
733 259 811 310 ἔτι
851 264 960 310 νῦν
999 256 1034 310 ἃ
1071 259 1361 328 πρότερον,
1407 256 1414 327 Ι
1464 258 1555 310 καὶ
1593 266 1709 320 τοῖς
1746 270 1927 314 RH29

142 345 425 415 δεομένοις
463 344 716 414 ἀκοῦσαι,
755 348 813 398 τί
846 353 1139 409 ποιοῦντες
1178 347 1407 415 ἄμεινον
1446 346 1516 400 ἂν
1555 346 1837 416 πράξαιεν,

144 434 325 503 λέγειν
370 453 428 486 τε
478 434 568 487 καὶ
606 434 864 503 μηνύειν,
920 434 1089 488 οὐδὲν
1136 435 1241 505 γὰρ
1288 434 1358 488 ἂν
1413 436 1525 488 ἔδει
1574 450 1663 488 σοι
1709 436 1839 489 νυνὶ

139 525 344 591 βουλῆς
391 522 527 575 οὐδὲ
573 524 908 592 συμβούλων
955 523 1273 592 ἀνθρώπων
1326 522 1453 591 παρ’
1488 524 1674 576 αὐτῶν
1726 533 1838 577 τῶν

139 616 290 664 θεῶν
344 619 439 680 τῆς
492 611 618 681 περὶ
672 621 785 664 τῶν
840 614 1242 681 συμφερόντων
1297 614 1516 681 γνώμης
1571 612 1838 682 ἀφικνου-
1886 634 1906 667 5

137 699 324 769 μένης·
379 698 493 752 ἐπεὶ
543 697 604 753 δὲ
650 702 716 753 τὰ
761 698 864 767 μὲν
910 703 1163 769 σεσίγηκε
1213 701 1304 753 καὶ
1359 704 1660 769 πεποίηκεν
1710 701 1839 755 ἀτυ-

136 787 398 859 χεστέραν
436 790 538 858 τὴν
577 797 699 858 γῆν,
748 790 826 852 εἰς
866 790 927 842 δὲ
967 789 1364 860 ἀνθρωπίνους
1402 787 1498 859 ἧκε
1538 793 1838 860 λογισμοὺς

136 876 170 944 ἡ
210 887 324 930 τῶν
371 880 771 948 συμφερόντων
827 878 1067 947 εὕρεσις,
1122 878 1368 948 ἀνάσχου
1415 898 1524 945 μου
1572 879 1699 948 περὶ
1742 889 1838 949 τῆς

134 968 418 1036 παρούσης
463 969 838 1036 κακοπραγίας
884 966 1169 1035 λέγοντος,
1222 964 1263 1020 ὦ
1304 970 1558 1035 βασιλεῦ,
1606 969 1697 1021 καὶ
1744 969 1838 1021 δο-

134 1063 328 1109 κοῦντι
382 1055 484 1125 μέν
529 1076 581 1109 τι
628 1055 812 1125 λέγειν
856 1058 1118 1125 πρόσεχε,
1172 1061 1450 1126 ληροῦντα
1491 1054 1552 1109 δὲ
1591 1064 1687 1125 τῆς
1733 1054 1837 1126 μὲν
1861 1080 1904 1112 10

134 1143 504 1214 προαιρέσεως
559 1144 859 1214 ἀποδέχου,
921 1145 1128 1216 τρέπου
1183 1142 1245 1198 δὲ
1306 1144 1389 1198 ἐπ’
1429 1146 1562 1199 ἄλλο
1617 1166 1669 1199 τι
1723 1155 1836 1200 τῶν

137 1235 425 1286 συνοίσειν
462 1235 794 1302 μελλόντων.

246 1322 294 1374 3.
349 1321 479 1375 Εἰσὶ
526 1319 628 1391 μὲν
678 1319 783 1375 οὖν
823 1326 882 1376 οἳ
922 1330 1295 1392 κατηγοροῦσι
1342 1333 1455 1376 τῶν
1495 1333 1832 1394 στρατηγῶν,

133 1410 310 1481 ἕτεροι
350 1408 411 1463 δὲ
449 1421 561 1464 τῶν
601 1421 968 1481 στρατιωτῶν,
1019 1413 1076 1465 οἱ
1110 1412 1213 1480 μὲν
1251 1410 1478 1465 ἐκείνων
1517 1412 1590 1475 ὡς
1633 1413 1701 1465 οὐ
1739 1430 1832 1466 πε-

132 1501 515 1553 παιδευκότων
553 1502 685 1563 τοὺς
722 1499 814 1553 ὑπ’
848 1501 1054 1568 αὐτοῖς,
1094 1501 1147 1553 οὶ
1181 1501 1243 1553 δὲ
1280 1501 1511 1569 τούτων,
1551 1501 1624 1563 ὡς
1663 1502 1831 1570 φύσει
1856 1522 1898 1557 15

133 1589 350 1657 δειλῶν,
408 1587 516 1656 ἐγὼ
571 1589 634 1641 δὲ
687 1590 1016 1658 αἰσχύνομαι
1076 1589 1177 1656 μὲν
1231 1590 1325 1651 τὰς
1379 1590 1585 1653 πολλὰς
1645 1591 1832 1644 αὐτῶν

130 1678 329 1747 μάχας,
381 1678 711 1746 αἰσχύνομαι
757 1675 820 1731 δὲ
858 1679 957 1732 τὸν
995 1679 1248 1731 θάνατον
1287 1678 1354 1731 ὃν
1393 1686 1690 1748 τηροῦντες
1729 1680 1831 1749 τὴν

130 1765 285 1829 τάξιν
323 1765 597 1835 ἐδέξαντο,
638 1768 968 1836 αἰσχύνομαι
1008 1764 1070 1820 δὲ
1108 1768 1210 1836 τὴν
1249 1768 1436 1836 αἰματι
1474 1774 1831 1837 χρωσθεῖσαν

136 1852 360 1925 Θρᾴκην
404 1856 496 1908 καὶ
534 1857 893 1919 Μακεδονίας
933 1857 1000 1909 οὐ
1041 1858 1242 1926 μικρὸν
1280 1855 1371 1909 καὶ
1412 1865 1508 1925 τῆς
1539 1855 1830 1927 Ἰλλυριῶν

130 1945 232 2012 τὴν
277 1947 502 2013 πολλήν.
579 1945 627 1997 4.
683 1944 822 1998 ἀλλὰ
869 1953 1032 1998 τοῦτο
1080 1945 1182 2012 μὲν
1231 1945 1455 1999 ἀνεῖλον
1501 1948 1700 2016 ὄμβροι
1738 1947 1829 1999 καὶ
1853 1967 1898 2001 20

129 2034 342 2102 χρόνος,
383 2034 645 2098 σώζονται
685 2030 746 2085 δὲ
793 2035 799 2102 Ι
846 2034 905 2086 οἱ
938 2043 1050 2087 τῶν
1088 2034 1267 2087 ὀστῶν
1306 2037 1557 2088 κολωνοί.
1636 2034 1697 2089 ἐν
1733 2047 1916 2092 RH30

131 2122 192 2174 δὲ
224 2131 340 2184 τοῖς
372 2121 554 2185 ὀστοῖς
583 2123 801 2185 τούτοις
834 2121 1045 2176 ε’νεϊναί
1072 2137 1209 2191 φασι
1242 2123 1333 2175 καὶ
1357 2124 1492 2192 <τά>
1523 2123 1830 2194 ταξιαρχῶν

129 2209 220 2263 καὶ
272 2215 524 2279 λοχαγῶν
573 2210 665 2264 καὶ
716 2220 829 2264 τῶν
883 2210 945 2264 ἐν
997 2220 1113 2274 τοῖς
1167 2213 1355 2274 ἄλλοις
1401 2213 1688 2281 σχήμασιν.
1767 2212 1828 2266 ἐν

250 2405 304 2442 13
338 2399 436 2444 zos.
462 2400 526 2445 IV
548 2405 602 2444 -23
738 2405 792 2445 21
826 2402 975 2446 Amm.
1002 2401 1151 2444 XXXI
1177 2406 1216 2456 7,
1237 2406 1313 2455 163
1349 2407 1462 2456 13,6
1586 2407 1641 2446 22
1673 2403 1823 2446 Amm.

128 2458 276 2501 XXXI
303 2463 372 2512 13,
393 2463 448 2502 18
1093 2467 1108 2485 ·

250 2641 272 2679 1
307 2636 372 2680 ἔτι
404 2637 485 2680 καὶ
515 2643 602 2680 νῦν
634 2638 680 2681 Β
813 2642 838 2681 2
870 2637 1131 2694 πράξαιμεν
1163 2639 1240 2682 Βα
1369 2635 1487 2681 3ψᾶν
1519 2652 1594 2682 om
1620 2638 1676 2682 Ol
1699 2638 1824 2683 Fabr

83 2698 106 2717 ⁹
133 2695 137 2753 Ι
174 2709 222 2740 σε
253 2694 378 2738 Fabr
419 2698 426 2752 Ι
469 2702 557 2739 νῦν
588 2697 623 2740 Ι
648 2696 730 2740 sed
760 2696 810 2739 in
842 2698 948 2741 νυνὶ
980 2710 1082 2741 corr
1103 2697 1188 2752 m³‚
1220 2699 1332 2741 ΒΜ
1360 2696 1415 2740 01
1440 2696 1563 2741 Fabr
1684 2702 1709 2741 6
1741 2699 1823 2742 καὶ

126 2751 400 2812 πεποίηκεν]
435 2755 643 2810 „videtur
671 2755 817 2814 ταύτῃ
850 2757 1254 2812 interponendum“
1287 2756 1358 2800 Re
1508 2761 1534 2800 9
1566 2752 1603 2801 ὦ
1635 2758 1821 2815 βασιλεῦ

130 2827 206 2857 om
231 2812 288 2857 Ol
312 2813 435 2857 Fabr
587 2818 638 2857 11
673 2811 719 2858 δ’
746 2814 815 2858 Re
843 2815 849 2871 1
877 2814 1045 2859 ἐπάλλο
1080 2817 1124 2861 V
1269 2819 1322 2858 16
1356 2831 1396 2859 ει
1426 2814 1477 2858 in
1509 2817 1672 2860 δειλῶν
1704 2830 1760 2860 ex
1790 2833 1820 2872 η

129 2887 231 2916 corr
263 2872 390 2917 V²1⁸
601 2877 656 2916 17
703 2873 782 2916 αἰσ
813 2873 984 2929 ύνομαι
1012 2901 1071 2907 -
1106 2879 1159 2918 18
1193 2873 1409 2926 ἐδέξαντο
1455 2873 1505 2917 in
1536 2887 1672 2931 marg
1705 2874 1765 2918 Cf

130 2936 185 2974 22
217 2931 275 2975 τὰ
306 2931 483 2975 inserui
515 2933 703 2976 auctore
735 2931 798 2976 Co
834 2935 908 2977 eto
935 2932 1048 2976 Coll.
1070 2938 1154 2976 120
1183 2936 1188 2989 Ι
1214 2932 1475 2989 ταξιάρχων
1511 2932 1717 2978 VCobet

1465 3007 1552 3050 33*
