2060 3162
603 187 827 231 LIBANII
858 186 1079 231 ORATIO
1111 187 1259 230 XVIII
1669 186 1776 237 365

107 326 285 396 λοιμοὶ
322 326 656 395 «φθείροντες
711 322 911 389 ὁμοίως
963 321 1296 392 ἀνθρώπους
1341 341 1398 374 τε
1444 320 1534 374 καὶ
1581 323 1779 389 βοσκή-

105 436 263 484 ματα,
302 415 373 476 ὡς
413 413 513 466 οὐκ
552 412 620 465 ὃν
654 410 817 480 θέμις
847 409 1061 464 ἐκείνου
1093 412 1491 480 μεθεστηκότος
1522 409 1779 463 εὐθενεῖν

107 507 172 558 τὰ
208 504 333 574 περὶ
373 510 491 570 γῆν.

219 591 338 644 294.
386 591 452 642 Τί
480 585 582 642 οὖν
616 590 959 657 θαυμαστόν,
999 592 1055 641 εἴ
1085 607 1168 650 τις
1206 589 1416 641 τούτων
1454 590 1631 642 ὄντων
1669 606 1779 640 τοι-

108 683 302 748 ούτων,
342 680 523 746 ὥσπερ
565 675 687 745 ἐγώ,
726 679 919 746 ζημίαν
956 676 1167 744 ἡγεῖται
1204 677 1265 728 τὸ
1305 679 1460 745 μήπω
1500 676 1779 729 τεθνάναι.
1827 695 1846 728 5

107 771 283 823 καίτοι
332 765 501 834 ἔγωγε
546 767 675 828 τοὺς
727 767 897 827 θεοὺς
941 763 1133 834 ἠξίουν
1180 764 1245 817 οὐ
1292 766 1459 834 ταύτῃ
1506 766 1782 833 γεραίρειν

107 859 204 911 τὸν
242 855 566 924 θαυμαστὸν
604 852 834 922 ἐκεῖνον,
873 852 1010 906 ἀλλὰ
1038 854 1251 906 παίδων
1283 852 1492 921 γενέσει
1522 854 1611 905 καὶ
1642 855 1784 923 γήρᾳ

107 949 272 1015 βαθεῖ
325 945 413 998 καὶ
466 946 624 1013 μήκει
677 944 969 1010 βασιλείας.
1052 941 1174 995 295.
1237 941 1373 995 ἀλλὰ
1427 943 1631 995 Λυδῶν
1683 939 1784 1009 μὲν

109 1038 365 1103 βασιλεῖς,
404 1029 446 1086 ὦ
486 1036 612 1100 Ζεῦ,
652 1030 864 1100 σπέρμα
898 1031 903 1098 Ι
941 1031 1126 1098 Γύγου
1166 1031 1267 1099 τὴν
1305 1038 1457 1100 χεῖρα
1497 1031 1562 1083 οὐ
1601 1050 1693 1083 κα-
1725 1043 1870 1086 R622

108 1128 309 1193 θαροῦ,
348 1121 376 1175 ὁ
415 1118 517 1190 μὲν
558 1122 634 1183 εἰς
672 1117 763 1188 ἔτη
811 1124 1096 1189 προῆλθεν
1134 1117 1296 1172 ἐννέα
1340 1119 1429 1171 καὶ
1475 1120 1784 1187 τριάκοντα,
1809 1141 1851 1173 10

108 1211 138 1265 ὁ
179 1207 239 1263 δὲ
278 1212 355 1273 εἰς
394 1208 526 1262 ἑπτὰ
572 1207 662 1263 καὶ
701 1210 1038 1277 πεντήκοντα
1080 1206 1171 1260 καὶ
1211 1207 1374 1271 αὐτὸς
1412 1204 1473 1260 δὲ
1511 1206 1717 1270 ἐκεῖνος
1755 1206 1785 1261 ὁ

110 1299 382 1367 δυσσεβὴς
430 1299 742 1368 δορυφόρος
789 1298 866 1359 εἰς
913 1298 1075 1350 δυοῖν
1130 1294 1328 1350 δέοντα
1375 1296 1787 1366 τετταράκοντα,

111 1389 287 1459 τούτῳ
328 1384 388 1439 δὲ
426 1388 614 1456 τρίτου
653 1386 1049 1457 προσάψασθαι
1086 1387 1259 1452 μόνον
1294 1383 1383 1438 ἐπὶ
1414 1392 1511 1438 τοῦ
1543 1387 1788 1452 μείζονος

111 1478 325 1547 θρόνου
366 1475 621 1543 δέδωκας,
662 1475 728 1528 ὃν
768 1475 879 1527 ἔδει
916 1475 1188 1541 πλείονος,
1227 1474 1276 1526 εἰ
1310 1470 1370 1526 δὲ
1400 1476 1491 1542 μή,
1529 1474 1689 1542 μήτοι
1727 1492 1788 1541 γε

111 1563 399 1627 ἐλάττονος
437 1564 469 1633 ἢ
509 1567 702 1634 Κῦρον
740 1564 838 1616 τὸν
874 1561 1047 1630 μέγαν
1086 1561 1313 1626 ἀξιῶσαι
1343 1563 1546 1631 χρόνου
1584 1563 1651 1615 τὰ
1688 1580 1788 1615 πα-
1813 1584 1854 1616 15

113 1653 286 1723 τέρων
324 1653 414 1706 καὶ
453 1652 623 1705 αὐτὸν
662 1652 798 1720 πρὸς
835 1653 964 1713 τοὺς
1003 1649 1340 1720 ἀρχομένους
1376 1652 1717 1720 τετηρηκότα.

225 1742 345 1794 296.
383 1739 540 1792 Ἀλλὰ
579 1741 681 1810 γὰρ
722 1739 986 1808 ἐννοήσας
1023 1740 1125 1807 τὴν
1162 1737 1471 1808 ἐπιτίμησιν
1508 1733 1542 1808 ᾗ
1580 1748 1692 1792 τῶν
1729 1737 1790 1792 ἑν

115 1838 179 1899 τῇ
219 1838 390 1899 σκηνῇ
432 1829 789 1897 δακρυόντων
819 1830 1126 1897 καθήψατο,
1164 1823 1256 1880 καὶ
1286 1835 1394 1880 νῦν
1425 1827 1594 1882 αὐτὸν
1625 1827 1790 1897 ἡγοῦ-

116 1938 210 1987 μαι
257 1918 357 1985 τὴν
403 1915 463 1969 ἐν
508 1923 582 1988 τῷ
626 1919 819 1988 θρήνῳ
871 1917 1066 1986 μερίδα
1103 1924 1202 1968 τοῦ
1243 1917 1414 1983 λόγου
1452 1915 1791 1985 μέμψασθαι,

117 2008 209 2058 καί
250 2025 342 2074 μοι
389 2007 540 2057 δοκεῖ
583 2003 688 2057 κᾶν
734 2006 900 2074 δεῦρο
946 2005 1231 2071 εἰσελθών,
1279 2005 1429 2074 εἴπερ
1477 2003 1627 2073 ἐνῆν,
1680 2024 1791 2058 τοι-
1814 2026 1857 2058 20

236 2154 289 2193 10
320 2150 476 2206 Ἄρὸυς
497 2149 619 2207 (Hor.
633 2150 654 2193 Ι
672 2153 743 2206 16)
859 2156 911 2194 11
932 2147 1173 2206 Ἀλυάττης
1196 2149 1318 2207 (Her.
1332 2149 1354 2193 I
1372 2151 1445 2205 25)
1561 2155 1614 2194 12
1642 2150 1793 2208 Γύγης

118 2209 239 2266 (Her.
266 2209 286 2251 Ι
319 2214 387 2263 14,
405 2210 447 2263 3)
571 2213 623 2252 15
655 2208 806 2252 Her.1
839 2213 981 2264 214‚2

235 2347 259 2384 2
295 2338 347 2385 ὃν
378 2342 563 2398 reposui
595 2355 620 2385 e
651 2341 781 2385 libris
843 2340 901 2385 ἂν
933 2341 1023 2386 edd
1050 2344 1056 2398 Ι
1083 2340 1221 2398 θέμις
1251 2355 1276 2385 e
1306 2340 1448 2397 θέμιν
1480 2355 1581 2385 corr
1606 2341 1650 2385 V
1677 2342 1684 2399 Ι
1719 2342 1792 2385 εὐ-

117 2404 276 2444 θενεῖν
312 2401 350 2445 0
375 2401 424 2444 in
455 2402 586 2444 bextu
624 2401 705 2444 sed
735 2418 763 2458 η
797 2414 936 2458 supra
967 2417 988 2445 ε
1019 2415 1117 2458 pos.
1140 2415 1176 2454 s,
1217 2402 1264 2445 et
1294 2400 1342 2444 in
1365 2414 1498 2456 marg
1520 2415 1577 2454 m,
1639 2401 1686 2444 P
1713 2400 1795 2443 sed

118 2462 207 2503 θεν
239 2459 287 2502 in
311 2473 384 2502 ras
416 2459 498 2513 m³‚
531 2461 561 2503 1
589 2459 671 2503 sed
693 2462 731 2503 θ
756 2474 856 2504 con·
888 2474 912 2504 e
944 2463 1008 2503 σθ
1030 2460 1114 2515 m²‚
1148 2460 1231 2505 Mo
1296 2460 1516 2516 εὐθηνεῖν
1547 2459 1597 2502 in
1629 2459 1792 2503 εὐσθε-

119 2525 217 2562 νεῖν
242 2532 341 2561 corr
367 2519 409 2562 V
485 2518 724 2563 εὐσθενεῖν
749 2520 988 2565 BMLaU
1004 2519 1094 2563 edd
1215 2523 1241 2562 4
1268 2518 1445 2562 τούτων
1470 2516 1616 2561 ὄντων
1641 2531 1665 2561 e
1687 2518 1794 2563 τού-

119 2593 209 2620 των
234 2590 333 2620 corr
357 2578 388 2621 I
504 2581 529 2620 5
553 2574 718 2650 ζημίαν
741 2579 787 2622 Ρ
815 2579 896 2621 sed
920 2595 980 2622 αν
1002 2577 1052 2621 in
1073 2591 1150 2621 ras
1173 2577 1244 2621 m³
1363 2581 1387 2619 9
1418 2572 1453 2620 ὦ
1481 2579 1569 2621 Ζεῦ
1596 2577 1796 2635 βασιλεῖς

130 2636 174 2679 V
319 2640 372 2679 10
413 2650 750 2691 τετταρακοντα
783 2650 838 2680 ex
868 2636 1102 2681 Herodoto
1135 2635 1429 2680 scribendum
1460 2635 1561 2690 erit,
1595 2635 1651 2679 cf.
1676 2635 1792 2679 Mus.

121 2694 266 2738 Rhen.
291 2694 460 2738 XXXII
483 2699 553 2749 92,
584 2693 675 2738 nisi
705 2695 975 2739 memoriam
1017 2695 1284 2741 destituisse
1315 2693 1562 2738 Libanium
1591 2696 1795 2738 statuere

121 2753 266 2797 mavis
388 2758 440 2797 11
474 2752 498 2796 ὁ
532 2751 583 2797 δὲ
608 2779 662 2785 -
687 2752 972 2808 πεντήκοντα
1002 2754 1052 2798 in
1074 2768 1208 2811 marg
1233 2752 1340 2798 Mo²
1475 2758 1528 2797 14
1560 2753 1602 2797 εἰ
1627 2754 1689 2796 Μ
1714 2752 1796 2796 sed

123 2809 151 2867 ἢ
183 2825 418 2869 supi-apos.
442 2811 512 2855 m²
539 2812 545 2869 Ι
572 2811 623 2855 δὲ
649 2812 695 2855 Ρ
721 2811 803 2855 sed
826 2812 846 2856 ὲ
869 2812 940 2856 m³
998 2811 1044 2856 δ’
1065 2815 1101 2858 I
1117 2813 1199 2858 sed
1221 2810 1234 2826 ’
1259 2811 1328 2855 m²
1387 2810 1446 2868 δὴ
1469 2812 1541 2868 ΠἸ
1568 2811 1649 2870 μή]
1673 2812 1797 2856 inser

127 2869 264 2914 G²P³
332 2867 415 2915 οὖν
445 2871 495 2914 in
525 2883 600 2914 ras
635 2875 656 2913 1
690 2869 769 2914 litt
794 2870 852 2914 Ι*
919 2886 995 2915 om
1017 2871 1186 2927 reliqui
1209 2871 1318 2914 libri
1497 2875 1551 2915 16
1585 2870 1650 2921 εἰς
1681 2872 1740 2915 Μ

129 2932 182 2971 17
215 2925 244 2982 ἧ
275 2931 310 2973 Ι
333 2929 414 2973 sed
437 2932 457 2942 ’”
490 2929 539 2972 in
570 2942 644 2972 ras
674 2929 744 2972 m³
805 2927 1013 2987 ἣΖαΠΙ
1039 2937 1132 2974 τῶν
1164 2929 1213 2974 ἐν
1244 2929 1294 2973 in
1324 2941 1398 2972 ras
1431 2929 1502 2973 Ρ8
1621 2934 1677 2972 20
1709 2926 1796 2972 κᾶν

124 2987 309 3042 reposui
340 3001 365 3031 e
395 2987 528 3031 libris
589 2985 648 3031 ἂν
681 2987 771 3031 edd
