2060 3162
661 101 888 146 LIBANH
920 100 1143 147 ORATIO
1175 101 1260 146 XX
1705 102 1810 156 431

130 237 160 291 ὁ
198 236 302 307 μέν
338 258 401 307 γε
443 240 643 306 Θήβας,
684 236 974 307 ἐπειδήπερ
1015 236 1352 307 ἐλευθερίας,
1391 238 1462 306 ἥν
1499 235 1620 290 ποτ’
1654 233 1815 306 εἶχεν,

133 326 482 396 ἐπεθύμησεν
506 325 538 394 ἡ
562 327 737 392 πόλις,
763 325 1036 379 ἀνέσπασε
1060 327 1226 379 πόλιν
1249 325 1513 390 ψευδέσιν
1538 325 1817 393 ἀγγελίαις

130 415 525 484 ἀπατηθεῖσαν,
589 414 617 467 ὃ
672 414 777 468 κᾶν
830 408 909 478 εἷς
961 415 1098 484 ἀνὴρ
1161 415 1335 468 πάθοι
1391 415 1619 468 σύνεσιν
1671 413 1817 485 ἔχειν

130 505 332 558 δοκῶν·
395 506 465 556 σὺ
521 501 570 556 δ’
602 503 721 557 οὐδ’
754 503 891 556 ὅσον
944 505 1022 566 εἰς
1075 505 1312 557 οἰκίδιον
1365 511 1527 557 τοῦτο
1582 505 1817 573 ἔδρασας

128 592 405 662 ἡμέτερον.
481 592 510 645 ὁ
558 592 620 645 δὲ
665 593 810 661 πλὴν
855 601 984 661 μιᾶς
1030 594 1205 655 οἰκίας
1252 600 1346 660 τῆς
1386 593 1675 661 Πινδάρου
1714 594 1816 662 τὴν
1861 613 1883 647 5

129 682 302 749 ἄλλην
339 682 595 735 καθελὼν
633 683 798 734 πόλιν
837 682 926 734 καὶ
965 682 1142 753 τούτῳ
1181 684 1410 750 τιμήσας
1446 682 1545 734 τὸν
1582 683 1816 750 ποιητὴν

128 772 368 823 καλλίων
417 769 486 823 ἂν
536 765 605 837 ἦν
657 770 756 840 ὅλῃ
811 778 875 840 τῇ
925 772 1083 823 πόλει
1136 774 1369 839 τιμήσας,
1416 770 1515 822 τὸν
1567 772 1816 838 ποιητήν.

128 857 318 929 ἐκείνῳ
357 878 414 912 τε
468 860 570 928 γὰρ
619 861 816 929 ἔπρεπε
865 859 1062 912 δοῦναι
1108 867 1376 912 τοσοῦτον
1429 858 1520 911 καὶ
1566 865 1640 931 τῷ
1675 864 1815 913 Πιν-

129 947 277 1019 δάρῳ
320 949 522 1015 λαβεῖν.
599 957 725 1017 μιᾶς
773 948 834 1002 δὲ
886 949 1062 1010 οἰκίας
1108 946 1346 1016 ἑστώσης
1392 947 1453 1000 ἐν
1498 949 1656 1001 πόλει
1707 968 1815 1001 κει-

127 1035 260 1106 μένῃ
301 1038 358 1089 τί
391 1037 452 1089 τὸ
491 1035 686 1102 κέρδος
723 1036 756 1104 ἢ
796 1045 860 1107 τῇ
899 1038 1056 1090 πόλει
1094 1035 1222 1105 παρ’
1254 1035 1462 1104 ἐκείνης
1504 1036 1537 1105 ἢ
1577 1037 1713 1107 αὐτῇ
1755 1057 1816 1105 γε
1840 1058 1885 1092 10

128 1123 325 1195 ἐκείνῃ,
363 1125 435 1193 ἣν
475 1124 596 1178 οὐδ’
627 1124 696 1178 ἂν
736 1127 910 1181 οἰκεῖν
942 1126 970 1178 ὁ
1006 1126 1271 1193 δεσπότης
1302 1123 1364 1178 ἐν
1394 1126 1669 1188 τοιούτοις
1699 1134 1816 1189 τοῖς

128 1212 251 1283 περὶ
292 1214 465 1282 αὐτὴν
502 1211 639 1283 ἔχοις

240 1303 325 1355 23.
379 1301 538 1356 Ἀλλὰ
589 1304 698 1372 μὴν
746 1305 885 1373 πρός
939 1322 1000 1371 γε
1050 1304 1151 1371 τὴν
1204 1305 1483 1356 δοκοῦσαν
1532 1306 1814 1357 Φιλίππου

128 1394 561 1461 φιλανθρωπίαν
605 1391 729 1460 περὶ
775 1395 906 1455 τοὺς
953 1392 1183 1456 ἁλόντας
1221 1391 1547 1461 Ἀθηναίων,
1593 1391 1671 1446 ὅτ’
1700 1392 1815 1462 319-

50 1472 55 1479 ⁵
129 1489 289 1548 γαῖον
318 1489 576 1549 κατῆγον,
609 1482 676 1535 οὐ
708 1483 948 1550 χαλεπὸν
979 1481 1272 1550 ἀντειπεῖν,
1305 1482 1378 1544 ὡς
1402 1482 1504 1534 οὐκ
1536 1487 1618 1550 εἴη
1649 1490 1813 1535 τοῦτο
1838 1502 1882 1536 15

129 1572 538 1639 φιλανθρωπία.
615 1577 714 1623 τοῦ
761 1571 1096 1639 θεραπεύειν
1134 1571 1237 1639 γὰρ
1282 1568 1603 1638 Ἀθηναίους
1649 1570 1814 1638 ἀνάγ-

128 1678 232 1726 κην
278 1660 419 1727 ἔχων
463 1660 563 1727 τὴν
609 1658 906 1712 ἀσθένειαν
976 1657 983 1729 Ι
1056 1658 1227 1712 αὑτοῦ
1275 1657 1372 1721 οὓς
1416 1657 1588 1727 ἡδέως
1633 1658 1704 1711 ἂν
1753 1671 1795 1715 R
1817 1676 1904 1717 664

249 1837 274 1875 5
308 1832 364 1876 ef.
390 1848 434 1889 p.
455 1837 526 1888 99,
545 1837 612 1876 21.
660 1832 733 1876 Di.
763 1832 919 1888 Chrys.
946 1833 1069 1877 0211
1098 1849 1143 1890 p.
1171 1838 1226 1877 83
1243 1834 1296 1877 R.
1352 1833 1657 1878 An.Anab.1
1681 1803 1810 1887 9,1*0.

129 1891 483 2007 ξρέὺὺξέἕοθω.
508 1891 640 1935 Pind.
669 1897 765 1946 §28
891 1897 945 1935 14
978 1892 1033 1936 cf.
1061 1892 1121 1936 ad
1152 1908 1196 1949 p.
1217 1897 1316 1946 136,
1336 1897 1436 1949 7sq.
1474 1892 1567 1936 Vit.
1584 1892 1713 1936 Dem.
1742 1898 1766 1947 ξ
1786 1898 1811 1937 5

247 2104 272 2141 5
319 2097 583 2157 Πινδάρου]
617 2097 751 2143 Διότι
788 2099 870 2143 τὸν
901 2097 1189 2156 πρόπαππον
1230 2100 1373 2144 αὐτοῦ
1401 2097 1701 2155 Ἀλέξανδρον
1730 2100 1812 2144 τὸν

128 2158 209 2202 καὶ
249 2156 497 2214 φιλέλληνα
535 2157 769 2215 κληθέντα
808 2157 1028 2217 ἐπῄνεσεν
1060 2158 1277 2203 P²I²B²
1308 2159 1363 2203 cf.
1390 2159 1462 2203 Di.
1490 2158 1647 2215 Chrys.
1673 2158 1749 2202 1.1.

247 2324 275 2363 4
304 2327 411 2364 τοῦτ
417 2317 519 2364 'Re
639 2325 777 2377 ὁτῆς
801 2347 856 2353 —
882 2325 907 2364 9
941 2319 1092 2373 οἰκίας
1114 2322 1163 2365 in
1187 2335 1321 2379 marg
1338 2323 1410 2365 Pa
1531 2326 1556 2364 5
1587 2320 1672 2377 τὴν
1696 2321 1810 2376 Mor,

131 2381 233 2433 at,
238 2380 399 2434 ‚scribe
441 2383 557 2435 τῆς“
600 2381 726 2425 (Ioni.
759 2395 804 2436 p.
832 2385 885 2424 31
1070 2386 1094 2424 6
1139 2379 1218 2437 όλη
1223 2398 1250 2424 ν
1294 2381 1366 2424 Ρα
1416 2382 1420 2437 Ι
1470 2387 1605 2424 τοῦτο
1640 2380 1742 2423 Mor

129 2435 384 2483 ’ἵκαλλίων
416 2464 471 2470 -—
502 2438 699 2511 ποιητήν
732 2453 806 2483 om
832 2440 876 2483 V
1004 2444 1029 2483 9
1063 2440 1134 2514 δὲ]
1166 2439 1254 2497 γὰρ
1277 2439 1419 2483 ΙΒΜ
1547 2443 1601 2482 10
1632 2437 1660 2494 ἢ
1694 2438 1813 2494 αὐτή

129 2513 180 2553 ys
213 2494 363 2553 ἐκείνη
396 2497 431 2540 Ι
569 2498 637 2542 Re
778 2503 829 2541 11
863 2500 970 2555 post
1002 2497 1155 2555 ἐκείνη
1166 2457 1356 2542 ylacuna
1388 2501 1501 2541 8-9
1534 2497 1612 2541 litt
1643 2498 1686 2541 V
1718 2502 1724 2553 Ι
1751 2496 1811 2553 ἣν

128 2556 196 2599 Re
219 2556 360 2599 Anim
496 2555 577 2611 μὲν
605 2557 775 2602 OATB
800 2556 902 2600 Mor
961 2552 990 2611 ἧ
1016 2573 1065 2614 ys
1089 2559 1167 2604 ΡΙ
1192 2558 1274 2601 sed
1305 2557 1354 2600 in
1377 2557 1449 2600 his
1474 2573 1523 2614 ys
1554 2557 1605 2600 in
1627 2570 1704 2600 ras
1726 2556 1810 2611 m²‚

137 2615 181 2659 U
244 2608 273 2688 ᾖ
297 2614 354 2670 δὴ
382 2602 455 2657 M
506 2612 534 2670 ἣ
560 2615 643 2671 μὲν
675 2617 749 2660 Ρα
820 2630 896 2660 om
929 2617 973 2660 V
1015 2621 1020 2671 Ι
1064 2617 1113 2661 ἐν
1143 2616 1371 2666 τοιούτοις
1400 2623 1498 2666 τοῖς
1527 2616 1567 2659 Τ
1634 2616 1685 2661 ἐν
1715 2623 1812 2666 τοῖς

128 2689 356 2724 τοιουτοις
386 2673 555 2729 reliqui
584 2673 694 2717 libri
726 2674 808 2717 sed
838 2692 865 2720 ν
895 2682 993 2727 τοῖς
1021 2692 1094 2719 τοι
1132 2676 1181 2719 in
1212 2689 1287 2719 ras
1311 2674 1368 2718 1²
1406 2677 1412 2732 Ι
1450 2682 1547 2727 τοῖς
1577 2689 1652 2719 om
1675 2676 1750 2720 Pa

133 2737 187 2776 13
219 2733 280 2789 μὴ
311 2732 414 2776 Mor
534 2736 590 2776 14
622 2731 986 2805 φιλανθρωπίαν
1020 2732 1252 2779 Φιλίππου
1283 2734 1384 2777 Mor
1444 2731 1809 2790 φιλανθρωπίαν

130 2792 165 2834 I
189 2791 270 2835 sed
301 2794 508 2846 ιλανθρω
539 2791 589 2834 in
618 2805 694 2835 ras
718 2790 787 2835 m*
813 2794 820 2847 Ι
843 2788 1124 2848 Ἀθηναίους
1153 2793 1254 2836 Mor
1434 2798 1512 2837 15
1533 2799 1736 2850 κατῆγον
1769 2793 1814 2835 Ρ

132 2850 212 2893 sed
242 2867 300 2907 ny
331 2850 381 2893 in
410 2863 486 2894 ras
517 2850 587 2894 m⁴
613 2852 619 2907 Ι
647 2866 697 2906 ys
727 2851 836 2906 post
865 2858 999 2895 τοῦτο
1030 2852 1155 2896 inser
1182 2852 1239 2896 1³
1263 2851 1331 2895 Re
1483 2857 1534 2896 17
1581 2851 1696 2909 ἔχων
1728 2851 1808 2895 διὰ

130 2907 215 2964 τὴν
239 2910 312 2953 Ρα
362 2910 367 2966 Ι
417 2910 560 2953 αὐτοῦ
592 2910 942 2954 ΑΡΙΡαΤΒΜ
959 2910 1062 2954 Mor
1122 2917 1265 2955 αυτοῦ
1299 2910 1342 2954 U
