2060 3162
704 111 948 156 LIBANH‘
964 111 1188 157 ORATIO
1220 112 1370 157 xvm
1756 112 1860 165 297

182 249 352 320 θέρας
388 246 654 319 γενέσθαι
690 249 786 311 τὰς
823 250 1026 317 πόλεις,
1065 247 1428 318 ἐφεστηκότος
1466 245 1527 302 δὲ
1564 255 1663 301 τοῦ
1695 255 1866 301 ταῦτα

182 347 363 399 ποιεῖν
409 339 627 406 ἔχοντος
677 337 778 390 οὐκ
826 333 897 405 ἦν
947 337 1290 391 ἀναπνεῦσαι
1339 343 1610 407 καθαρῶς.
1686 335 1802 390 ἀλλ’
1835 335 1865 390 ὁ

181 424 283 498 μὲν
327 425 602 494 ἐβάλλετο,
655 425 683 478 ὁ
731 423 793 478 δὲ
838 428 1043 495 ἔμελλε,
1092 427 1183 479 καὶ
1227 433 1303 498 τῷ
1343 446 1405 494 γε
1450 427 1522 495 μὴ
1561 425 1866 497 πεισομένῳ

182 517 243 569 τὸ
289 516 580 568 πείσεσθαι
624 516 944 584 προσδοκᾶν
990 514 1111 568 ἀντὶ
1161 523 1260 568 τοῦ
1307 521 1514 569 παθεῖν
1551 517 1866 568 καθίστατο.

186 604 303 657 143.
365 613 476 656 τῶν
527 605 722 656 τοίνυν
776 603 1034 673 ἀγγάρων
1090 605 1333 672 ἡμιόνων
1386 611 1450 674 τῇ
1504 623 1562 656 τε
1614 606 1868 674 συνεχείᾳ
1914 625 1935 656 5

181 703 292 747 τῶν
328 695 517 746 πόνων
554 691 645 746 καὶ
683 699 757 766 τῷ
796 695 926 756 τοὺς
964 694 1086 763 ἄρτι
1126 692 1399 762 ῥηθέντας
1444 694 1539 756 τὰς
1576 690 1678 761 μὲν
1716 696 1868 759 λιμο-
1952 678 1954 680 V

181 790 413 850 κτονεῖν,
475 781 662 845 αὑτοῖς
716 779 776 835 δὲ
830 788 905 853 τῷ
960 780 1184 835 ’κείνων
1244 785 1383 854 λιμῷ
1437 782 1870 852 παρασκευάζειν

183 871 439 941 Σύβαριν
456 902 511 908 -
530 869 702 923 ἐποίει
728 867 788 923 δὲ
812 873 993 923 πολὺν
1020 872 1119 923 τὸν
1141 873 1320 924 πόνον
1343 869 1436 923 καὶ
1460 871 1527 924 τὰ
1550 878 1721 941 νεῦρα
1746 863 1870 922 οἷον

181 957 425 1028 ἐξέτεμνε
462 960 522 1012 τὸ
561 966 636 1032 τῷ
668 959 990 1032 βουλομένῳ
1030 957 1228 1030 ῥᾴδιον
1267 956 1410 1013 εἶναι
1449 957 1708 1025 ζεύξαντα
1755 961 1870 1023 ζεῦ-

181 1067 277 1116 γος
323 1047 576 1101 ἐλαύνειν
624 1047 716 1102 καὶ
761 1049 963 1101 ταύτὸν
1010 1049 1291 1102 δύνασθαι
1336 1047 1604 1118 βασιλέως
1649 1067 1707 1101 τε
1744 1048 1868 1118 περὶ
1894 1069 1936 1101 10

180 1144 351 1190 ταῦτα
396 1138 487 1190 καὶ
532 1142 814 1206 πευθῆνος
864 1138 1167 1208 γράμματα.
1246 1138 1332 1191 διὸ
1381 1146 1575 1207 στῆναι
1619 1133 1722 1206 μὲν
1768 1136 1871 1189 οὐκ

182 1221 252 1293 ἧν
290 1223 421 1279 οὐδὲ
460 1227 659 1296 μικρὸν
698 1223 830 1280 οὐδὲ
877 1226 1186 1280 ἀπολαῦσαι
1226 1227 1460 1295 φάτνης,
1509 1227 1542 1295 ἡ
1587 1226 1767 1294 πληγὴ
1809 1221 1871 1278 δὲ

183 1302 535 1368 ἀσθενοῦσαν
573 1315 675 1368 οὐκ
714 1315 906 1384 ἀνίστη
954 1316 1092 1386 πρὸς
1137 1317 1363 1385 δρόμον,
1410 1316 1522 1368 ἔδει
1561 1311 1623 1368 δὲ
1662 1319 1871 1367 εἴκοσιν

182 1402 215 1471 ἢ
255 1401 343 1456 καὶ
383 1405 656 1456 πλειόνων
693 1405 830 1473 πρὸς
868 1402 1016 1467 ἕλξιν
1054 1404 1339 1473 ὀχήματος,
1379 1405 1435 1456 αἱ
1474 1403 1674 1457 πολλαὶ
1713 1399 1775 1455 δὲ
1814 1402 1870 1455 αἱ

182 1489 285 1561 μὲν
324 1492 446 1561 ἄρτι
485 1495 743 1545 λυθεῖσαι
773 1495 1074 1545 πίπτουσαι
1107 1491 1114 1563 Ι
1150 1495 1446 1561 ἔθνησκον,
1485 1493 1541 1545 αἱ
1574 1489 1636 1545 δὲ
1665 1492 1773 1544 ὑπὸ
1806 1504 1848 1547 Β,
1872 1508 1958 1547 570

182 1587 257 1652 τῷ
309 1583 450 1653 ζυγῷ
494 1581 626 1650 πρὶν
671 1579 704 1649 ἢ
752 1585 994 1649 λυθῆναι
1035 1612 1104 1619 —-
1144 1575 1261 1652 κᾷτ’
1293 1580 1560 1634 ἐκωλύετο
1611 1581 1712 1648 μὲν
1758 1579 1866 1632 ἀπὸ
1894 1601 1936 1634 16

184 1677 283 1722 τοῦ
322 1670 580 1722 τοιούτου
613 1671 678 1722 τὰ
711 1671 944 1738 δεόμενα
974 1670 1189 1739 τάχους,
1228 1671 1329 1738 τὴν
1364 1671 1578 1738 βλάβην
1610 1666 1671 1722 δὲ
1702 1669 1871 1722 πάλιν

186 1760 263 1820 εἰς
301 1758 591 1827 χρημάτων
629 1760 798 1826 λόγον
838 1759 899 1811 αἱ
932 1760 1118 1821 πόλεις
1157 1757 1427 1828 ἐδέχοντο.
1508 1758 1627 1811 144.
1669 1766 1769 1810 τοῦ
1810 1754 1871 1810 δὲ

305 1908 331 1947 8
355 1904 475 1947 Plat.
492 1917 587 1960 rep.
606 1903 669 1947 ΠΙ
691 1918 735 1960 p.
755 1903 887 1947 411B
1011 1909 1065 1948 18
1097 1903 1241 1948 Thue.
1265 1904 1329 1947 ΠΙ
1345 1908 1414 1947 46.
1477 1903 1606 1948 Dem.
1633 1919 1677 1960 p.
1697 1908 1796 1958 385,
1817 1909 1866 1946 11

305 2043 330 2081 5
375 2037 616 2095 ἄγγαροι
647 2035 858 2094 λέγονται
898 2037 942 2081 οἱ
975 2039 1025 2083 ἐκ
1066 2041 1289 2095 διαδοχῆς
1326 2034 1710 2110 γραμματοφόροι
1745 2035 1812 2080 V²

185 2097 389 2154 ἄγγαρος
418 2097 499 2140 καὶ
530 2094 755 2154 ἀγγαρεία
786 2096 815 2152 ἡ
841 2095 1039 2153 δημοσία
1063 2098 1144 2142 καὶ
1168 2095 1405 2153 ἀναγκαία
1431 2099 1637 2141 δουλεια·
1674 2095 1871 2153 ἅγγαροι

187 2157 267 2200 καὶ
297 2155 342 2200 οἱ
374 2155 424 2200 ἐκ
456 2159 679 2213 διαδοχῆς
707 2156 1091 2213 γραμματοφόροι
1122 2155 1191 2201 Β2

306 2280 328 2318 1
362 2281 553 2318 τοιαῦτα
585 2274 680 2330 (Βα
713 2275 775 2328 et)
808 2287 832 2318 e
862 2282 1010 2318 ταῦτα
1041 2289 1143 2319 corr
1165 2274 1224 2318 1²
1366 2278 1392 2316 3
1424 2272 1613 2330 ἤμελλεν
1644 2274 1721 2317 La
1748 2275 1753 2330 Ι
1780 2288 1870 2315 πα-

183 2332 324 2379 θόντι
356 2336 415 2378 Μ
445 2334 526 2377 sed
556 2332 812 2390 πεισομένω
843 2333 893 2376 in
916 2347 1050 2391 marg
1123 2331 1386 2392 πεισαμένῳ
1418 2333 1520 2376 Mor
1551 2332 1632 2389 qui
1662 2331 1711 2375 in
1738 2345 1872 2388 marg

183 2393 328 2437 habet
357 2410 412 2450 γρ
437 2390 706 2451 πεισομένῳ,
739 2394 787 2437 et
808 2392 878 2437 Re
998 2397 1025 2435 4
1054 2391 1314 2437 πείθεσθαι
1338 2393 1412 2436 La
1533 2396 1559 2435 5
1591 2390 1708 2447 πρὸς
1737 2397 1792 2448 τῇ
1823 2398 1873 2434 ’τε

186 2451 309 2495 Fabr
429 2457 455 2495 6
478 2449 546 2495 vo*
565 2468 587 2501 ς
610 2465 715 2494 cum
738 2464 813 2495 ras
842 2457 863 2495 1
890 2451 970 2495 litt
995 2452 1039 2496 U
1154 2457 1177 2494 7
1204 2452 1363 2502 αὑτοῖς
1387 2465 1443 2495 ex
1465 2452 1624 2501 αὐτοῖς
1647 2463 1749 2493 corr
1772 2449 1880 2493 P³I

245 2518 404 2562 αυτοῖς
438 2512 483 2556 U
536 2511 696 2561 αὐτοῖς
721 2512 872 2555 ΜοΜ
890 2510 992 2554 Mor
1015 2510 1138 2554 Fabr
1163 2515 1170 2568 Ι
1199 2508 1387 2556 ἐκείνων
1413 2509 1503 2554 edd
1625 2513 1651 2552 8
1685 2506 1788 2554 ἕποι’
1823 2522 1872 2552 σε

188 2569 356 2614 omisso
389 2570 439 2614 δὲ
471 2569 596 2612 Fabr
637 2571 643 2625 Ι
686 2568 739 2614 δὲ
768 2569 819 2613 in
849 2585 899 2627 γε
932 2583 1033 2614 corr
1055 2569 1128 2614 P*
1160 2570 1241 2614 sed
1274 2569 1325 2614 δὲ
1357 2583 1583 2626 suprascr.
1608 2567 1679 2612 m³
1720 2572 1725 2623 Ι
1768 2525 1872 2611 vav

187 2629 233 2672 P
260 2629 342 2673 sed
366 2645 393 2672 ν
417 2628 468 2671 in
490 2641 565 2671 ras
581 2627 651 2670 m³
711 2626 782 2679 οἷς
812 2629 856 2672 U
954 2634 979 2672 9
1005 2625 1127 2674 εἶναι
1151 2643 1226 2672 om
1250 2629 1294 2673 U
1311 2627 1525 2672 inserP⁸
1638 2631 1693 2671 10
1717 2626 1769 2671 δὲ
1787 2628 1873 2670 Mo

247 2693 298 2731 11
333 2688 413 2731 καὶ
443 2687 567 2731 inser
589 2686 649 2730 1²
827 2691 884 2730 14
916 2687 1036 2740 ἕλξιν
1068 2689 1114 2731 Ρ
1142 2688 1222 2731 sed
1254 2690 1300 2732 ελ
1332 2687 1379 2730 in
1403 2700 1478 2730 ras
1502 2687 1572 2729 m³
1661 2686 1734 2739 ξιν
1766 2700 1871 2729 cum

185 2759 347 2790 rasura
379 2751 402 2789 1
436 2746 516 2790 litt
547 2745 636 2802 (ἕῖ)
669 2747 778 2790 ansse
809 2746 833 2799 ξ
868 2746 913 2791 U
1048 2751 1102 2790 16
1133 2750 1195 2805 τῷ
1227 2750 1346 2806 ζυγῷ
1379 2759 1403 2790 e
1434 2746 1486 2789 τὸ
1518 2745 1657 2803 ζυγὸν
1691 2759 1791 2788 corr
1815 2743 1872 2787 1²

243 2805 325 2849 τὸν
355 2805 494 2862 ζυγὸν
520 2806 582 2848 Μ
610 2819 715 2848 oum
745 2803 869 2847 binis
898 2805 1072 2849 rasuris
1097 2819 1237 2862 supra.
1268 2821 1293 2849 ο
1322 2807 1326 2861 Ι
1354 2802 1383 2859 ἢ
1414 2819 1491 2848 om
1517 2804 1671 2849 MPU
1747 2803 1872 2845 inser

186 2863 221 2906 I
227 2862 291 2907 ‘B
319 2878 324 2919 ι
352 2860 724 2926 κᾷτ’-ἐκωλύετο]
757 2863 1064 2908 κατεκωλύετο
1089 2865 1164 2908 La
1187 2864 1289 2908 Mor
1304 2864 1372 2907 Re
1400 2870 1406 2918 Ι
1434 2864 1525 2907 ὑπὸ
1553 2864 1596 2907 V
1711 2866 1764 2906 17
1788 2868 1871 2905 τοῦ

188 2935 263 2965 om
285 2923 362 2967 La
