2072 3162
718 138 945 182 LIBANII
976 137 1199 183 ORATIO
1231 138 1315 182 XV
1764 139 1869 192 119

181 277 686 340 Architypoqraphum
731 279 847 339 Req.
879 278 1135 327 MDCXI.
1212 279 1327 326 Non
1371 280 1475 327 sine
1520 278 1669 339 Reyis
1712 280 1872 339 privi-

177 354 343 413 leyi0.“
416 352 667 400 Praefatio
707 352 936 400 editionis
969 353 1183 401 Henrico
1211 352 1474 408 Borbom'0,
1515 352 1682 400 Primo
1723 352 1870 400 Prin-

178 428 273 486 εἰμ’
325 427 577 486 primoque
629 427 751 474 Pari
803 426 1051 474 Franciac
1112 426 1365 474 dedicatae
1428 426 1706 488 subscripta
1767 429 1870 474 est:

178 500 399 548 Lutetiae
437 500 600 547 XIII.
630 500 747 548 Kal.
776 501 995 548 Decemb.
1027 498 1089 547 A.
1115 500 1164 548 S.
1189 500 1446 549 MDOXI.
1524 499 1757 548 Versioni
1795 501 1868 548 la·

176 575 310 621 tinae
350 566 419 639 (p.
457 567 659 639 1—39)
699 574 915 622 succedit
951 576 1115 622 textus
1154 589 1360 637 graecus
1401 568 1469 641 (p.
1507 567 1711 640 1-39)
1753 590 1867 623 cum

176 649 306 696 notis
344 649 514 709 paucis
554 649 698 710 parvi
736 648 1004 710 pendendis
1043 641 1114 715 (p.
1142 649 1208 697 39
1244 651 1294 696 et
1326 642 1438 713 40),
1478 649 1565 709 qui
1594 648 1695 695 fere
1733 647 1866 697 idem

176 723 251 769 est
298 723 446 783 atque
496 721 726 770 editionis
772 722 1111 770 Ferrariensis.
1195 722 1368 784 Neque
1418 723 1548 769 hunc
1597 722 1694 770 nisi
1745 738 1865 785 pau-

175 796 383 843 cissimis
429 796 550 844 locis
598 798 869 845 correctum
913 795 1118 858 praebet
1163 796 1314 844 editio
1362 796 1423 843 ab
1471 795 1641 843 eodem
1692 799 1865 844 curata

176 868 374 916 Libanii
427 885 631 931 operum
682 872 717 917 t.
750 869 802 917 H
854 888 900 933 p.
938 871 1242 918 151—172.
1317 869 1592 919 Multorum
1645 869 1866 918 locorum

176 942 452 991 emendatio
505 944 786 992 felicissime
832 946 1065 992 successit
1110 945 1327 992 acumini
1372 944 1562 992 Reiskii
1599 943 1862 992 Animadv.

174 1012 221 1062 V
242 1018 553 1079 103—1093
590 1019 755 1079 plures
794 1020 1005 1066 correxit
1042 1017 1173 1066 idem
1204 1034 1295 1081 ope
1328 1018 1551 1066 codicum
1580 1017 1866 1080 Augustani

174 1092 226 1138 et
249 1090 693 1139 Wolfenbuttelani
722 1094 775 1139 in
799 1091 1012 1141 editione
1045 1092 1106 1140 ab
1129 1094 1238 1154 ipso
1263 1095 1560 1155 praeparata
1587 1094 1636 1139 et
1660 1107 1690 1140 a
1713 1091 1866 1141 vidua

177 1165 310 1212 foras
348 1167 499 1214 missa
537 1165 834 1230 Altenburgi
876 1168 1016 1214 1784
1056 1184 1103 1229 p.
1140 1167 1452 1231 198—212,
1498 1168 1680 1214 iterum
1721 1167 1859 1215 1791

176 1241 212 1286 t.
237 1237 263 1285 I
292 1255 339 1300 p.
365 1240 679 1303 451—4833
719 1258 872 1288 unum
909 1241 1262 1289 Boissonadius
1303 1257 1394 1303 ope
1433 1240 1613 1289 codicis
1645 1239 1862 1288 Parisini

178 1314 318 1361 3017
360 1328 515 1375 usque
555 1314 618 1362 ad
656 1330 704 1376 p.
730 1315 835 1362 467
877 1314 950 1362 ed.
983 1315 1147 1363 Reisk.
1188 1314 1250 1362 ab
1289 1316 1398 1378 ipso
1437 1307 1684 1380 collatil);
1732 1330 1861 1362 com-

174 1386 339 1447 plures
395 1385 559 1435 Gasda
618 1389 803 1450 partim
856 1405 882 1437 e
936 1388 1183 1437 codicibus
1246 1403 1358 1436 cum
1406 1387 1700 1451 Augustano
1754 1391 1866 1436 tum

173 1460 542 1510 Vindobonensi
579 1464 764 1524 partim
803 1479 862 1510 ex
898 1462 1097 1526 ingenio
1109 1456 1166 1528 ²),
1206 1461 1437 1524 Sintenis‚
1478 1461 1703 1510 Cobetus.

295 1618 337 1673 1)
368 1616 488 1660 Vide
520 1629 660 1674 supra
691 1632 735 1673 p.
764 1621 802 1660 7.

293 1679 337 1730 2)
369 1675 602 1719 Kritische
635 1676 852 1732 Beitrage
884 1690 939 1718 zu
971 1676 1191 1720 Libanios
1215 1675 1257 1719 Π
1287 1691 1331 1733 p.
1358 1680 1517 1720 9—10.
