2072 3162
216 147 246 199 7
250 146 286 198 4
747 147 975 192 LIBANII
1005 146 1227 192 ORATIO
1259 147 1366 192 xm

213 281 273 336 ἐκ
334 283 589 344 δουλείας
649 281 847 335 ἀδίκου
898 283 1035 352 πρὸς
1089 283 1448 351 εὐδαιμονίαν
1501 283 1749 352 ἀρχαίαν,
1802 281 1895 336 καὶ

211 370 340 442 παρ’
379 364 461 433 οἷς
515 369 832 441 ἐτράφησαν
879 370 941 424 ἐν
987 372 1215 425 οἰκετῶν
1263 370 1434 441 τάξει,
1488 373 1635 442 παρὰ
1684 372 1897 424 τούτων

212 459 508 529 ἐτρέφοντο
570 459 738 512 πάλιν
791 458 852 512 ἐν
914 461 1195 513 δεσποτῶν
1254 462 1422 533 νόμῳ.
1512 461 1544 529 ἡ
1602 457 1663 513 δὲ
1715 461 1894 529 τροφὴ

212 557 362 611 σῖτος
411 544 499 617 ἦν,
554 548 757 616 μισθὸς
811 549 1044 617 εἰρήνης.
1120 548 1206 601 32.
1259 552 1482 602 πολλῶν
1534 546 1596 602 δὲ
1648 548 1897 617 ἀγγέλων

166 657 186 690 5
211 638 285 699 ὡς
322 637 422 689 τὸν
460 637 836 707 πρεσβύτερον
873 639 1124 690 θεόντων
1161 635 1327 707 ᾔτησε
1364 637 1465 706 μὲν
1504 638 1762 708 στρατιὰν
1802 637 1896 690 οὐ-

213 726 345 794 δείς,
384 726 548 794 νίκην
586 721 648 777 δὲ
685 725 883 788 πάντες
919 724 1175 794 ἐμήνυον.
1243 724 1272 778 ὁ
1307 722 1368 778 δὲ
1400 727 1561 794 λόγος
1592 728 1899 796 φερόμενος

211 815 289 876 εἰς
337 814 573 882 Μήδους
623 811 892 867 ἐνέπεσεν.
970 810 1079 867 εἶθ’
1119 815 1177 867 οἱ
1226 810 1328 880 μὲν
1382 815 1607 883 εὔχοντό
1662 831 1722 868 σε
1771 814 1894 885 περὶ

120 915 269 959 R415
304 903 403 955 τὸν
434 899 626 971 Ῥῆνον
664 901 868 972 μένειν,
907 903 960 955 οἱ
1001 901 1047 955 δ’
1080 898 1150 955 αὖ
1189 903 1315 973 περὶ
1356 901 1362 972 Ι
1405 900 1598 971 Ῥῆνον
1637 904 1899 971 διαβῆναί

211 1005 272 1044 σε
309 992 409 1045 τὸν
455 993 694 1060 Τίγρητα
743 992 835 1044 καὶ
885 993 1044 1060 σφίσι
1093 988 1196 1059 μὲν
1245 990 1435 1061 ἕτερον
1482 991 1894 1060 ἀντιταχθῆναι,

142 1102 186 1134 10
212 1076 273 1132 σὲ
312 1076 373 1132 δὲ
411 1078 502 1132 καὶ
544 1078 787 1150 Πέρσαις
825 1077 1090 1143 ἐπιδεῖξαι
1128 1081 1229 1148 τὴν
1267 1081 1481 1148 αἰχμήν.

322 1167 406 1220 33.
431 1167 658 1237 Ἄγαμαι
691 1165 751 1221 δὲ
781 1177 894 1221 τῶν
933 1177 1281 1239 στρατιωτῶν
1319 1167 1563 1237 ἐκείνων,
1604 1171 1663 1221 οἳ
1697 1182 1896 1238 στεφα-

209 1258 485 1326 νούμενόν
524 1271 583 1310 σε
629 1265 743 1319 τοῖς
788 1258 1073 1326 τροπαίοις
1119 1256 1354 1327 ὁρῶντες
1400 1257 1503 1310 οὐκ
1547 1259 1786 1326 ἤνεγκαν
1823 1259 1895 1327 μὴ

209 1351 523 1417 περιθεῖναι
559 1347 660 1399 τὸν
705 1345 764 1399 ἐκ
803 1348 983 1399 λίθων
1021 1345 1298 1415 στέφανον
1345 1345 1535 1399 δεινὸν
1583 1347 1896 1412 νομίζοντες

143 1456 187 1489 15
211 1435 271 1487 τὸ
312 1436 384 1504 μὴ
424 1436 751 1503 συμβαίνειν
788 1435 1032 1501 τοῦνομα
1070 1442 1186 1497 τοῖς
1223 1431 1408 1504 ἔργοις
1455 1431 1592 1503 μηδὲ
1632 1431 1897 1505 συνᾴδειν

208 1525 310 1592 τὴν
362 1524 526 1593 τιμὴν
579 1532 696 1586 ταῖς
749 1524 942 1586 νίκαις.
1018 1523 1291 1591 καλούσης
1339 1524 1534 1576 τοίνυν
1584 1523 1751 1592 αὐτῆς
1800 1530 1896 1591 τῆς

210 1612 592 1683 ἀνδραγαθίας
651 1613 713 1665 τὸ
776 1610 940 1681 γέρας
1001 1607 1062 1664 εὖ
1127 1618 1418 1674 ποιοῦντες
1484 1612 1894 1680 ἠκολούθησαν,

210 1702 391 1772 ὥσπερ
432 1700 636 1773 ἀρίστῳ
675 1701 975 1771 στρατιώτῃ
1015 1693 1220 1769 σκευὴν
1256 1699 1458 1769 ἀμείνω
1492 1701 1741 1763 διδόντες
1772 1699 1896 1753 ἀντὶ

208 1797 303 1857 τῆς
362 1791 626 1859 χείρονος.
718 1789 803 1841 34.
864 1787 1023 1842 ταυτὶ
1085 1786 1146 1842 δὲ
1206 1797 1325 1852 ταῖς
1377 1786 1479 1856 μὲν
1533 1787 1895 1859 φαινομέναις

142 1899 187 1932 20
212 1878 475 1945 ἀνάγκαις
524 1877 618 1931 ὑπ’
657 1876 885 1931 ἐκείνων
937 1876 1152 1948 ἐδρᾶτο,
1206 1886 1325 1940 ταῖς
1379 1875 1441 1930 δὲ
1493 1877 1895 1947 κρυπτομέναις

209 1969 417 2035 ψήφοις
454 1966 562 2019 ὑπὸ
601 1975 712 2018 τῶν
743 1971 895 2019 θεῶν
934 1965 1200 2036 ἐκυροῦτο
1239 1974 1350 2019 τῶν
1387 1985 1446 2018 τε
1478 1963 1895 2036 συμπαραταξα-

208 2054 391 2123 μένων
436 2054 583 2126 αὐτςό
635 2063 746 2106 τῶν
798 2073 856 2107 τε
903 2055 1124 2107 ἄνωθεν
1168 2053 1516 2122 τεθεαμένων
1561 2055 1657 2116 τὰς
1708 2054 1893 2122 μάχας.

211 2144 253 2196 ὢ
285 2144 484 2206 νυκτὸς
515 2141 725 2211 ἐκείνης
759 2143 922 2213 ἱεροῖς,
954 2143 996 2194 ὢ
1028 2143 1368 2210 φιλονεικίας
1401 2141 1640 2194 ὁπλιτῶν
1673 2140 1894 2210 ἐνθέου,

210 2232 253 2284 ὢ
292 2232 546 2301 θορύβου
593 2238 811 2299 πομπῆς
854 2231 1103 2299 ἡδίονος,
1154 2230 1195 2282 ὢ
1242 2231 1508 2300 μακαρίας
1554 2229 1807 2298 ἀσπίδος,
1857 2229 1890 2298 ἣ

330 2411 383 2448 21
418 2405 474 2449 cf.
499 2421 544 2462 p.
572 2410 642 2460 30,
661 2410 714 2449 19
727 2420 792 2461 sq.
915 2409 970 2448 24
1001 2405 1150 2448 Amm.
1176 2404 1261 2448 XX
1291 2409 1333 2459 4,
1353 2409 1406 2448 17

333 2557 383 2595 11
423 2553 485 2596 Τὸ
518 2552 732 2610 ἄγαμαι
764 2552 886 2597 ἔστιν
919 2550 993 2597 ὅτε
1024 2552 1105 2596 καὶ
1128 2558 1286 2609 γενικῇ
1318 2552 1492 2606 δώσεις,
1525 2548 1599 2595 ὅτε
1622 2547 1738 2607 παρ’
1766 2548 1891 2595 ἐλπί-

212 2612 299 2661 δας
330 2609 633 2666 (παρελπίδας
661 2613 721 2668 V)
752 2610 919 2668 θαῦμά
949 2628 994 2655 τι
1024 2611 1213 2668 μηνύεις
1238 2611 1282 2655 V

331 2776 356 2814 2
390 2771 684 2828 ἐστράφησαν
710 2773 794 2816 Mo
930 2777 955 2814 3
989 2771 1263 2828 ἐστρέφοντο
1289 2774 1374 2817 Mo
1511 2775 1534 2814 7
1568 2787 1589 2815 ε
1619 2771 1668 2814 in
1700 2771 1889 2828 εὔχοντο

211 2829 262 2873 in
292 2843 367 2873 ras
399 2830 471 2874 12³
591 2835 617 2873 8
649 2831 730 2875 τὸν
770 2844 845 2874 om
876 2831 944 2873 Re
1073 2835 1097 2873 9
1131 2845 1179 2875 σε
1209 2831 1315 2887 περὶ
1343 2830 1426 2875 τὸν
1459 2831 1521 2874 Μ
1575 2830 1657 2874 τὸν
1688 2843 1763 2872 om
1794 2830 1838 2874 V

215 2893 269 2932 10
315 2888 399 2945 τὴν
437 2889 606 2946 αἰχμὴν
650 2888 875 2942 ἐπιδεῖξαι
906 2889 990 2933 RS
1018 2889 1108 2932 edd
1288 2894 1344 2932 14
1389 2889 1470 2932 καὶ
1507 2888 1588 2932 τὸν
1620 2888 1704 2933 BS
1730 2888 1832 2932 Mor

217 2953 271 2991 15
297 2949 528 3006 συμβῆναι
554 2949 597 2993 V
625 2948 631 3006 1
659 2948 718 3005 μὴ
743 2947 795 2992 δὲ
818 2948 928 2991 libri
953 2962 1053 2991 corr
1068 2948 1169 2991 Mor
1289 2952 1343 2991 22
1370 2948 1522 2992 αὐτῶν
1542 2947 1777 2992 CAPUIS
1789 2947 1891 2991 Mor
