2060 3162
220 132 328 184 350
738 130 966 174 LIBANII
998 129 1221 174 ORATIO
1254 130 1403 175 XVIII

219 265 542 337 ἀρχομένοις
589 264 894 336 ἐπέτρεπεν.
972 265 1133 318 ὁπότε
1179 267 1283 337 γὰρ
1332 267 1521 337 ἅτερος
1565 270 1764 335 κινοίη,
1814 267 1905 334 μέ-

217 375 337 408 νειν
384 355 574 425 ἅτερος
619 363 907 424 παραινῶν
953 356 1305 425 χαριζόμενος
1351 352 1587 408 ἔπειθεν.
1666 355 1789 407 261.
1837 356 1904 408 οὐ

128 457 169 499 R
195 460 280 500 610
320 444 428 512 μὴν
466 444 628 512 χείρω
665 443 670 510 Ι
706 462 768 509 γε
805 450 976 495 ταῦτα
1008 441 1178 496 ἐποίει
1210 444 1308 495 τὸν
1337 443 1576 511 βασιλέα.
1655 443 1770 496 ἀλλ’
1804 445 1906 497 οὐκ

217 529 402 602 ἐπῄνει
441 531 541 598 μὲν
581 531 843 599 ἀπόντας,
889 531 1150 600 πράττειν
1197 532 1259 585 δὲ
1306 532 1509 603 ὅσαπερ
1551 534 1634 599 ἄν,
1683 535 1731 585 εἰ
1770 551 1905 603 παρ-

173 641 191 673 5
216 628 374 689 ἦσαν,
406 618 564 688 ἠξίου
591 618 682 672 καὶ
710 620 849 688 πρὸς
879 621 980 688 τὴν
998 619 1287 690 Ὑρκανίαν
1319 622 1487 674 ἔτεινε
1518 623 1615 673 τὸν
1640 623 1905 688 λογισμὸν

213 709 304 761 καὶ
343 711 473 771 τοὺς
504 707 701 761 Ἰιῖῶν
747 710 1039 778 ποταμούς.
1116 710 1220 778 ἤδη
1269 710 1330 762 δὲ
1375 718 1468 779 τῆς
1516 718 1769 779 στρατιᾶς
1815 709 1903 763 ἐπὶ

213 804 384 850 ταῦτα
423 796 744 866 ὡρμημένης
791 796 883 850 καὶ
920 806 1031 851 τῶν
1077 794 1180 866 μὲν
1225 797 1632 868 πορευομένων,
1682 808 1794 851 τῶν
1842 800 1903 851 δὲ

215 885 702 952 συσκευαζομένων
746 892 899 940 θεῶν
945 906 1028 949 τις
1073 894 1172 940 τοῦ
1219 887 1321 955 μὲν
1368 887 1647 956 ἀφίστησι,
1699 881 1901 940 νόστου

215 972 276 1027 δὲ
313 976 449 1028 κατὰ
486 977 547 1027 τὸ
587 972 717 1037 ἔπος
763 973 997 1046 παρῄνει
1043 981 1370 1044 μεμνῆσθαι.
1447 975 1568 1028 262.
1624 978 1689 1029 τὰ
1735 980 1901 1029 πλοῖα

148 1086 189 1117 10
214 1061 275 1115 δὲ
321 1064 457 1132 πρὸς
501 1064 603 1131 τὴν
647 1062 921 1134 προτέραν
968 1065 1178 1132 βουλὴν
1225 1064 1415 1133 ἀφεῖτο
1460 1067 1620 1135 πυρί,
1674 1067 1902 1118 κάλλιον

211 1153 315 1222 γὰρ
347 1148 418 1220 ἧν
449 1150 481 1220 ἢ
514 1160 630 1214 τοῖς
659 1154 955 1220 πολεμίοις.
1024 1152 1227 1206 ταύτὸν
1266 1151 1315 1205 δ’
1347 1152 1416 1206 ἂν
1452 1154 1672 1215 εἰκότως
1705 1152 1899 1223 ἐδρᾶτο

210 1241 301 1293 καὶ
339 1248 439 1293 τοῦ
479 1239 751 1311 προτέρου
791 1241 893 1309 μὲν
933 1241 1000 1293 οὐ
1041 1241 1464 1310 βουλευθέντος,
1504 1248 1602 1294 τοῦ
1638 1239 1699 1293 δὲ
1740 1241 1900 1295 ε’παν-

213 1329 352 1382 ιέναι
391 1338 670 1392 νικῶντος.
749 1327 877 1392 ὀξὺς
923 1331 1027 1399 γὰρ
1075 1329 1166 1383 καὶ
1211 1332 1385 1392 πολὺς
1423 1330 1451 1382 ὁ
1502 1333 1702 1401 Τίγρης
1748 1329 1899 1396 ἐμπί-

210 1436 363 1471 πτων
401 1427 518 1480 ταῖς
564 1419 810 1487 πρώραις
856 1422 1079 1472 πολλῶν
1126 1419 1391 1487 ἠνάγκαζε
1431 1420 1653 1471 δεῖσθαι
1700 1428 1900 1489 χειρῶν

145 1528 185 1560 15
209 1507 275 1559 τὰ
321 1510 485 1559 πλοῖα
531 1505 622 1559 καὶ
678 1507 790 1559 ἔδει
842 1509 973 1570 τοὺς
1028 1506 1355 1570 ἀνέλκοντας
1400 1505 1537 1578 ὑπὲρ
1589 1508 1757 1575 ἥμισυ
1804 1515 1898 1575 τῆς

209 1603 465 1664 στρατιᾶς
502 1594 780 1662 γενέσθαι.
857 1603 1020 1648 τοῦτο
1063 1593 1122 1648 δὲ
1161 1592 1231 1664 ἦν
1269 1601 1594 1666 κρατεῖσθαι
1633 1596 1735 1664 μὲν
1769 1598 1899 1658 τοὺς

207 1683 562 1753 μαχομένους,
609 1686 834 1754 ἔχεσθαι
874 1685 935 1737 δὲ
974 1683 1166 1753 ἀμαχεὶ
1211 1683 1324 1753 μετ’
1357 1684 1602 1747 ἐκείνους
1640 1686 1706 1736 τὰ
1746 1685 1895 1737 ἄλλα.

208 1772 330 1824 263.
384 1773 523 1842 πρὸς
577 1769 638 1825 δὲ
691 1774 909 1836 τούτοις
961 1774 1052 1826 καὶ
1105 1775 1207 1842 τὴν
1261 1775 1337 1836 εἰς
1391 1775 1452 1826 τὸ
1504 1775 1895 1840 μαλακίζεσθαι

206 1861 551 1929 παράκλησιν
605 1861 866 1932 ἀνῃρήκει
918 1863 979 1915 τὸ
1032 1869 1158 1932 πῦρ.
1246 1862 1275 1916 ὁ
1331 1864 1435 1933 γὰρ
1490 1863 1662 1931 μηδὲν
1715 1871 1896 1915 ποιεῖν

142 1971 185 2003 20
208 1947 420 2001 ἐθέλων
473 1948 778 2019 ἀρρωστεῖν
832 1953 1202 2020 σκηπτόμενος
1256 1949 1429 2004 ἔκειτο
1485 1952 1781 2004 καθεύδων
1835 1950 1895 2002 έν

326 2127 351 2166 9
384 2123 434 2167 Il.
460 2140 487 2166 κ
513 2127 597 2166 509
722 2128 776 2167 10
808 2124 956 2167 Amm.
982 2125 1130 2169 XXIV
1156 2129 1195 2180 7,
1213 2129 1253 2168 4.
1287 2125 1385 2169 Zos.
1411 2125 1473 2167 III
1499 2129 1568 2178 26,
1587 2130 1612 2167 3

327 2290 349 2328 1
391 2283 544 2342 κινοίη
585 2286 681 2339 La,
730 2298 784 2329 ex
823 2293 950 2329 κινοῖ
987 2299 1087 2329 corr
1126 2288 1174 2341 I,
1222 2299 1362 2342 supra
1402 2294 1527 2330 κινοῑ
1567 2288 1623 2331 G·
1771 2295 1895 2331 κινοῖ

207 2345 499 2389 BMoMPU
553 2351 703 2388 κινεῖν
737 2345 780 2388 V
834 2348 941 2403 κινῇ
972 2345 1063 2387 edd.
1091 2348 1096 2401 Ι
1124 2345 1279 2401 μένειν
1313 2343 1356 2388 δ’
1389 2346 1431 2389 V
1546 2350 1570 2388 2
1606 2345 1757 2401 ἕτερος
1788 2348 1833 2390 Β

207 2408 231 2446 3
264 2420 319 2461 γρ
343 2401 509 2460 χείρων
542 2403 592 2446 in
623 2416 757 2460 marg
787 2403 889 2446 Mor
1022 2410 1050 2447 4
1084 2404 1125 2447 εἰ
1155 2404 1280 2448 inser
1314 2404 1461 2449 CfM³
1594 2409 1619 2447 6
1653 2403 1893 2460 στρατείας

207 2463 280 2507 La
412 2467 435 2505 7
471 2461 739 2519 ὁρμωμένης
770 2463 816 2506 Β
959 2467 986 2506 8
1017 2461 1145 2507 θέῶν
1179 2478 1203 2507 e
1234 2462 1362 2508 θέων
1395 2478 1495 2507 corr
1527 2465 1618 2508 La⁸
1677 2463 1793 2513 θεός
1823 2464 1891 2507 Re

208 2520 217 2588 ι
249 2518 497 2577 ἀφίστησιν
531 2523 605 2565 La
773 2526 798 2564 9
829 2536 877 2564 τε
908 2521 1010 2565 Μο1·
1042 2522 1163 2566 Fabr
1195 2523 1319 2578 quod
1352 2537 1452 2566 corr
1482 2523 1550 2567 Re
1593 2524 1598 2581 Ι
1641 2540 1696 2579 γρ
1720 2521 1891 2590 παρῄει

205 2594 253 2622 111
285 2593 418 2636 marg
449 2579 550 2624 Mor
694 2585 746 2623 11
781 2574 840 2636 ἦν
873 2594 949 2623 om
980 2582 1026 2625 B
1058 2581 1126 2625 Re
1271 2586 1324 2625 12
1358 2580 1695 2640 βουλευθέντος
1726 2581 1889 2636 scripsi

205 2652 310 2682 cum
342 2637 498 2682 Gasda
531 2653 555 2682 e
588 2639 678 2683 Par
768 2638 1078 2697 βουληθέντος
1115 2640 1224 2683 libri
1271 2641 1351 2684 sed
1385 2657 1436 2685 ευ
1477 2654 1577 2684 con·
1608 2654 1663 2683 ex
1694 2657 1722 2695 η
1754 2639 1811 2683 1²
1843 2643 1890 2683 et

204 2710 345 2753 supra
374 2714 403 2753 η
434 2712 518 2754 pos
546 2698 638 2753 ΜΞ,
670 2697 761 2741 edd
811 2700 816 2754 Ι
868 2698 1110 2743 ἐπανιέναι
1141 2699 1190 2742 in
1222 2699 1406 2744 ἀνιέναι
1440 2714 1560 2782 eon·2
1573 2701 1634 2743 M
1643 2698 1659 2723 ²
1748 2699 1888 2742 ἐπαν-

205 2753 356 2806 ιόντος
385 2757 466 2799 καὶ
498 2758 571 2800 La
679 2763 733 2800 14
764 2757 971 2813 πρώραις
1002 2759 1036 2802 Ι
1061 2758 1142 2802 sed
1173 2774 1234 2814 πρ
1238 2777 1272 2803 ω
1304 2759 1353 2802 in
1384 2771 1458 2802 ras
1490 2758 1560 2801 m²
1663 2762 1716 2801 15
1749 2758 1887 2812 ὑπερ-

203 2814 341 2871 ήμισυ
373 2816 405 2859 1
522 2820 575 2859 16
610 2813 850 2870 στρατείας
880 2817 954 2861 La
993 2819 998 2873 Ι
1037 2824 1128 2861 τῶν
1160 2816 1431 2892 μαχομένων
1464 2819 1538 2861 La
1659 2820 1711 2859 17
1746 2814 1790 2859 δ’
1820 2817 1888 2860 Re

208 2874 312 2931 Ικαὶ
342 2875 401 2917 τὰ
431 2873 498 2917 Re
620 2879 676 2918 20
715 2875 862 2919 ἔκειτο
894 2877 929 2919 Ι
960 2876 1041 2920 sed
1080 2893 1135 2934 γρ
1175 2875 1306 2932 ἤρκει
1345 2876 1393 2920 in
1432 2889 1565 2933 marg
1602 2875 1692 2930 m3,
1725 2876 1770 2918 P
1807 2875 1887 2918 sed

204 2949 351 2978 εκειτο
383 2932 430 2975 in
463 2945 537 2975 ras
568 2933 651 2988 111³,
685 2946 785 2977 eras
827 2934 871 2978 U
