2060 3162
235 111 338 164 192
742 109 969 154 LIBANH
1001 108 1225 153 ORATIO
1257 109 1384 154 XVII

346 250 575 299 Codicem
614 265 743 298 anno
787 250 926 297 1869
969 249 1241 298 examinavi
1284 253 1431 312 atque
1473 267 1497 299 e
1535 254 1676 312 parte
1717 253 1917 300 contuli.

145 337 230 376 104
345 327 427 372 41.
460 324 796 372 Vaticanus
827 323 1147 371 Palatinus
1175 341 1253 388 gr.
1281 326 1384 372 277
1411 324 1696 374 chartaceus
1719 327 1772 373 in
1795 326 1916 374 folio

238 399 431 447 saeculo
463 397 582 444 XVI
620 399 806 459 optime
846 399 1073 445 exaratus
1112 400 1331 446 continet
1367 400 1482 461 post
1511 398 1741 461 Dionysii
1778 400 1916 447 Hali-

233 471 454 521 carnasei
499 487 625 533 quae
671 472 830 519 fertur
879 473 1038 518 artem
1086 471 1381 520 rhetoricam
1433 466 1537 539 (fol.
1572 467 1629 539 4)
1676 473 1918 522 Demetrii

231 545 459 594 Phalerei
495 542 605 611 περὶ
644 543 900 611 ἑρμηνείας
933 538 1049 612 (101Α
1070 538 1160 613 71)
1202 546 1398 608 aliaque

341 619 455 668 inde
488 635 519 667 a
550 619 670 667 folio
706 620 810 666 228
851 619 1112 681 inscripto:

344 693 569 758 λιβανίου
605 699 843 756 σοφιστοῦ
875 692 1292 758 προγυμνάσματα
1331 708 1483 756 usque
1523 694 1586 742 ad
1622 693 1770 742 finem
1809 689 1915 762 (fol.

236 761 366 834 277)
416 767 586 815 eadem
634 767 804 814 eodem
843 766 1013 815 ordine
1060 768 1296 828 opuscula
1346 783 1472 829 quae
1510 767 1767 816 Palatinus
1811 770 1913 816 148

234 835 303 908 (11.
331 834 456 908 103),
506 841 602 889 nisi
641 840 772 903 quod
810 840 863 888 in
902 841 1023 890 folio
1066 842 1169 888 267
1210 841 1359 889 titulo
1398 841 1533 899 τίνας
1571 839 1633 890 ἂν
1670 842 1798 891 εἴποι
1836 842 1916 892 λό-

235 933 355 981 γους
394 913 420 965 ὃ
460 914 571 974 αἴας
610 912 725 978 μετὰ
763 913 854 978 τὴν
893 914 1074 978 μανίαν
1123 915 1340 963 succedit
1376 931 1475 963 non
1512 916 1634 964 haec
1669 917 1793 978 ipsa,
1832 917 1918 964 sed

235 990 336 1037 alia
373 989 522 1037 titulo
561 988 705 1051 priva
744 988 1006 1051 ethopoeia
1043 987 1178 1047 τίνας
1216 985 1278 1038 ἂν
1316 988 1446 1037 εἴποι
1476 988 1652 1054 λόγους
1683 988 1917 1054 Ἀχιλλεὺς

233 1060 679 1126 καταπονουμένων
712 1055 979 1126 Ἑλλήνων,
1018 1063 1077 1109 ut
1108 1062 1303 1127 singula
1340 1063 1421 1110 hic
1459 1079 1708 1111 recensere
1747 1079 1916 1126 super-

230 1137 384 1184 fluum
423 1137 500 1185 sit.
581 1135 743 1184 Codex
773 1152 902 1198 vero,
942 1139 999 1184 ut
1028 1137 1263 1185 lectiones
1300 1153 1330 1184 a
1360 1154 1437 1184 me
1477 1137 1688 1185 collatae
1720 1137 1916 1186 demon-

231 1213 407 1272 strant,
445 1226 544 1258 non
577 1227 601 1256 e
633 1210 863 1258 Palatino
892 1211 1011 1271 148,
1051 1210 1134 1258 sed
1167 1226 1192 1258 e
1224 1211 1360 1259 fonte
1400 1227 1510 1258 cum
1539 1211 1632 1259 hoc
1672 1212 1918 1259 communi

230 1285 385 1333 fluxit.
453 1284 533 1331 Ad
563 1286 1001 1348 progymnasmata
1034 1278 1141 1350 (fol.
1171 1285 1313 1332 236&
1358 1286 1501 1332 24OV.
1545 1278 1674 1350 254)
1700 1284 1917 1332 Allatius

231 1359 463 1407 lectiones
503 1358 683 1406 codicis
721 1357 981 1406 Barberini
1019 1358 1233 1421 margini
1273 1358 1544 1421 adscripsit.

343 1431 571 1481 Codicem
610 1447 738 1480 anno
782 1433 921 1480 1869
962 1432 1165 1494 inspexi.

145 1516 228 1556 105
342 1508 428 1554 42.
459 1506 790 1554 Vaticanus
823 1505 1139 1554 Palatinus
1171 1522 1247 1570 gr.
1275 1506 1379 1554 275
1415 1507 1698 1554 chartaceus
1729 1507 1916 1554 formae

232 1583 439 1642 quartae
477 1580 693 1641 maioris,
732 1579 941 1642 scriptus
981 1596 1011 1627 a
1042 1579 1280 1628 Michaele
1313 1580 1552 1641 Apostole
1595 1582 1709 1641 post
1733 1596 1917 1628 annum

236 1655 376 1703 1453
428 1653 694 1702 secundum
740 1654 1151 1715 subscriptionem
1198 1653 1306 1702 folii
1341 1655 1471 1701 176v
1517 1656 1749 1718 μιχαῆλος
1795 1651 1917 1702 ἀπο-

233 1727 405 1791 στόλης
460 1726 721 1792 ,βυζάντιος
775 1725 891 1790 μετὰ
943 1726 1034 1791 τὴν
1091 1734 1176 1791 τῆς
1230 1726 1383 1776 αὐτοῦ
1445 1727 1675 1792 πατρίδος
1736 1726 1916 1776 ἅλωσιν

232 1801 375 1850 πενία
424 1803 584 1860 συζῶν
628 1799 710 1849 καὶ
748 1801 857 1850 τόδε
902 1799 954 1849 τὸ
993 1801 1186 1865 βιβλίον
1224 1799 1505 1866 ἐξέγραψεν,
1557 1801 1675 1848 011111
1715 1800 1919 1850 Caroli

234 1876 539 1923 cuiusdam
577 1875 785 1924 testibus
823 1875 983 1923 tribus
1023 1875 1245 1923 distichis
1283 1875 1336 1922 111
1374 1876 1494 1924 folio
1514 1889 1517 1890 ’
1536 1876 1593 1922 gv
1632 1876 1826 1937 scriptis
1859 1882 1862 1884 ’

378 1948 578 2014 Κάρλου
617 1955 776 2012 κτῆμα
814 1943 916 1998 τόδ’
945 1946 1090 2013 ἐστὶν,
1130 1945 1188 1997 ὃν
1227 1949 1467 2014 ίλαροῖσιν
1499 1946 1725 1998 ἀπόλλων

456 2021 632 2070 εἴσιδεν
673 2018 953 2085 ὀφθαλμοῖς
992 2020 1041 2080 ἐς
1079 2021 1208 2084 φάος
1247 2020 1505 2087 ἐρχόμενον

234 2098 283 2143 et
379 2094 579 2159 Κάρλου
617 2101 775 2158 κτῆμα
813 2089 914 2144 τόδ’
943 2093 1091 2143 ἐστιν·
1133 2092 1158 2142 ὅ
1197 2094 1502 2160 χρυσοκόμας
1540 2091 1598 2142 ὃν
1637 2092 1860 2143 ἀπόλλων

455 2168 589 2226 ἵλαος
627 2167 853 2232 εὐμειδὴς
891 2167 1038 2216 εἴσιδε
1076 2168 1356 2230 τικτόμενον

235 2246 284 2291 et
380 2245 557 2306 Κτῆμα
595 2241 703 2291 τεὸν
741 2241 849 2291 τόδε
887 2240 1030 2306 κάρλε
1068 2240 1153 2291 τὸν
1192 2240 1394 2306 ἔδρακεν
1432 2238 1538 2305 ἄρτι
1577 2240 1781 2306 νεογνὸν

455 2315 738 2381 γηθόσυνος
776 2315 957 2381 χαίρων
996 2315 1173 2379 φοΐβος
1211 2308 1606 2381 ἆκερσεκόμας,1)

235 2390 408 2438 deinde
467 2389 668 2452 Georgii
714 2390 974 2437 Balsamae
1031 2389 1288 2450 Zacynthii
1299 2381 1340 2454 2)
1393 2389 1658 2436 secundum
1710 2389 1913 2451 inscrip-

234 2465 418 2512 tionem
468 2463 577 2510 folii
626 2464 771 2525 primi
827 2469 968 2511 τοῦτο
1022 2461 1074 2511 τὸ
1125 2461 1316 2525 βιβλίον
1366 2460 1493 2509 ἔστιν
1543 2468 1629 2510 τοῦ
1679 2462 1913 2527 γεωργίου

356 2620 395 2675 1)
444 2619 663 2662 Eiusdem
704 2617 855 2662 Caroli
898 2617 1085 2661 fuerunt
1128 2617 1271 2660 codex
1314 2616 1638 2660 celeberrimus
1677 2615 1913 2671 Euripidis

236 2677 477 2721 Palatinus
524 2693 588 2734 gr.
624 2681 708 2720 287
757 2676 1006 2720 simillimis
1053 2675 1264 2719 distichis
1312 2675 1581 2730 distinctus,
1629 2688 1748 2731 quae
1795 2673 1912 2730 legis

238 2736 364 2793 apud
401 2735 739 2779 Kirchhoffium
783 2736 832 2778 in
878 2735 1168 2791 praefatione
1217 2735 1277 2777 ad
1316 2734 1420 2777 Eur.
1454 2736 1571 2791 trag.
1606 2733 1691 2777 vol.
1716 2733 1737 2775 Ι
1766 2748 1810 2788 p.
1836 2733 1912 2786 IX,

239 2795 602 2849 Stevensonium,
621 2794 765 2838 Catal.
779 2794 910 2838 codd.
925 2808 990 2849 gr.
1006 2793 1102 2837 Pal.
1121 2809 1164 2850 p.
1179 2792 1619 2847 162‚Wuenschium
1635 2792 1750 2835 Mus.
1766 2791 1911 2834 Rhen.

241 2853 299 2896 LI
332 2858 414 2896 143
429 2867 511 2908 sq„
544 2856 591 2896 et
622 2854 766 2897 codex
796 2853 893 2896 Pal.
921 2857 1018 2895 261.

357 2915 400 2968 2)
427 2912 492 2956 Cf.
507 2912 735 2969 Legrand‚
746 2911 968 2967 Bibliogr.
986 2911 1152 2955 hellen.
1173 2911 1252 2954 des
1270 2910 1354 2954 XV
1363 2912 1410 2954 et
1423 2909 1528 2953 XVI
1545 2909 1706 2953 siecles
1719 2909 1738 2951 Ι
1750 2924 1794 2965 p.
1807 2907 1913 2952 CLI.
