2060 3162
672 110 900 156 LIBANII
931 109 1154 155 ORATIO
1187 110 1293 155 XVI
1700 111 1821 163 Ὶὶ161

136 252 177 305 ἃ
217 251 278 305 δὲ
315 250 404 303 καὶ
454 249 594 318 ὑμᾶς
644 246 876 300 ἀκοῦσαι
927 248 1012 299 δεῖ
1060 249 1190 316 περί
1223 266 1281 300 τε
1331 256 1441 300 τῶν
1487 248 1827 316 κατεχόντων

137 342 426 410 δυσχερῶν
477 335 568 390 καὶ
618 343 714 405 τῆς
763 343 862 389 τοῦ
912 334 1178 403 βασιλέως
1231 335 1398 406 ὀργῆς
1450 336 1540 389 καὶ
1594 345 1709 398 πῶς
1758 334 1827 387 ἂν

139 428 360 497 ἐκείνην
389 446 447 479 τε
477 425 789 492 παύσαιμεν
819 424 910 477 καὶ
943 422 1200 491 δόξαιμεν
1232 423 1519 493 γεγονέναι
1558 426 1826 493 βελτίους,

144 525 314 571 ταῦτα
350 515 678 585 πειράσομαι
710 514 972 566 διελθεῖν.
1043 513 1091 565 2.
1132 514 1244 566 ἔδει
1276 515 1380 583 γὰρ
1413 512 1522 566 ε’κεῖ
1558 509 1660 580 μὲν
1689 512 1830 580 ὑμᾶς
1874 535 1895 566 4

138 604 482 675 ,ἐξαιρεῖσθαι
522 604 697 665 αἰτίας
736 601 1048 673 ἐπιχειρεῖν,
1086 599 1333 654 ἐνταῦθα
1372 599 1433 654 δὲ
1463 603 1535 670 μὴ
1571 602 1576 671 Ι
1611 602 1742 672 κρύ-
1774 614 1919 657 R485

139 713 317 762 πτειν,
357 694 391 746 ἅ
429 712 511 755 τις
549 690 619 744 ἂν
656 691 794 760 ἡμᾶς
833 691 1136 743 αἰτιάσαιτο
1178 691 1415 754 δικαίως.
1491 691 1552 743 τὸ
1585 690 1686 758 μὲν
1727 691 1829 760 γὰρ

145 779 255 852 εἶχε
296 782 631 851 συγγνώμην
676 778 767 832 καὶ
806 779 1063 848 τετύχηκε
1101 782 1279 842 καλῶς
1315 787 1534 847 ποιοῦν,
1581 785 1655 851 τῷ
1682 778 1731 831 δ’
1763 778 1832 831 ἂν

128 873 210 924 ’τὰ
248 870 474 940 μέγιστα
519 870 868 938 βλαβείημεν,
919 869 967 921 εἰ
1016 871 1303 937 μείναιμεν
1352 866 1441 921 ἐπὶ
1491 877 1602 920 τῶν
1649 867 1833 920 αὐτῶν
1886 884 1889 891 “

140 961 221 1023 ὡς
275 959 443 1013 οὐδὲν
493 954 871 1027 ἡμαρτηκότες.
948 956 996 1009 3.
1050 957 1141 1009 καὶ
1187 956 1270 1009 ὅτι
1321 953 1424 1026 μὲν
1471 957 1504 1025 ἢ
1553 957 1762 1019 πάντας
1800 957 1832 1025 ἢ

139 1051 277 1112 τοὺς
313 1050 539 1110 πλείους
577 1046 785 1099 ἀνιάσω
834 1047 925 1098 διὰ
963 1053 1062 1114 τῆςΥ
1102 1047 1433 1116 παρρησίας,
1485 1046 1585 1099 οὐκ
1632 1045 1833 1114 ἀγνοῶ,
1859 1069 1900 1099 10

138 1140 290 1191 ,πολὺ
330 1135 393 1190 δέ
437 1156 498 1204 γε
537 1135 755 1204 βέλτιον
805 1134 1153 1204 λυπηθέντας
1197 1143 1314 1197 τοῖς
1360 1136 1543 1202 λόγοις
1589 1133 1834 1203 ἡσθῆναι

140 1235 263 1289 τοῖς
300 1224 392 1279 ἀπ’
430 1225 614 1278 αὐτῶν
653 1226 834 1294 ἔργοις
870 1222 915 1292 ἢ
945 1231 1053 1276 νῦν
1082 1225 1148 1276 τὰ
1185 1222 1456 1294 τέρποντα
1494 1222 1835 1286 ἀκούσαντας

142 1313 273 1368 ,ἀντὶ
327 1322 523 1384 μικρᾶς
575 1313 780 1382 ἡδονῆς
832 1313 1044 1381 πολλὴν
1096 1310 1187 1365 καὶ
1249 1313 1491 1381 μεγάλην
1543 1312 1833 1379 ὑπομεῖναι

143 1406 357 1473 ζημίαν.
435 1405 485 1456 εἰ
535 1399 637 1472 μὲν
686 1403 790 1471 γὰρ
841 1396 912 1469 ἧν
961 1400 1209 1455 ἐπαινεῖν
1257 1418 1315 1463 τε
1363 1401 1504 1470 ὑμᾶς
1555 1400 1694 1470 ὁμοῦ
1744 1399 1834 1453 καὶ

149 1491 224 1544 δι’
261 1487 339 1545 ὧν
378 1491 448 1544 ἂν
477 1492 575 1544 τὸν
607 1491 875 1543 κίνδυνον
914 1489 1266 1558 ἐκφύγοιμεν,
1307 1489 1600 1557 δεικνύειν,
1639 1485 1902 1558 μανίαςηε»

145 1579 224 1633 ἂν
275 1577 345 1648 ἦν
400 1581 579 1648 δήπου
632 1580 704 1647 μὴ
758 1585 961 1631 τοῦτον
1015 1578 1294 1647 αἱρεῖσθαι
1347 1587 1459 1630 τῶν
1509 1579 1690 1646 λόγων
1739 1578 1837 1630 τὸν

153 1670 383 1739 τρόπον·
422 1666 608 1735 ἐπειδὴ
642 1666 704 1719 δὲ
736 1667 827 1719 διὰ
859 1674 953 1734 τῆς
984 1664 1045 1719 ἐν
1071 1672 1146 1738 τῷ
1173 1665 1353 1734 λέγειν
1383 1666 1604 1735 χάριτος
1628 1665 1835 1735 ἀνάγκη

154 1758 215 1810 τὸ
271 1754 557 1825 συμφέρον
611 1754 977 1822 ἀπολωλέναι,
1032 1755 1480 1823 σωφρονούντων
1526 1753 1596 1807 ἂν
1628 1759 1725 1823 εἴη
1773 1756 1837 1807 τὰ

153 1844 398 1915 φέροντα
436 1845 536 1913 τὴν
576 1847 850 1914 σωτηρίαν
887 1844 993 1913 πρὸ
1025 1852 1136 1896 τῶν
1166 1845 1581 1896 κολακευόντων
1611 1846 1838 1913 ποιήσα-

152 1939 305 1987 σθαι.
1658 1940 1667 1944 “
1859 1952 1907 1985 ›20

266 2023 314 2074 4.
364 2020 733 2091 Δημοσθένης
771 2018 873 2090 μὲν
913 2016 1015 2074 οὗν
1054 2030 1169 2084 τοῖς
1207 2020 1378 2074 αὑτοῦ
1417 2022 1665 2084 πολίταις
1704 2038 1839 2090 παρ-

156 2120 330 2164 αινῶν
377 2110 662 2179 ἀθυμοῦσι
707 2111 778 2179 μὴ
827 2109 1002 2173 οὕτως
1047 2107 1192 2179 ἔχειν
1237 2109 1392 2178 ἠξίου
1444 2108 1569 2178 μηδ’
1608 2109 1680 2172 ὡς
1738 2109 1837 2162 οὐκ

147 2201 326 2269 ὀὔσης
377 2207 609 2269 χρηστῆς
654 2198 876 2260 ἐλπίδος
923 2199 1236 2251 διακεῖσθαι
1287 2199 1381 2260 τὰς
1431 2199 1698 2266 γνώμας·”
1734 2197 1836 2265 ἐγὼ

277 2394 330 2432 21
364 2389 492 2433 Dem.
520 2403 557 2433 c.
583 2388 701 2432 Phil.
726 2388 747 2431 Ι
779 2393 803 2442 ξ
829 2393 853 2431 2
887 2403 931 2444 p.
957 2392 1028 2442 40,
1049 2390 1102 2431 1'0
1117 2402 1182 2443 sq.

280 2571 304 2609 2
338 2567 418 2610 καὶ
447 2567 555 2621 περὶ
583 2572 664 2622 τῆς
703 2566 853 2610 UBM
873 2565 964 2608 edd
1043 2578 1118 2608 ras
1151 2570 1178 2608 4
1210 2564 1289 2608 litt
1318 2564 1440 2608 inter
1470 2566 1550 2609 καὶ
1581 2566 1628 2608 et
1658 2571 1738 2621 τῆς
1770 2566 1803 2608 Ι
1831 2568 1836 2620 Ι

153 2623 222 2670 ἂν
253 2639 328 2669 om
352 2626 397 2669 B
540 2630 565 2669 3
597 2623 860 2681 παύσαιμέν
891 2639 938 2668 τε
970 2624 1038 2667 Re
1181 2627 1207 2666 4
1239 2622 1321 2680 μέν
1354 2622 1400 2681 μ’
1429 2624 1548 2681 ὑμᾶς
1579 2623 1781 2668 811113θηί8

150 2689 188 2727 76
220 2684 338 2740 ὑμᾶς
367 2684 570 2729 UVIMo
721 2688 775 2727 10
806 2681 1046 2732 πλείστους
1068 2683 1136 2726 Re
1298 2687 1348 2726 11
1382 2699 1432 2740 γε
1463 2683 1587 2726 inser
1618 2682 1675 2726 1³
1756 2698 1839 2726 vom

164 2743 273 2787 ΒΜ
293 2743 384 2786 edd
426 2744 432 2802 Ι
474 2742 757 2800 λυπηθέντες
781 2744 865 2786 Mo
988 2746 1041 2785 15
1075 2741 1378 2798 ἐκφεύγοιμεν
1402 2742 1445 2785 A
1479 2742 1560 2789 sed
1592 2758 1612 2786 ε
1645 2755 1841 2795 erasum,

162 2801 198 2843 I
223 2802 303 2845 sed
335 2818 386 2846 ευ
417 2802 465 2845 in
497 2815 572 2845 ras
603 2801 687 2855 m2,
722 2801 919 2845 MoBM
938 2800 1060 2844 Fabr
1210 2804 1263 2843 16
1298 2798 1356 2843 ἂν
1388 2815 1463 2844 om
1495 2801 1539 2845 U
1593 2801 1717 2844 inser
1742 2800 1797 2844 1²
1831 2802 1835 2857 ξ

164 2859 338 2903 τούτων
368 2861 492 2903 Fabr
665 2865 716 2903 17
751 2860 850 2905 ἐπεὶ
882 2860 976 2903 ΜΙ
1000 2859 1080 2903 sed
1112 2859 1159 2902 in
1192 2859 1280 2902 hoc
1310 2858 1359 2902 in
1392 2859 1551 2916 ἐπειδὴ
1583 2873 1684 2903 corr
1714 2859 1783 2902 m²

156 2920 220 2959 ‚21
254 2919 397 2962 αὐτοῦ
431 2920 667 2963 VMoBM
724 2925 866 2962 αυτοῦ
900 2919 943 2962 U
1362 2919 1363 2922 ’

253 2999 449 3032 ΙιιΒΑΜυε
474 3000 533 3032 ed.
558 3001 797 3033 Foerster.
836 3000 886 3031 H.
1525 2997 1575 3033 11
