2060 3162
241 126 349 179 406
772 125 1000 170 LIBANII
1031 125 1254 170 ORATIO
1287 125 1392 169 XIX

239 262 470 333 κάκείνςο
525 262 597 329 μὴ
642 261 702 314 τὸ
751 260 908 331 ξίφος
962 261 1186 330 ἀκονᾶν,
1239 269 1346 314 νῦν
1401 258 1461 314 δὲ
1513 265 1699 334 πολλῷ
1745 262 1920 333 τούτῳ

241 351 578 420 χρησάμενος
638 350 717 402 ὢν
779 350 880 403 οὐκ
937 348 999 403 ἐν
1056 349 1264 418 ὀλίγοις
1320 352 1642 419 θαυμαστὸς
1704 349 1923 418 διέβαλε

240 440 306 491 τὰ
358 439 498 491 καλὰ
549 447 666 501 τοῖς
719 440 980 508 χείροσιν,
1035 439 1172 491 ὥστε
1224 437 1315 491 καὶ
1369 440 1612 506 τοῦνομα
1662 439 1927 507 συνάγειν

240 536 355 590 τοῖς
390 526 693 580 ἀκούουσιν
725 526 925 596 ἀηδίαν
956 526 1046 580 καὶ
1076 536 1258 580 ποιεῖν
1289 526 1591 596 ἀποπηδᾶν.
1667 527 1754 580 47.
1794 532 1926 593 μᾶλ-

197 636 217 669 5
243 620 342 669 λον
397 612 501 668 οὖν
553 618 851 685 μεμνήσθω
905 635 988 678 τις
1042 619 1439 669 Κωνσταντιόυ
1492 623 1590 669 τοῦ
1640 617 1779 685 πρὸς
1832 617 1927 679 τὰς

241 714 352 758 τῶν
398 706 611 757 πόλεων
661 704 924 775 ἁμαρτίας
982 703 1202 774 ἡμέρου.
1281 703 1341 766 ὃς
1386 705 1635 774 ὕπαρχον
1683 704 1926 758 ἐνταῦθα

241 792 469 862 πέμπων
500 794 848 863 Στρατήγιον
887 792 975 846 ἐπὶ
1013 800 1088 866 τῷ
1118 796 1397 863 Θεοφίλου
1436 794 1680 865 θανάτῳ,
1720 793 1786 847 ὃν
1826 794 1927 846 οὐκ

242 880 398 945 ἄξιον
452 880 660 945 ἐκεῖνος
712 891 823 935 τῶν
883 884 1103 952 τρόπων
1164 880 1382 945 ἐδέξατο
1451 884 1682 953 χρηστὸς
1744 883 1928 952 ἅρχων

241 970 349 1023 ὑπὸ
389 969 634 1039 χαλκέων
671 970 833 1024 πέντε
871 971 1217 1039 κατενεχθεὶς
1265 969 1325 1023 έν
1364 971 1614 1039 ἁμίλλαις
1653 971 1926 1041 ἁρμάτων,

177 1081 220 1113 10
243 1057 348 1111 τότ’
383 1055 485 1111 οὖν
530 1061 734 1127 ἤλγησε
772 1060 874 1128 μὲν
911 1060 1012 1128 τὴν
1050 1060 1285 1129 καρδίαν
1324 1059 1352 1112 ὁ
1394 1059 1804 1128 Κωνστάντιος,
1850 1081 1927 1113 τι-

242 1150 449 1217 μωρίας
488 1144 549 1200 δὲ
587 1149 725 1218 πρὸς
765 1148 936 1200 αὐτὸν
973 1148 1354 1216 μνημονεύων,
1405 1147 1550 1210 ὅπως
1595 1149 1928 1217 μετριώτατα

242 1239 498 1306 χρήσεται
552 1242 626 1308 τῷ
675 1237 974 1305 πράγματι,
1021 1236 1282 1299 πολλάκις
1339 1230 1478 1305 εἷπε,
1531 1235 1780 1300 κάκεῖνος
1827 1237 1929 1290 οὐκ

242 1326 469 1394 ἠτίμασε
507 1326 602 1387 τὰς
643 1324 883 1393 ἐντολάς,
923 1325 1055 1378 οὐδὲ
1092 1327 1314 1387 πλείους
1351 1324 1384 1393 ἢ
1424 1333 1666 1395 προσῆκε
1703 1324 1928 1395 μητέρες

155 1426 303 1470 R646
347 1412 350 1485 ᾔ
395 1412 728 1484 ἐθρήνησαν.

178 1523 218 1556 15
353 1502 439 1555 48.
485 1501 663 1555 Ἀλλὰ
707 1505 1030 1571 Θεόφιλος
1069 1505 1417 1572 ἔθνησκεν,
1465 1501 1578 1572 ἐρεῖ
1615 1522 1720 1571 τις,
1760 1504 1927 1570 τότε,

243 1591 310 1643 τὸ
353 1591 420 1643 δὲ
458 1598 580 1644 νῦν
617 1592 806 1660 ὕβρις
853 1593 943 1654 εἰς
982 1590 1304 1658 βασιλέων
1350 1592 1623 1654 εἰκόνας.
1701 1590 1805 1659 ἐγὼ
1849 1591 1926 1659 δέ,

244 1680 317 1742 ὡς
354 1679 572 1733 κάκεῖνο
620 1681 720 1747 μὲν
757 1680 918 1749 ὕβρις
958 1682 1040 1743 εἰς,
1072 1679 1323 1748 βασιλέα,
1370 1682 1593 1749 παρήσω
1643 1688 1766 1748 νῦν,
1814 1678 1928 1733 ἐπι-

366 1934 389 1972 7
424 1930 480 1974 cf.
513 1932 545 1974 k.
571 1930 591 1973 Ι
622 1946 666 1986 p.
687 1934 785 1985 134,
807 1934 935 1985 17sq.
970 1931 1017 1972 et
1047 1944 1091 1985 p.
1113 1934 1211 1983 133,
1230 1934 1285 1973 20
1300 1943 1365 1984 sq.

365 2155 390 2192 2
426 2148 612 2208 ὀλίγοις]
645 2149 883 2207 πράγμασι
914 2150 1129 2207 δηλονότι
1162 2150 1229 2193 V²

367 2376 392 2414 2
424 2371 708 2428 χρησάμενος
737 2371 883 2429 τούτῳ
914 2372 954 2414 Τ
991 2374 995 2427 Ι
1036 2369 1099 2414 ὢν
1131 2372 1235 2430 οὐκ]
1268 2369 1375 2430 ᾤετο
1409 2370 1491 2427 μὲν
1524 2373 1633 2416 Bad
1664 2373 1710 2415 et
1741 2388 1795 2427 γρ
1829 2371 1930 2414 Mor

253 2433 259 2487 Ι
295 2430 344 2475 ἐν
377 2431 460 2474 οὐκ
492 2432 537 2474 Β
565 2431 570 2489 Ι
599 2429 781 2488 διέβαλε
813 2431 863 2474 δὲ
895 2429 953 2473 τὰ
985 2431 1094 2475 Βαά
1214 2437 1241 2474 4
1272 2428 1462 2475 ἀδικίαν
1493 2432 1533 2475 Τ
1647 2435 1673 2474 5
1706 2430 1787 2486 μὲν
1821 2432 1928 2473 ante

250 2486 335 2533 οὖν
359 2489 460 2532 Mor
521 2490 798 2534 canceUavit
820 2490 888 2533 Re
916 2492 923 2546 Ι
950 2486 1053 2547 οὖν]
1080 2488 1131 2534 δὲ
1155 2490 1264 2534 Bad
1291 2492 1296 2546 Ι
1323 2488 1392 2540 τίς
1415 2492 1460 2534 Β
1582 2494 1607 2533 6
1641 2488 1691 2540 ὃς
1721 2488 1929 2546 ὕπαρχον

250 2591 325 2620 om
349 2578 458 2621 Bad
533 2579 594 2627 ὡς
625 2580 696 2635 (γρ
722 2577 773 2628 ὃς
804 2577 908 2634 Sav)
940 2578 1160 2636 ὑπάρχων
1191 2579 1293 2621 Mor
1474 2583 1497 2620 7
1533 2564 1726 2634 πεμπὲῗν
1761 2578 1870 2621 Bad

248 2634 417 2692 πέμπει
448 2637 555 2680 Flor
577 2637 679 2680 Mor
706 2639 711 2693 Ι
738 2637 819 2681 τὸν
853 2638 899 2680 ei]
928 2636 1142 2681 θάνατον
1176 2639 1285 2681 Bad
1434 2642 1459 2680 8
1500 2635 1640 2690 ἀξίως
1671 2637 1792 2691 Bari,
1825 2636 1930 2680 coni

249 2695 363 2749 Mor,
395 2712 449 2751 γρ
476 2696 563 2739 Sav
613 2699 618 2752 Ι
667 2695 859 2753 χρηστὸς
890 2695 1043 2753 ἄρχων
1074 2695 1124 2738 in
1147 2709 1221 2739 ras
1246 2701 1272 2739 5
1304 2696 1383 2740 litt
1406 2696 1477 2740 12⁸
1656 2701 1681 2739 9
1715 2693 1929 2751 ἁρμάτων

252 2768 329 2797 om
353 2754 462 2798 Bad
613 2759 666 2798 10
699 2754 723 2798 ὁ
757 2769 831 2798 om
855 2754 922 2798 Re
1075 2759 1125 2798 11
1162 2753 1286 2805 ὅπως
1317 2755 1377 2805 ὡς
1408 2755 1475 2798 Re
1624 2760 1675 2798 12
1707 2753 1929 2810 χρήσηται

251 2812 361 2856 Bad
403 2813 408 2870 Ι
452 2810 578 2857 εἶπεν
610 2814 654 2856 Α
686 2817 733 2857 et
763 2814 813 2856 in
845 2810 943 2857 εἷπε
977 2828 1077 2858 corr
1101 2815 1145 2858 P
1265 2818 1318 2857 15
1350 2811 1420 2864 τίς
1456 2815 1497 2857 Τ
1621 2818 1673 2856 16
1706 2813 1860 2871 ’ὕβρεις
1885 2814 1929 2856 Β

254 2871 260 2929 Ι
311 2871 533 2930 βασιλέων
581 2872 744 2928 scripsi
785 2886 808 2916 e
843 2874 887 2917 V
919 2872 1018 2916 coll.
1053 2888 1096 2928 p.
1124 2877 1297 2928 398,12
1359 2870 1578 2930 βασιλέως
1625 2872 1733 2915 libri
1780 2872 1870 2914 edd

254 2934 306 2972 17
341 2931 418 2988 ὡς]
452 2931 492 2975 εἰ
524 2933 708 2976 PaBad
739 2931 827 2975 Sav
859 2933 905 2974 et
936 2949 990 2988 γρ
1022 2931 1123 2975 Mor
1150 2932 1155 2990 Ι
1185 2933 1332 2976 ἐκεῖνο
1365 2932 1476 2975 ΒΜ
1510 2934 1515 2987 Ι
1552 2929 1791 2983 ἐπιδείξων
1823 2930 1930 2974 Flor
