2060 3162
218 129 328 180 464
754 128 982 172 LIBANII
1014 128 1238 173 ORATIO
1270 129 1377 172 XXI

218 267 398 328 δοκεῖς
449 265 540 317 διὰ
594 267 817 317 πολλῶν
869 265 1162 333 σχημάτων
1217 263 1521 334 ἀφιγμένος
1575 263 1662 318 ἐπὶ
1709 266 1772 318 τὸ
1818 266 1908 319 καὶ

216 356 502 422 βασιλεῦσι
534 353 898 422 τετιμημένον
928 353 1143 423 προϊὼν
1174 351 1343 421 ἥξειν,
1373 354 1474 407 τὸν
1495 353 1724 407 ὕπατον.
1774 353 1903 408 καθ’

219 443 450 496 ἕκαστον
489 438 594 495 οὖν
632 452 743 495 τῶν
784 443 1076 511 σχημάτων
1114 441 1250 506 ἕξεις
1291 443 1471 511 δήπου
1503 443 1592 496 καὶ
1626 452 1912 513 σοφιστῶν

218 531 477 594 ἐπαίνους
538 532 792 600 μεγάλων
846 533 1022 594 ὄντως
1084 530 1145 583 ἐν
1200 525 1283 593 οἷς
1335 531 1461 601 περὶ
1524 540 1627 584 σοῦ
1686 531 1910 600 λέγουσι

172 642 191 674 ⁵
217 620 574 690 γιγνομένων.
654 620 838 673 αὐτῶν
878 620 943 673 δέ
987 640 1048 688 γε
1093 629 1205 673 τῶν
1252 620 1563 689 λεγομένων
1608 621 1912 689 κεφάλαιον

217 710 249 763 ἃ
289 711 453 779 τήνδε
491 709 761 777 μέλλοντα
798 711 902 778 τὴν
939 711 1107 762 πόλιν
1145 707 1462 762 ἑπικλύσειν
1502 712 1743 777 ἔστησας.

328 798 411 851 30.
469 800 654 865 εΗμεῖς
700 795 804 868 μὲν
853 793 959 850 οὗν
1006 801 1225 866 χαλκῶν
1271 796 1718 867 ἐμνημονεύομεν
1771 798 1911 851 εἰκό-

214 909 330 941 νων
369 889 471 941 οὐκ
511 888 578 941 ὃν
618 887 939 955 ε’παγγεῖλαί
984 906 1036 940 τι
1077 888 1226 956 παρὰ
1263 894 1362 939 τοῦ
1409 886 1677 955 βασιλέως
1717 888 1911 955 σεμνό-

215 996 393 1046 τερον,
434 975 550 1030 ἀλλ’
583 977 639 1030 αἱ
679 975 797 1044 μέν,
834 968 951 1038 οἷός
981 995 1063 1038 τις
1096 975 1236 1043 ἀνὴρ
1268 976 1330 1028 τὸ
1364 985 1531 1042 σῶμα,
1571 977 1909 1044 δεικνύουσι,

150 1089 192 1120 10
216 1073 391 1134 ψυχῆς
431 1062 492 1118 δὲ
532 1061 680 1128 εἶδος
721 1074 836 1127 τοῖς
885 1066 1071 1134 ἔργοις
1118 1065 1396 1133 μηνύεται.
1475 1065 1625 1127 ὅστις
1671 1060 1775 1117 οὗν
1814 1064 1910 1117 αὑ-

215 1155 315 1208 τὸν
344 1153 620 1218 ἐπέδειξεν
653 1154 899 1223 ἄριστον,
933 1153 993 1206 ἐν
1016 1159 1091 1224 τῷ
1125 1157 1376 1206 καλλίονι
1407 1151 1498 1205 καὶ
1529 1161 1644 1216 τοῖς
1675 1153 1911 1222 ὕστερον

216 1242 498 1312 ἐσομένοις
537 1244 792 1312 φαίνεται
830 1241 920 1295 καὶ
955 1243 1015 1294 τὸ
1052 1242 1155 1308 μὲν
1185 1245 1412 1304 πολλαῖς
1443 1250 1673 1294 κινεῖται
1704 1242 1910 1311 τύχαις,

215 1334 276 1386 τὸ
330 1331 377 1385 δ’
410 1330 524 1385 ἐστὶ
563 1340 812 1401 κρεῖττον
850 1332 884 1398 ἥ
925 1351 976 1383 τι
1029 1338 1287 1384 τοιοῦτον
1340 1336 1548 1383 παθεῖν
1601 1329 1661 1383 ἐν
1707 1333 1909 1402 βεβαίῳ

215 1425 484 1491 κείμενον.
562 1421 647 1473 31.
702 1421 767 1472 τά
813 1439 870 1473 τε
919 1416 1024 1472 οὖν
1078 1421 1215 1472 ἄλλα
1264 1420 1442 1473 πάντα
1492 1421 1764 1488 εἰρήσεται
1814 1420 1912 1472 τὸν

152 1533 191 1564 15
217 1512 420 1581 χρόνον
458 1510 548 1563 καὶ
589 1502 679 1562 οἶα
719 1510 856 1579 πρὸς
893 1510 992 1562 τὸν
1030 1518 1143 1562 τῶν
1175 1508 1483 1577 ἀμεινόνων
1514 1508 1752 1576 ἄγγελον
1786 1529 1912 1562 του-

216 1598 338 1652 τονὶ
378 1597 691 1668 διελέχθης,
748 1597 833 1650 ὅτι
874 1594 915 1651 ὦ
965 1600 1042 1650 σὺ
1092 1595 1310 1660 δείξας
1357 1598 1636 1650 σεαυτὸν
1687 1596 1755 1650 ἐν
1794 1598 1911 1651 οὐκ

217 1688 476 1757 ὀλίγαις
515 1687 723 1757 ὁδοῖς,
765 1688 1029 1761 φάνηθί
1060 1707 1169 1754 μοι
1208 1694 1353 1755 νῦν,
1395 1687 1448 1738 εἰ
1487 1683 1603 1755 μὲν
1640 1679 1785 1739 οἷόν
1821 1706 1911 1754 τε,

217 1779 500 1843 θάττων,
571 1777 627 1830 εἰ
690 1773 758 1829 δὲ
820 1778 925 1844 μή,
997 1779 1145 1843 μήτι
1207 1795 1275 1843 γε
1338 1775 1755 1843 βραδύτερος.
1833 1775 1914 1837 ὡς

151 1889 192 1920 19
217 1869 417 1935 ἔγωγε
455 1867 679 1932 κάμνω
711 1874 842 1928 τοῖς
873 1874 982 1934 τῆς
1013 1864 1405 1933 Ἀντιοχείας
1444 1872 1696 1931 κακοῖς,
1734 1864 1767 1932 ἣ
1801 1884 1912 1931 γυ-

129 1969 170 2011 R
191 1972 276 2011 695
331 1956 556 2017 ναικὸς
613 1954 619 2022 Ι
675 1956 845 2026 νόσω
900 1952 1286 2021 πιεζομένης
1341 1949 1530 2005 οὐδὲν
1585 1951 1912 2022 διαφέρει.

339 2119 364 2157 2
400 2114 461 2158 cf.
487 2129 531 2170 p.
562 2119 786 2170 12‚12sq.

341 2252 367 2291 3
401 2244 485 2291 οὖν
517 2247 566 2290 in
590 2260 666 2290 ras
691 2246 747 2290 1³
808 2246 960 2300 δήπου
985 2246 1054 2289 Va
1182 2250 1209 2288 4
1244 2244 1389 2288 ὄντων
1417 2246 1484 2289 Va
1614 2248 1638 2287 6
1671 2243 1722 2302 ἃ]
1749 2242 1818 2288 ὅτι
1851 2243 1910 2287 τὰ

223 2305 369 2351 Cobet
392 2307 560 2350 Mnem.
579 2306 621 2349 V
641 2309 724 2349 138
751 2304 882 2362 (Coll.
904 2307 1005 2362 118)
1044 2307 1051 2361 Ι
1090 2304 1323 2348 ἐπικλύειν
1348 2304 1533 2347 BMVa
1715 2307 1738 2346 7
1774 2302 1910 2360 ἐμνη-

222 2366 510 2422 μονεύσαμεν
542 2365 644 2408 Mor
824 2369 849 2407 8
890 2365 1062 2408 οὐκοῦν
1096 2364 1163 2407 Va
1220 2367 1225 2419 Ι
1284 2362 1551 2419 ἐπαγγεῖλαι
1582 2360 1626 2406 τί
1659 2363 1857 2407 ΜοΒΜ

223 2430 247 2468 9
282 2423 380 2475 οἶός
403 2425 437 2468 Ι
463 2425 544 2468 sed
570 2423 582 2438 '
600 2426 647 2468 et
678 2421 724 2468 οἳ
754 2423 803 2467 in
826 2437 902 2468 ras
927 2436 982 2466 ex
1007 2422 1053 2466 οἳ
1077 2436 1179 2465 corr
1195 2421 1264 2464 m³
1325 2418 1424 2473 οἶός
1445 2420 1495 2466 τέ
1516 2438 1586 2472 τις
1609 2422 1711 2465 Mor
1737 2424 1742 2477 Ι
1771 2421 1912 2479 ἀνὴρ]

223 2482 282 2528 ἂν
309 2480 337 2543 ᾖ
361 2483 507 2528 Cobet
530 2483 547 2526 l
577 2483 606 2527 1.
785 2486 839 2526 10
870 2482 922 2526 τὸ
948 2488 1102 2538 ψυχῆς
1133 2477 1257 2531 εἶδος
1283 2508 1334 2513 -
1361 2481 1579 2538 μηνύεται
1615 2480 1731 2524 citat
1753 2480 1913 2523 Macar

222 2542 301 2588 fol.
329 2547 407 2586 88v
458 2545 464 2599 1
515 2542 657 2586 αὑτὸν
690 2543 767 2586 ΡΙ
803 2542 885 2586 sed
909 2539 920 2556 ³
955 2554 979 2584 e
1009 2539 1020 2554 ’
1059 2554 1160 2583 corr
1183 2540 1315 2584 P²I³
1406 2540 1551 2584 αὐτὸν
1585 2541 1733 2584 ΜοΜ
1752 2539 1854 2582 Mor

224 2602 377 2646 αὐτῶν
412 2603 479 2646 Va
626 2606 677 2645 11
713 2600 903 2656 ἄριστον
937 2600 987 2645 ἐν
1012 2600 1282 2644 PIMoBM
1290 2601 1332 2643 V
1351 2600 1452 2643 Mor
1604 2603 1657 2642 12
1693 2604 1911 2654 φανεῖται

223 2660 327 2704 coni
358 2660 460 2704 Mor
583 2665 636 2703 13
669 2657 769 2704 τόδ’
792 2661 928 2704 ΑΡΒ
971 2659 977 2716 Ι
1018 2657 1046 2713 ἥ
1077 2659 1139 2717 τι]
1172 2656 1199 2714 ἢ
1231 2656 1275 2701 τί
1299 2660 1333 2701 Ι
1388 2657 1491 2713 ἤτοι
1518 2659 1602 2701 Mo
1624 2657 1725 2700 Mor
1768 2658 1774 2712 Ι
1815 2672 1911 2699 τοι-

227 2771 365 2808 οῦτον
390 2766 423 2806 Ι
449 2764 530 2806 sed
555 2781 582 2807 ν
607 2777 708 2806 eras
833 2767 885 2806 16
920 2761 1180 2819 διειλέχθης
1206 2763 1248 2807 V
1269 2765 1274 2818 Ι
1303 2758 1337 2805 ὦ
1362 2775 1417 2805 ex
1443 2758 1477 2804 ὦ
1502 2774 1603 2804 corr
1626 2762 1659 2804 Ι
1666 2760 1683 2785 ⁸
1710 2729 1911 2815 Ισὲἳευτὸν

237 2824 279 2866 V
333 2822 504 2866 σαυτὸν
528 2823 596 2866 Re
742 2826 794 2864 17
840 2819 1009 2877 ὀλίγοις
1035 2823 1184 2865 ΜοΜ
1324 2825 1378 2863 18
1409 2824 1587 2864 θᾶττον
1614 2819 1724 2863 MV
1750 2818 1830 2862 sed
1861 2817 1911 2860 in

225 2883 314 2925 hoc
345 2882 392 2924 in
425 2895 559 2938 marg
589 2880 779 2924 θάττων
810 2895 848 2935 r,
889 2880 957 2924 Va
982 2880 1084 2923 Mor
1116 2883 1163 2923 eb
1195 2894 1219 2922 e
1250 2879 1438 2922 θάττων
1471 2879 1621 2922 corrI
1747 2881 1800 2919 19
1832 2882 1912 2932 τῆς

228 2955 303 2983 om
328 2940 395 2983 Re
423 2942 428 2995 Ι
456 2937 506 2997 ἣ]
540 2937 617 2983 οἷα
643 2939 742 2983 Mor
863 2943 918 2981 20
951 2938 1164 2995 διαφέρει
1197 2953 1271 2982 om
1302 2939 1385 2983 Mo
1446 2935 1684 2992 διαφέρων
1715 2936 1817 2979 Mor
