2060 3162
256 149 365 202 426
600 174 605 179 .
809 147 1037 192 LIBANH
1069 147 1293 192 ORATIO
1326 148 1408 192 XX

256 287 540 355 πομαχία
607 285 998 355 τρώσαντες,
1068 283 1481 355 ἀμφοτέρους
1549 284 1792 354 ἐγέλων
1861 289 1941 349 ὡς

257 374 374 426 οὐκ
428 376 616 436 ὄντος
668 380 783 426 τοῦ
834 377 1362 442 χάλεπανοῦντος
1411 373 1571 443 ὑπὲρ
1619 362 1940 428 τοιούτων

255 471 470 515 κακῶν
532 458 686 514 οὐδὲ
739 460 1334 530 καταλελειμμένου
1388 470 1501 514 τοῦ
1564 462 1938 531 ληψομένου

257 551 476 618 δίκην,
541 553 785 613 πόσους
839 549 978 603 δέοι
1040 549 1184 603 καθ’
1230 550 1504 604 ἕκαστον
1566 561 1693 604 τῶν
1753 551 1938 621 ὑβρι-

212 659 231 691 5
257 638 513 706 σμένων
551 638 944 702 ἀποθανεῖν;

371 728 453 780 11.
496 728 719 780 Οὐκοῦν
757 728 818 780 τὸ
859 724 960 796 μὲν
999 729 1224 799 θανάτῳ
1265 731 1456 796 λαβεῖν
1493 728 1631 797 ὑπὲρ
1672 726 1940 781 τοιούτων

254 818 520 885 τιμωρίαν
567 817 862 885 ἄμεμπτον,
912 817 1154 884 διότιπερ
1203 819 1457 884 ἔννομον,
1507 817 1569 870 τὸ
1611 814 1670 869 δὲ
1717 818 1788 886 μὴ
1828 836 1939 869 τοι-

256 906 422 972 αύτης
470 906 738 973 δεηθῆναι
786 906 942 972 δίκης
991 905 1197 974 ἥμερον
1242 906 1331 958 καὶ
1377 906 1437 957 τὸ
1485 905 1584 974 μὲν
1632 906 1770 968 ὅλως
1812 895 1939 958 τινὰ

258 996 447 1102 λαβεῖν
477 999 902 1061 νουθετοῦντος,
941 994 1002 1046 τὸ
1037 994 1098 1046 δὲ
1128 990 1264 1061 μηδε
1304 995 1632 1062 τηλικαύτην
1669 991 1850 1064 πρᾴου
1881 1012 1939 1046 τε

191 1103 234 1135 10
258 1081 347 1134 καὶ
387 1082 729 1152 πειρωμένου
770 1091 887 1145 τοῖς
918 1087 1073 1144 θεοῖς
1112 1084 1189 1145 εἰς
1221 1082 1356 1135 ὅσον
1387 1075 1508 1135 οἷόν
1538 1101 1595 1134 τε
1628 1081 1940 1151 ἀφομοιοῦν

256 1169 466 1224 ἑαυτόν.
513 1174 571 1223 τί
598 1172 701 1240 γὰρ
735 1173 802 1240 δὴ
834 1172 895 1224 τὸ
933 1171 1169 1235 Ἡκεινων;
1213 1171 1294 1223 12.
1337 1173 1558 1224 ἄνωθεν
1596 1191 1697 1238 μεν
1729 1171 1940 1224 ἅπαντα

165 1271 313 1316 R658
362 1266 646 1330 καθορῶσι
692 1258 781 1312 καὶ
829 1259 1149 1327 ἀκούουσιν,
1205 1258 1266 1312 ἐν
1306 1259 1354 1311 δ’
1387 1255 1456 1312 αὖ
1496 1268 1610 1322 τοῖς
1649 1258 1738 1312 ἐπὶ
1787 1258 1793 1330 Ι
1843 1267 1941 1327 γῆς

254 1348 700 1417 καὶήλεγομένοις
745 1347 836 1401 καὶ
882 1348 1275 1418 πραττομένοις
1322 1349 1623 1418 ἀδικήματα
1670 1348 1846 1401 πολλοὶ
1883 1367 1940 1400 τε

254 1438 392 1490 ἄλλα
429 1439 518 1490 καὶ
559 1439 626 1506 δὴ
665 1438 756 1490 καὶ
795 1438 927 1491 ὅταν
975 1436 1046 1490 δι’
1078 1437 1281 1500 αὑτοὺς
1327 1439 1617 1508 ἄνθρωποι
1663 1438 1939 1507 πράττωσι

188 1546 230 1579 15
254 1536 455 1595 κακῶς,
510 1527 829 1580 ἀδικεῖσθαί
871 1546 929 1579 τε
976 1525 1199 1594 λέγουσι
1245 1525 1370 1596 παρ’
1403 1525 1628 1579 ἐκείνων
1677 1526 1767 1578 καὶ
1817 1525 1939 1592 βλέ-

256 1633 453 1678 ποντες
504 1617 582 1678 εἰς
630 1616 728 1669 τὸν
779 1616 1022 1685 οὐρανὸν
1070 1616 1299 1678 οὐδενὸς
1349 1614 1637 1684 ἀπέχονται
1688 1615 1936 1684 ῥήματος.

254 1701 409 1757 εἶδον
455 1703 561 1772 ἐγώ
608 1724 762 1767 τινας
811 1703 900 1757 καὶ
948 1706 1146 1767 λίθους
1199 1703 1280 1757 ἐπ’
1312 1704 1483 1757 αὐτὸν
1534 1703 1806 1772 ἀφιέντας.
1883 1704 1935 1756 οἱ

254 1791 306 1844 δ’
338 1791 399 1845 ἐν
445 1794 680 1863 τοσαύτῃ
730 1793 961 1859 δυνάμει
1015 1800 1114 1845 τοῦ
1166 1796 1356 1861 λαβεῖν
1403 1793 1580 1859 δίκην,
1635 1793 1686 1843 εἰ
1735 1793 1936 1860 βουλη-

252 1886 426 1948 θεῖεν,
467 1884 620 1943 ὕντες
659 1882 725 1934 οὐ
766 1882 1076 1949 βούλονται.
1154 1882 1201 1934 εἰ
1240 1879 1293 1933 δ’
1321 1882 1524 1933 ἅπασιν
1564 1880 1783 1932 εἵποντο
1822 1888 1938 1942 τοῖς

186 1989 230 2023 20
256 1970 527 2032 τοιούτοις
581 1971 641 2022 αἶ
691 1971 859 2037 δίκαι,
921 1970 1097 2022 πάντα
1152 1968 1221 2022 ἂν
1272 1965 1343 2037 ἧν
1395 1968 1521 2022 καθ’
1563 1968 1774 2037 ἡμέραν
1825 1977 1936 2020 τῶν

253 2057 650 2126 ἀπολλυμένων
702 2058 838 2111 πλέα
891 2057 982 2110 καὶ
1037 2057 1155 2111 οὐδ’
1195 2057 1264 2110 ἂν
1317 2057 1583 2126 ἐξήρκουν
1636 2058 1689 2109 οἱ
1744 2059 1936 2120 ζῶντες

252 2147 388 2214 πρὸς
426 2147 521 2208 τὰς
559 2147 746 2214 ταφάς.
823 2154 930 2199 νῦν
962 2144 1021 2198 δὲ
1060 2147 1147 2198 καὶ
1181 2145 1242 2199 ἐν
1275 2145 1420 2217 αὐτῷ
1454 2146 1630 2215 τούτῳ
1667 2145 1727 2196 τὸ
1760 2145 1935 2212 κρείτ-

371 2311 397 2348 3
430 2313 587 2349 κακῶν
619 2305 728 2349 οὐδὲ
762 2319 836 2349 om
861 2305 962 2348 Mor
1123 2310 1149 2347 4
1181 2303 1417 2363 πόσους],
1423 2307 1626 2359 ‚fortasse
1658 2301 1756 2348 εἶτα
1789 2305 1933 2349 deest“

251 2365 319 2408 Re
380 2362 440 2408 ἂν
470 2364 654 2408 videtur
684 2365 980 2407 inserendum
1015 2367 1020 2420 Ι
1059 2362 1352 2408 καθέκαστον
1385 2341 1487 2408 I'Pa
1609 2368 1633 2407 6
1665 2371 1726 2407 τῶ
1753 2364 1880 2408 PaU

252 2428 278 2467 8
310 2423 416 2467 τινὰ
447 2431 614 2479 πεῖραν
645 2425 802 2481 λαβεῖν
828 2424 901 2467 Ρα
1034 2428 1057 2466 9
1091 2422 1151 2479 μὴ
1185 2422 1234 2467 δὲ
1269 2424 1561 2468 CAPIPaM
1618 2440 1677 2479 μη
1713 2423 1888 2467 VTUB
1923 2423 1928 2480 Ῐ

250 2498 405 2537 πραου
435 2483 573 2526 ΙΒΜ
701 2487 751 2526 11
787 2479 976 2527 ἐκείνων
1008 2484 1053 2526 Ρ
1075 2482 1164 2525 edd
1193 2485 1198 2538 Ι
1227 2482 1414 2526 ἄνωθεν
1446 2484 1552 2538 post
1584 2482 1836 2526 ἀκούουσιν
1861 2482 1934 2525 Ρα

256 2542 260 2599 1
297 2541 482 2584 ἅπαντα
513 2542 594 2597 μὲν
619 2543 690 2586 Pa
813 2546 865 2584 12
900 2542 1058 2591 αυτοῖς
1081 2542 1114 2584 Ι
1231 2545 1283 2584 13
1317 2557 1364 2598 γε
1389 2541 1490 2584 Mor
1605 2546 1658 2583 14
1692 2538 1758 2584 ὅτ’
1778 2538 1837 2584 ἂν
1857 2540 1928 2614 ΑΙ

253 2600 421 2650 αὐτοὺς
443 2601 673 2644 VIPaTB
701 2603 707 2657 Ι
733 2599 986 2655 πραττουσι
1010 2602 1084 2644 Ρα
1205 2605 1259 2643 15
1293 2601 1372 2643 καὶ
1404 2599 1646 2658 βλέποντες
1678 2626 1732 2631 -
1767 2603 1819 2642 16
1853 2595 1931 2655 ῥ’ή-

251 2674 393 2714 ματος
423 2659 539 2702 citat
568 2659 685 2702 Plan
717 2658 795 2702 fol.
815 2661 923 2702 103v
973 2661 978 2715 Ι
1028 2659 1107 2702 καὶ
1139 2672 1214 2702 om
1238 2659 1340 2702 Mor
1384 2662 1390 2715 Ι
1436 2657 1842 2717 ἐκβλέποντεςΜοτ,
1876 2674 1930 2714 γρ

253 2716 551 2775 ἐμβλέποντες
588 2719 636 2761 in
667 2732 801 2774 marg
850 2718 974 2773 quod
1012 2717 1227 2775 probavit
1256 2718 1325 2762 Re
1349 2718 1486 2761 Anim
1543 2721 1548 2774 Ι
1605 2716 1765 2774 λέγωσι
1797 2718 1844 2759 et
1878 2721 1930 2760 16

251 2774 515 2833 ἀπέχωνται
548 2776 749 2820 Sintenis
932 2781 984 2820 16
1031 2776 1113 2820 τὸν
1153 2790 1228 2820 om
1260 2778 1370 2820 ΒΜ
1422 2779 1428 2833 1
1485 2775 1742 2843 ἀπέχοντας
1772 2775 1873 2818 Mor

254 2839 307 2878 17
340 2836 510 2886 αὐτοὺς
542 2837 585 2879 V
616 2837 621 2891 Ι
650 2834 703 2879 οι
725 2837 904 2880 VIBM
959 2835 1005 2879 οἳ
1029 2837 1073 2879 Α
1211 2841 1264 2879 18
1295 2835 1495 2894 τοσαύτῃ
1526 2834 1711 2890 reposui
1743 2846 1768 2876 e
1798 2833 1931 2876 libris

309 2894 498 2952 τοιαύτῃ
525 2895 614 2937 edd
735 2899 791 2938 20
822 2892 963 2937 πάντ’
993 2896 1061 2951 Vl
1089 2890 1148 2950 ἦν
1173 2909 1247 2938 om
1272 2896 1345 2938 Pa
1371 2897 1376 2950 Ι
1405 2881 1680 2950 καθημέραν
1714 2893 1787 2936 VI
1788 2894 1935 2937 TBM

313 2957 367 2995 22
401 2953 465 3003 εἰς
497 2954 567 3009 ΠΙ
595 2953 677 3004 τὰς
709 2967 783 2997 om
808 2954 918 2997 ΒΜ
