2060 3162
974 858 1170 911 XVIII.

341 1011 513 1061 Oratio
546 1011 716 1060 XVIII
762 1012 900 1060 cuius
938 1011 1115 1059 titulus
1154 1012 1207 1059 in
1245 1010 1384 1059 libris
1433 1013 1507 1059 est
1545 1009 1800 1073 ἐπιτάφιος
1838 1010 1916 1060 ἐπὶ

223 1083 472 1154 Ἰουλιανῷ
505 1087 586 1134 vel
617 1085 685 1143 εἰς
717 1083 800 1133 τὸν
835 1079 1123 1147 Ἰουλιανόν,
1165 1101 1261 1147 quo
1296 1101 1422 1132 anno
1456 1085 1679 1133 confecta
1711 1086 1789 1147 sit,
1831 1085 1916 1133 diu

227 1163 279 1208 in
313 1161 646 1209 controversia
683 1160 781 1207 fuit
820 1174 875 1206 ac
907 1175 967 1206 ne
998 1158 1144 1206 hodie
1184 1159 1383 1220 quidem
1415 1161 1622 1207 constat.
1699 1160 1829 1206 Nam
1860 1161 1919 1206 ut

229 1234 453 1283 Socrates
467 1227 507 1300 ¹)
557 1250 665 1282 eam
703 1233 792 1280 sub
831 1233 1026 1281 Ioviani
1064 1233 1272 1294 imperio
1312 1233 1640 1294 conscriptam
1680 1248 1783 1280 esse
1823 1233 1917 1280 sibi

226 1310 561 1371 persuaserat,
607 1308 681 1355 ita
730 1307 785 1354 E.
826 1307 885 1354 de
924 1307 1121 1354 Borries
1168 1322 1324 1368 nuper
1336 1300 1378 1373 ²)
1433 1322 1618 1354 annum
1658 1307 1762 1353 363
1813 1307 1918 1354 eius

225 1383 444 1430 natalem
482 1382 633 1429 fuisse
673 1381 862 1429 statuit.
939 1380 1009 1427 At
1053 1382 1110 1427 ut
1154 1380 1282 1427 hanc
1322 1381 1602 1442 opinionem
1650 1381 1917 1442 amplecta-

226 1473 357 1517 mur,
404 1455 653 1504 nonnullis
700 1455 844 1502 rebus
885 1469 1009 1515 quae
1056 1454 1204 1501 initia
1253 1454 1450 1515 imperii
1487 1454 1828 1502 Valentiniani
1869 1456 1918 1502 et

226 1530 451 1577 Valentis
483 1530 754 1590 respiciunt
784 1529 838 1575 in
866 1529 1088 1575 oratione
1119 1528 1199 1575 vel
1231 1529 1623 1575 commemoratis
1655 1527 1734 1575 vel
1766 1529 1918 1591 signi-

226 1603 385 1651 ficatis
426 1603 754 1665 prohibemur.

337 1676 410 1724 Ac
448 1676 664 1738 primum
704 1675 902 1736 quidem
940 1681 1031 1723 res'
1057 1677 1215 1737 partis
1254 1676 1432 1736 prioris
1481 1675 1598 1722 anni
1640 1675 1744 1722 364
1791 1674 1918 1721 indi-

228 1752 342 1799 cant
380 1751 531 1798 verba
568 1766 615 1811 p.
652 1750 780 1810 620,
815 1751 879 1796 21
908 1748 953 1795 R
998 1747 1203 1796 Σκύθαι
1250 1745 1301 1796 δὲ
1340 1746 1422 1796 καὶ
1461 1747 1782 1813 Σαυρομάται
1835 1746 1917 1795 καὶ

225 1821 398 1872 Κελτοὶ
447 1821 528 1871 καὶ
579 1830 679 1870 πᾶν
731 1821 848 1870 ὅσον
902 1821 1153 1886 βάρβαρον
1204 1819 1369 1887 ἠγάπα
1422 1823 1509 1885 ζῆν
1561 1820 1613 1870 ἐν
1665 1821 1918 1882 σπονδαῖς,

225 1889 376 1954 αὖθις
414 1895 471 1944 τὰ
511 1897 629 1959 ξίφη
670 1895 911 1959 θήξαντες
950 1894 1368 1961 ἐπιστρατεύουσι,
1409 1893 1741 1959 διαπλέουσιν,
1780 1893 1916 1942 ἀπει-

226 1973 392 2033 λοῦσι,
454 1969 632 2034 δρῶσι,
695 1969 953 2027 διώκοντες
1009 1968 1227 2033 αἱροῦσι,
1290 1967 1580 2031 διωκόμενοι
1635 1974 1916 2033 κρατοῦσιν,

227 2041 385 2109 ὥσπερ
442 2040 622 2091 οἰκέται
676 2040 887 2108 πονηροὶ
943 2041 1181 2090 δεσπότου
1236 2041 1622 2104 τετελευτηκότος
1677 2038 1917 2105 ὀρφανοῖς

226 2115 615 2179 ἐπανιστάμενοι,
642 2131 766 2176 quae
791 2118 896 2162 iure
923 2114 1194 2163 Sieversius
1218 2115 1296 2162 1.1.
1330 2132 1375 2176 p.
1396 2115 1499 2161 253
1528 2114 1591 2161 ad
1614 2114 1916 2162 incursiones

226 2205 354 2238 anno
390 2190 493 2238 364
536 2206 565 2237 a
604 2188 859 2250 Sarmatis,
897 2187 1204 2247 Alamannis,
1245 2186 1417 2235 Gothis
1456 2189 1613 2235 factas
1625 2181 1667 2253 3)
1706 2188 1916 2235 rettulit.

225 2264 356 2311 Nam
392 2263 542 2312 verba
582 2261 821 2310 eiusmodi
860 2264 989 2321 sunt,
1027 2263 1110 2308 vix
1141 2263 1198 2308 ut
1228 2276 1339 2309 cum
1362 2254 1658 2326 Waldeno4)
1701 2262 1762 2308 ad
1794 2264 1915 2308 tem-

348 2420 388 2474 1)
420 2418 539 2461 Hist.
559 2416 751 2461 echIII
767 2420 822 2459 22
847 2415 1023 2459 τούτων
1048 2414 1417 2470 ὃιαγγελθέντων
1443 2416 1489 2472 (i.
1507 2429 1543 2459 e.
1569 2415 1652 2459 ubi
1675 2415 1915 2459 Iovianum

226 2477 553 2532 imperatorem
585 2475 785 2520 electum
816 2488 916 2519 esse
955 2473 1274 2517 renuntiatum
1314 2476 1400 2531 est)
1449 2502 1503 2507 —
1549 2473 1651 2519 τότε
1691 2474 1749 2530 δὴ
1780 2474 1860 2517 καὶ
1892 2472 1916 2516 ὃ

226 2534 447 2590 σοφιστὴς
470 2535 695 2593 Λιβάνιος
724 2538 909 2590 θρῆνον
942 2532 1018 2577 ἐπὶ
1046 2531 1284 2592 Ἰουλιανῷ
1319 2533 1603 2588 συνέταττεν,
1640 2532 1692 2577 ὃν
1721 2530 1917 2576 Ἰουλια-

226 2593 309 2637 νὸν
349 2592 450 2647 ἤτοι
482 2594 732 2649 ἐπιτάφιον
773 2593 991 2649 ἔγραψεν,
1033 2590 1082 2635 ἐν
1116 2584 1151 2650 ᾧ
1185 2589 1302 2651 λόγῳ
1334 2591 1488 2636 πάντα
1521 2592 1686 2650 σχεδὸν
1718 2590 1774 2633 τὰ
1806 2587 1913 2634 κατ’

227 2651 368 2695 αὐτὸν
401 2653 768 2709 ἐγκωμιαστικῶς
800 2651 1027 2707 διεξῆλθε.

346 2713 389 2766 2)
422 2710 576 2754 Herm.
603 2710 775 2754 XXVII
801 2714 897 2752 176.

345 2771 388 2824 3)
422 2768 487 2812 Cf.
520 2771 668 2812 Amm.
695 2769 755 2812 M.
781 2767 929 2811 XXVI
953 2771 994 2822 4,
1013 2772 1051 2810 ὅ.
1117 2766 1215 2810 Ζοε.
1242 2767 1306 2810 IV
1332 2771 1372 2822 3,
1390 2771 1430 2811 4.

230 2827 632 2942 18993)piI}:¹-}232sd
667 2827 852 2871 Studies
894 2827 943 2869 in
983 2825 1207 2869 Classical
1245 2825 1489 2882 philology
1526 2825 1614 2869 vol.
1639 2824 1681 2867 X
1725 2823 1917 2881 (Boston
