2060 3162
213 121 329 173 ’168
752 121 978 166 LIBANII
1010 122 1234 169 ORATIO
1266 124 1371 168 XV1

222 254 474 326 ἔμπειρος
513 267 622 310 τῶν
652 255 779 310 καθ’
811 257 1020 329 ἡμέραν
1050 259 1459 330 πραττομένων;
1499 259 1616 313 ἀλλ’
1647 261 1720 323 ὡς
1753 262 1904 331 ἰσχυ-

224 347 448 415 ρότερον
487 350 753 415 λογισμοῦ
791 346 980 417 τρέφει
1019 350 1228 415 θυμόν;
1282 349 1312 402 >ὁ
1363 351 1493 412 τοὺς
1531 349 1909 419 ἀκονήσαντας

133 447 278 490 R491
328 432 332 487 ἷ
376 432 453 486 ἐπ’
495 434 665 487 αὐτὸν
704 433 833 504 ξίφη
874 438 969 504 ζῆν
1009 435 1192 505 ἀφείς;
1232 435 1348 490 ἀλλ’
1382 437 1526 500 ὅπως
1566 439 1906 508 δημεύσειεν,

224 525 396 586 αἰτίας
441 523 662 576 πλάττει
701 524 884 589 κενάς;
939 523 967 577 ὁ
1006 526 1106 594 τὴν
1145 525 1377 596 ἀρχαίαν
1414 534 1513 579 τοῦ
1552 535 1762 597 χρυσοῦ
1803 547 1904 596 φο-

180 634 198 664 5
226 613 327 682 ραν
375 620 490 674 τοῖς
537 613 729 681 δήμοις
776 612 948 678 ἀνείς;
1003 613 1140 667 ἀλλὰ
1184 616 1465 685 θηριώδης
1503 617 1820 686 ἄνθρωποςς
1875 615 1908 669 ὁ

223 701 460 769 βαδίζων
499 703 577 764 εἰς
617 702 734 770 ἱερὰ
771 700 863 754 καὶ
902 710 1017 765 τοῖς
1067 702 1387 772 ἀρχομένοις
1433 703 1736 773 ἀναμιγνὺς
1783 703 1906 757 ἑαυ-

223 791 322 843 τὸν
359 788 450 842 καὶ
491 789 725 854 δικάζων
759 788 946 860 πρᾴως
977 791 1066 844 καὶ
1097 790 1220 859 περὶ
1252 800 1364 845 τῶν
1394 792 1669 863 ἡμετέρων
1699 791 1908 847 τέκνων

226 879 515 947 ἀνερωτῶν
563 877 653 931 καὶ
703 881 927 948 χαίρων,
982 884 1037 932 εἴ
1079 900 1131 932 τι
1177 890 1289 933 τῶν
1337 885 1521 934 καλῶν
1574 881 1908 950 ἐπιτηδεύοι;

225 967 310 1020 20.
371 966 567 1020 πολλοὶ
620 967 890 1037 μάρτυρες
949 966 1194 1037 ἥξουσιν,
1256 966 1298 1022 ὦ
1354 970 1549 1039 ἄνδρες
1603 969 1909 1040 Ἀντιοχεῖς,

161 1079 202 1109 10
226 1055 415 1128 ἐκείνω
455 1059 824 1125 βοηθοῦντες,
874 1059 1060 1120 πόλεις
1104 1060 1320 1127 μυριάι,
1374 1055 1514 1127 ἔθνη
1561 1060 1784 1128 μεγάλα,
1837 1067 1908 1128 γῆ

226 1143 316 1197 καὶ
355 1145 618 1213 θάλαττα,
658 1145 857 1207 πάντες
895 1147 948 1198 οἱ
986 1148 1278 1214 νεμόμενοι
1316 1147 1417 1215 τὴν
1454 1147 1611 1217 μέχρι
1649 1156 1744 1216 τῆς
1782 1148 1909 1217 ἡμε-

227 1233 383 1301 τέρας
423 1233 527 1286 ἀπὸ
559 1243 670 1286 τῶν
701 1242 800 1287 τοῦ
834 1232 1031 1303 Ῥήνου
1064 1235 1367 1304 ῥευμάτων,
1405 1235 1505 1305 ὑφ’
1535 1231 1614 1288 ὧν
1653 1236 1913 1290 ἁπάντων

228 1322 581 1390 ἀγαπώμενος
635 1323 711 1385 εἰς
763 1324 990 1391 ταυτηνὶ
1042 1326 1494 1393 προπεμπόμενος
1545 1321 1691 1393 ἧκεν.
1777 1326 1912 1379 ὅταν

220 1407 334 1464 ὀὖν
374 1410 763 1481 ἀπαρέσκωμεν
808 1413 970 1480 μόνοι
1016 1410 1106 1464 καὶ
1151 1414 1341 1479 μόνοις
1390 1412 1589 1483 ἐγκαλῇ
1640 1416 1770 1477 τοὺς
1819 1416 1912 1467 ἄλ-

162 1521 204 1553 15
230 1504 363 1562 λους
399 1497 657 1569 ἐπαινῶν,
707 1501 807 1553 οὐκ
846 1498 1060 1554 ἐκεῖνον
1099 1502 1241 1564 εἰκὸς
1278 1501 1735 1570 μεταβεβληκέναι
1782 1505 1915 1565 τοὺς

229 1590 488 1657 τρόπους,
558 1587 674 1641 ἀλλ’
724 1588 862 1658 ἡμᾶς
924 1589 1025 1642 οὐκ
1087 1590 1311 1659 εὐήνιον
1371 1597 1749 1660 παρεσχῆσθαι
1811 1593 1914 1660 τὴν

228 1680 405 1730 πόλιν.
1040 1682 1044 1686 ’
1321 1700 1324 1703 “

341 1767 426 1819 21.
470 1766 659 1830 Οὕτως
691 1764 965 1835 ἐξετάζων,
1006 1763 1047 1820 ὦ
1079 1767 1276 1838 ἄνδρες
1305 1771 1539 1837 πολῖται,
1578 1768 1914 1839 τάπεπραγ-

231 1855 366 1920 μένα
405 1859 615 1923 μᾶλλον
648 1855 790 1924 ἡμᾶς
828 1857 1026 1919 αἰτίαις
1064 1854 1420 1925 ἐνεχομένους
1458 1856 1490 1925 ἢ
1532 1870 1914 1926 συκοφαντου-

167 1965 208 1996 20
232 1942 431 2011 μένους
479 1943 728 2011 εὑρίσκω.
805 1945 852 1996 εἰ
902 1945 963 1997 δὲ
1010 1946 1094 1997 δεῖ
1132 1943 1222 1998 καὶ
1261 1944 1612 2015 σαφεστέρων
1651 1945 1913 2014 ἐγκλημά-

232 2052 342 2084 των
381 2031 629 2095 ἅψασθαι
676 2033 765 2084 καὶ
805 2033 993 2085 δακεῖν
1039 2033 1140 2101 μὲν
1184 2034 1348 2102 ὑμᾶς,
1396 2034 1673 2102 ὠφελῆσαι
1721 2034 1804 2102 δέ,
1851 2035 1914 2087 τὸ

144 2135 290 2177 R492
330 2120 430 2188 μὲν
470 2120 541 2182 ὡς
578 2120 948 2189 κατεκρύψατε
987 2122 1051 2172 τὰ
1089 2122 1234 2190 παρὰ
1273 2131 1383 2174 τῶν
1421 2121 1607 2191 ἀγρῶν
1651 2121 1741 2175 καὶ
1776 2121 1782 2194 Ι
1818 2123 1916 2175 δυ·

234 2209 459 2277 νάμενοι
519 2215 849 2276 καταστῆσαι
912 2211 1163 2278 λαμπρὰν
1223 2211 1324 2278 τὴν
1377 2209 1585 2279 ἀγορὰν
1639 2211 1783 2273 ὅπως
1837 2213 1916 2274 εἰς

235 2298 429 2350 στενὸν
481 2295 620 2365 ἥξει,
675 2295 1040 2367 διεπράξασθε
1093 2296 1183 2350 καὶ
1233 2299 1475 2366 πόλεμον
1519 2300 1731 2368 ἤρασθε
1778 2300 1916 2368 πρὸς

355 2418 378 2456 2
412 2412 468 2456 cf.
501 2429 546 2469 p.
574 2418 642 2467 39,
663 2417 715 2455 12
731 2428 796 2468 sq.
919 2418 973 2456 22
1006 2413 1155 2456 Amm.
1181 2413 1309 2456 XXII
1336 2419 1404 2468 14,
1424 2419 1524 2469 leq.

356 2522 376 2559 1
412 2515 688 2573 καθημέραν
719 2517 761 2560 V
785 2518 790 2573 Ι
819 2516 962 2567 ἄλλως
980 2519 1063 2561 ΜΟ
1185 2521 1209 2559 2
1244 2516 1267 2560 ὁ
1292 2516 1340 2559 in
1366 2517 1420 2560 οὐ
1447 2532 1546 2561 corr
1572 2520 1655 2562 Mo
1777 2522 1801 2560 3
1836 2515 1912 2561 ἐπ’

238 2575 379 2618 αὐτὸν
411 2575 731 2630 ἀκονήσαντας
764 2577 847 2620 Mo
886 2575 891 2633 Ι
931 2574 1006 2631 ἐφ’
1033 2575 1174 2619 αὑτὸν
1205 2575 1262 2619 τὰ
1293 2573 1405 2631 ξίφη
1440 2577 1529 2619 edd
1572 2579 1577 2632 Ι
1621 2575 1744 2626 ὅπως
1773 2578 1809 2619 Ι
1833 2576 1914 2618 sed

235 2649 334 2692 ιπως
364 2634 412 2676 in
436 2648 511 2677 ras
535 2635 605 2677 m²
739 2639 766 2677 4
797 2634 964 2686 καινάς
995 2635 1057 2678 M
1075 2635 1198 2678 Fabr
1229 2637 1274 2678 et
1306 2634 1517 2678 defendit
1546 2636 1614 2679 Re
1745 2641 1797 2679 11
1831 2634 1918 2690 τὴν

238 2707 313 2735 om
333 2694 415 2736 Mo
531 2698 583 2736 13
608 2694 781 2749 ταύτην
807 2695 931 2738 VMo
958 2695 964 2749 Ι
991 2691 1410 2750 παραπεμπόμενος
1426 2695 1553 2739 PUI
1569 2696 1615 2738 et
1639 2711 1693 2751 γρ
1717 2694 1766 2737 in
1782 2707 1919 2750 marg

239 2750 316 2794 Αἵ
487 2757 540 2793 14
574 2751 903 2808 ἂπαρέσκωμεν
939 2754 976 2797 G
1004 2752 1084 2796 sed
1116 2771 1150 2796 ω
1184 2765 1239 2795 ex
1271 2768 1294 2795 ο
1329 2766 1429 2795 con·
1451 2754 1481 2806 f
1646 2757 1699 2796 18
1731 2755 1916 2796 πολῖται

240 2823 313 2852 om
349 2811 392 2854 U
565 2815 618 2853 19
658 2811 775 2866 ὑμᾶς
814 2812 857 2855 U
884 2813 930 2854 et
963 2825 1102 2867 supra
1132 2810 1252 2866 ἡμᾶς
1282 2811 1339 2854 1³
1371 2814 1417 2855 et
1447 2811 1569 2854 Fabr
1618 2812 1623 2870 Ι
1674 2810 1919 2868 ἐχομένους

238 2865 361 2910 Fabr
481 2873 534 2911 20
568 2867 789 2924 εὑρίσκων
818 2871 899 2913 Mo
1021 2875 1074 2912 22
1108 2869 1236 2924 παρὰ
1259 2870 1383 2913 inser
1402 2871 1444 2914 A
1471 2873 1518 2914 et
1545 2870 1602 2915 Cf
1719 2874 1773 2912 23
1806 2873 1915 2925 λαμ·

240 2926 363 2980 πρὰν
394 2935 675 2984 καταστῆσαι
701 2930 783 2972 Mo
