2072 3162
218 74 288 127 68
748 73 976 117 LIBANII
1006 72 1229 118 ORATIO
1261 73 1368 117 XIII

217 210 300 263 ὅτι
338 217 532 279 καιροῦ
573 209 826 271 διδόντος
864 208 966 261 οὐκ
1012 207 1318 278 ἀμελήσεις,
1369 209 1626 278 δακρύων
1671 208 1772 274 μὲν
1810 207 1898 261 ἐπὶ

216 307 331 361 τοῖς
362 297 648 367 κειμένοις,
681 295 890 349 στένων
923 293 984 349 δὲ
1016 296 1104 349 ἐπὶ
1134 306 1250 360 τοῖς
1279 296 1683 366 σεσυλημένοις,
1715 296 1901 365 ἀλγῶν

220 388 281 440 δὲ
320 385 407 439 ε’πὶ
446 394 561 448 τοῖς
599 384 970 454 ὑβρισμένοις,
1011 386 1203 448 διδοὺς
1240 395 1354 448 τοῖς
1392 387 1627 454 πλησίον
1660 385 1800 453 ὁρᾶν
1837 383 1900 438 ἐν

219 484 284 546 τῇ
334 475 585 545 παρούσῃ
638 474 781 543 λύπῃ
831 474 933 542 τὴν
979 472 1246 542 ἐσομένην
1291 475 1574 542 βοήθειαν.
1653 474 1736 526 14.
1789 493 1901 526 τοι-

179 585 197 617 5
223 565 390 632 αύτης
444 559 504 615 δὲ
559 561 781 625 ἐλπίδος
835 561 1221 631 ἀναφυομένης
1271 564 1417 615 ἅπαν
1465 562 1602 616 ὅσον
1650 560 1902 632 ἔκκριτον

219 650 310 705 καὶ
349 660 488 706 νοῦν
528 653 656 720 ἔχον
706 649 767 704 ἐν
805 652 1010 723 ἠπείρῳ
1058 651 1148 703 καὶ
1194 654 1399 720 νήσοις,
1444 652 1578 718 μετὰ
1627 659 1729 704 σοῦ
1783 659 1903 713 ταῖς

220 741 462 803 εὐνοίαις
515 739 760 793 ἐτάττετο
815 740 1415 808 συγκατασκευάζοντες
1466 741 1566 808 τὴν
1619 741 1903 808 βασιλείαν

220 830 321 899 οὐχ
376 830 563 892 ὅπλοις
617 829 750 882 οὐδὲ
803 827 1035 897 ξίφεσιν,
1098 827 1214 881 ἀλλ’
1255 828 1440 898 εὐχαῖς
1492 829 1904 890 λανθανούσαις

217 919 310 971 καὶ
348 916 748 988 κρυπτομέναις
785 919 1033 986 θυσίαις,
1073 918 1265 986 μάντις
1303 937 1359 970 τε
1400 918 1537 979 ἅπας
1577 916 1796 986 ἐνεργὸς
1833 911 1903 984 ἧν

155 1028 197 1060 10
221 1006 511 1073 ἐπιθυμῶν
547 1012 860 1077 προμαθεῖν
898 1007 958 1059 τὸ
991 1014 1098 1060 νῦν
1130 1006 1427 1077 ὁρώμενον.
1498 1006 1624 1059 θεοὶ
1657 1002 1718 1058 δὲ
1750 1005 1904 1071 εὐμε-

220 1104 336 1157 νεῖς
375 1094 651 1148 ἐπένευον.
731 1094 813 1148 15.
866 1094 1007 1148 οὕτω
1048 1097 1190 1148 πολὺ
1228 1096 1336 1164 πρὸ
1375 1095 1602 1163 ταυτησὶ
1647 1101 1742 1162 τῆς
1779 1096 1905 1163 χλα-

220 1185 394 1251 μύδος
426 1182 737 1251 ἐβασίλευες
767 1185 856 1236 καὶ
881 1185 981 1253 τὴν
1005 1184 1179 1254 ἀρχὴν
1203 1178 1340 1253 εἶχες
1371 1181 1512 1255 ἔργῳ
1543 1181 1634 1236 καὶ
1664 1182 1772 1253 πρὸ
1805 1189 1904 1235 τοῦ

223 1275 505 1342 σχήματος.
573 1273 704 1325 ὅταν
736 1274 839 1342 γὰρ
879 1266 914 1344 ᾗ
951 1273 1096 1345 <τςο>
1134 1273 1195 1325 τὸ
1235 1274 1581 1341 βουλόμενον
1620 1273 1904 1341 ἄρχεσθαι,

221 1360 326 1414 κᾶν
362 1363 521 1429 μήπω
561 1363 623 1414 τὸ
662 1361 1023 1427 ποθούμενον
1061 1360 1349 1432 ἐφεστήκῃ,
1396 1369 1514 1423 ταῖς
1551 1369 1663 1413 τῶν
1710 1358 1906 1412 ἐπιθυ-

156 1470 197 1503 15
221 1450 475 1519 μούντων
498 1451 740 1519 γνώμαις
765 1449 825 1502 ἐν
848 1448 994 1513 τάξει
1018 1458 1116 1503 τοῦ
1134 1452 1468 1520 κρατοῦντός
1485 1447 1614 1502 ἐστι.
1673 1449 1754 1500 16.
1779 1447 1905 1500 θεοὶ

223 1539 288 1591 δέ
321 1553 382 1591 σε
419 1547 514 1608 τῆς
559 1541 861 1607 μεταβολῆς
907 1538 1242 1607 ἀγασθέντες
1290 1539 1381 1591 καὶ
1420 1533 1499 1590 ὧν
1544 1537 1683 1608 ὑπὲρ
1723 1536 1907 1589 αὐτῶν

223 1627 477 1695 ἐγνώκεις
525 1647 583 1680 τε
632 1628 735 1696 ἤδη
791 1625 882 1680 καὶ
937 1628 1162 1697 δράσειν
1216 1630 1431 1694 ἔμελλες
1485 1628 1723 1696 μισθοὺς
1777 1626 1907 1686 τοὺς

221 1713 323 1782 μὲν
370 1715 646 1784 ἐδίδοσαν,
700 1718 831 1778 τοὺς
878 1716 939 1769 δὲ
981 1717 1285 1785 ἡτοίμαζον.
1362 1717 1654 1785 ἡτοίμαζον
1699 1711 1800 1781 μὲν
1845 1713 1906 1766 τὸ

225 1812 521 1873 σκῆπτρον,
569 1804 831 1858 ἐδίδοσαν
870 1804 931 1857 δὲ
968 1806 1069 1874 τὴν
1108 1807 1398 1874 σωτηρίαν,
1438 1804 1525 1857 ὅτε
1566 1805 1632 1872 δὴ
1673 1811 1767 1871 τῆς
1804 1807 1908 1854 θα-

158 1913 201 1945 20
226 1893 418 1961 λάττης
472 1892 943 1963 ἀναταραχθείσης
994 1892 1054 1946 ἐκ
1106 1893 1435 1962 πνευμάτων
1485 1899 1908 1961 συκοφαντικῶν

225 1979 315 2034 καὶ
355 1981 602 2049 σκάφους
639 1988 738 2034 τοῦ
785 1978 886 2047 μὲν
931 1982 1293 2048 καταδύντος,
1339 1989 1438 2034 τοῦ
1486 1978 1545 2033 δὲ
1591 1981 1907 2049 περικλυζο-

225 2068 396 2136 μένου
449 2069 537 2122 καὶ
584 2076 683 2122 τοῦ
734 2070 973 2135 κύματος
1021 2066 1159 2138 ὑπὲρ
1209 2078 1320 2121 τῶν
1365 2071 1564 2138 τοίχων
1611 2065 1906 2136 αἰρομένου

347 2205 401 2243 21
436 2199 492 2243 cf.
524 2215 568 2256 p.
597 2205 667 2256 20,
694 2204 748 2243 12
761 2215 826 2256 sq.
949 2204 1003 2242 22
1038 2198 1120 2243 Od.
1148 2203 1280 2255 μ420

346 2323 370 2360 2
405 2319 452 2361 et
483 2323 509 2361 4
542 2316 586 2362 δ’
611 2318 680 2361 Re
803 2322 828 2360 5
862 2317 1069 2374 ἔγκριτον
1094 2317 1196 2360 Mor
1314 2320 1339 2358 6
1373 2316 1422 2360 ἐν
1447 2313 1622 2372 ἠπείρω
1646 2315 1725 2358 καὶ
1748 2313 1906 2368 νήσοις

228 2390 304 2419 om
328 2376 364 2420 S
527 2382 577 2420 11
610 2375 830 2434 χλαμίδος
863 2378 947 2421 Mo
1036 2374 1254 2434 χλανίδος
1283 2375 1444 2418 Iacobs
1477 2362 1626 2430 „Vide
1663 2374 1905 2418 Themist.“

229 2439 356 2490 (num
394 2451 438 2490 p.
467 2441 536 2489 63,
563 2440 618 2478 10
657 2437 728 2479 ed.
762 2435 946 2492 Dind.?)
987 2437 1036 2478 ab
1075 2435 1131 2478 cf.
1164 2450 1208 2491 p.
1245 2439 1314 2490 31,
1339 2440 1366 2477 4
1402 2435 1449 2478 eb
1480 2448 1542 2477 or.
1576 2432 1724 2476 XVIII
1764 2437 1788 2485 ξ
1823 2435 1906 2474 120

228 2509 272 2549 p.
299 2499 399 2546 562,
426 2500 450 2537 5
475 2495 516 2537 R
662 2499 714 2538 13
748 2493 818 2538 ὅτι
849 2494 885 2538 S
955 2510 1017 2552 τῳ
1050 2494 1224 2538 inserui
1255 2494 1442 2537 auctore
1475 2492 1631 2536 Gasda
1662 2491 1743 2547 qui
1773 2503 1907 2546 prae-

229 2555 358 2596 terea
391 2550 476 2611 ὅτῳ
508 2553 594 2610 γὰρ
629 2551 686 2597 ἂν
711 2554 816 2597 coni
938 2558 992 2596 14
1025 2551 1264 2608 ἐφεστήκει
1286 2553 1335 2595 in
1361 2551 1585 2608 ἐφεστήκῃ
1612 2565 1712 2594 corr
1735 2551 1770 2593 Ι
1786 2551 1833 2592 eb
1856 2549 1906 2592 in

231 2610 473 2667 ἐφειστήκη
506 2611 575 2654 m²
665 2611 923 2668 ἐφειστήκει
962 2613 1006 2656 U
1095 2610 1332 2667 ἐφεστήκει
1365 2611 1427 2654 Μ
1513 2608 1731 2665 ἐφέστηκε
1764 2609 1847 2652 Mo

233 2674 286 2712 19
318 2669 559 2726 θαλάσσης
583 2671 627 2714 V
738 2676 792 2714 *22
826 2671 907 2715 τὸν
929 2678 1085 2728 τοῖχον
1119 2671 1377 2716 UIBMMo
1438 2670 1584 2726 „quod
1607 2681 1755 2724 paene
1771 2681 1905 2742 praf-

230 2773 403 2826 seram“
450 2772 517 2816 Re
564 2774 611 2816 et
656 2773 760 2816 coni
800 2772 1113 2816 Hemssserhus.
1154 2773 1215 2816 ad
1250 2772 1437 2816 Lucian.
1470 2773 1501 2815 t.
1527 2771 1549 2815 Ι
1571 2786 1613 2827 p.
1641 2774 1724 2814 285
1814 2741 1908 2815 ‘2³33

232 2846 469 2932 ngffigy
521 2883 613 2919 τῶν
643 2873 811 2933 τοίχων
843 2888 867 2918 e
898 2875 978 2920 τὸν
1010 2883 1167 2934 τοῖχον
1199 2889 1300 2919 corr
1323 2876 1378 2919 A.
