2060 3162
226 140 336 192 444
781 138 1008 182 LIBANII
1038 137 1264 183 ORATIO
1295 138 1379 182 XX

338 274 422 328 50.
481 274 669 336 Οὕτως
719 274 785 327 οὐ
834 274 1208 344 φιλάνθρωπά
1254 288 1344 327 σοι
1390 275 1582 343 μόνον,
1637 273 1775 327 ἀλλά
1819 273 1912 328 καὶ

226 367 620 416 λυσιτελοῦντα
681 362 998 432 πέπρακται.
1081 363 1171 415 καὶ
1229 364 1396 431 φύσει
1457 382 1519 431 γε
1573 364 1634 416 τὸ
1689 371 1913 432 πρᾶγμα
1958 349 1967 357 ⁹

225 454 483 505 τοιοῦτόν
521 450 686 505 ἐστιν.
757 451 789 519 ἡ
827 448 929 518 μὲν
967 450 1130 521 ἀρετὴ
1171 450 1480 521 συμφέρον·
1518 453 1696 504 καίτοι
1731 450 1822 504 καὶ
1863 453 1915 505 εἰ

226 537 398 609 μηδὲν
435 539 632 609 κέρδος
667 538 892 608 ἔμελλεν
923 538 1190 592 ἐντεῦθεν
1222 539 1646 609 ἀκολουθήσειν,
1686 541 1819 593 αὐτό
1850 559 1912 608 γε

181 650 201 682 5
226 631 296 682 σὺ
336 630 624 697 δήπουθεν
662 630 724 681 τὸ
763 629 934 681 καλὸν
972 629 1223 697 τιμήσειν
1255 631 1487 698 ἔμελλες,
1526 629 1586 681 τὸ
1622 630 1794 682 καλὸν
1833 627 1911 697 δέ,

226 714 395 786 οἶμαι,
447 719 509 770 τὸ
564 718 635 785 μὴ
683 727 890 787 πικρῶς
935 718 1082 787 ἔχειν
1125 725 1241 780 τοῖς
1291 717 1701 788 ἁμαρτάνουσιν
1751 712 1914 770 οὖσιν

225 805 561 876 ἀνθρώποις.
653 807 732 869 εἰς
798 803 901 873 μὲν
962 807 1065 876 γὰρ
1127 807 1226 859 τὸν
1266 806 1509 875 οὐρανὸν
1575 814 1739 859 τοῦτο
1810 807 1912 859 οὐκ

225 895 540 965 εἰσέρχεται,
579 904 691 947 τῶν
731 891 792 947 δὲ
831 894 936 947 ἀπὸ
982 902 1078 963 τῆς
1110 893 1263 963 Ἄτης
1303 894 1405 948 οὐκ
1444 897 1528 948 ἔνι
1564 900 1911 965 καθαρεῦσαι

223 985 325 1052 τὴν
364 991 483 1052 γῆν.
559 989 716 1046 θεῖος
763 983 828 1037 δέ
862 1003 944 1046 τις
993 980 1135 1037 εἶναι
1176 985 1327 1036 δοκεῖ
1373 984 1463 1036 καὶ
1501 987 1723 1036 πολλῶν
1762 982 1910 1036 ἐπαί-

160 1094 203 1126 10
225 1092 343 1125 νων
381 1070 547 1140 ἄξιος,
588 1071 648 1134 ὃς
687 1070 749 1124 ἐν
785 1080 905 1135 ταῖς
941 1071 1067 1143 παρ’
1099 1071 1309 1140 ἐκείνης
1348 1071 1622 1142 ἐπηρειάις
1659 1082 1775 1135 τοῖς
1812 1091 1913 1126 πα-

225 1167 564 1230 ραπεσοῦσιν
605 1161 707 1213 οὐκ
747 1159 990 1213 ἐπέθετο.

338 1249 422 1302 51.
478 1250 588 1302 Καὶ
634 1257 743 1302 νῦν
788 1245 951 1312 οὗτος
995 1257 1275 1319 πανταχοῦ
1315 1252 1490 1312 πολὺς
1527 1249 1556 1302 ὁ
1596 1252 1782 1318 λόγος,
1822 1243 1912 1303 οἶα

224 1335 325 1406 μὲν
362 1339 430 1390 τὰ
467 1336 595 1407 παρ’
629 1337 780 1406 ἐμοῦ,
822 1331 911 1391 οἷα
950 1339 1011 1391 δὲ
1049 1339 1114 1391 τὰ
1151 1340 1298 1408 παρὰ
1338 1346 1455 1391 σοῦ.
1533 1334 1683 1405 οἶμαι
1722 1335 1783 1391 δὲ
1820 1337 1912 1392 καὶ

226 1427 287 1479 ἐν
325 1432 476 1480 θεῶν
516 1429 810 1495 συλλόγοις
847 1430 1066 1496 μνήμην
1102 1426 1429 1497 ἀμφοτέρων
1468 1421 1610 1480 εἷναι
1643 1428 1732 1480 καὶ
1763 1430 1910 1497 παρὰ

161 1536 202 1569 15
226 1516 328 1583 μὲν
380 1525 492 1569 τῶν
545 1514 784 1585 ἐγκώμια
838 1515 1116 1584 λέγεσθαι,
1171 1520 1424 1569 Μουσῶν
1476 1535 1534 1569 τε
1582 1516 1674 1568 καὶ
1706 1513 1910 1586 Ἑρμοῦ

223 1605 314 1657 καὶ
344 1603 700 1672 Ἀπόλλωνος,
739 1606 869 1667 τοὺς
909 1603 957 1657 δ’
981 1602 1119 1673 ὑπὲρ
1161 1605 1386 1674 δωρεῶν
1426 1604 1489 1667 ἃς
1531 1606 1615 1657 δεῖ
1655 1603 1742 1657 σοὶ
1775 1603 1900 1674 παρ’

225 1692 451 1746 ἐκείνων
489 1691 695 1762 ἐλθεῖν,
747 1694 973 1761 γνώμην
1020 1692 1446 1762 ἀποφαίνεσθαι.
1523 1695 1808 1762 Καλλιόπη
1849 1692 1912 1746 δὲ

223 1782 284 1834 τὸ
347 1779 449 1850 μὲν
511 1782 700 1851 δράσει
762 1783 896 1848 μετὰ
947 1791 1060 1835 τῶν
1120 1782 1396 1851 ἀδελφῶν,
1457 1782 1596 1852 ὑπὲρ
1651 1782 1712 1835 δὲ
1763 1790 1859 1851 τῆς
1901 1781 1906 1853 ff

134 1882 281 1926 R678
335 1869 529 1938 ἑαυτῆς
590 1872 799 1933 πόλεως
861 1870 1134 1923 ἀποδώσει
1194 1871 1285 1923 καὶ
1348 1869 1615 1940 δευτέραν
1677 1869 1911 1939 ἀμοιβὴν

157 1980 200 2012 20
223 1957 398 2028 ἔρωτα
442 1967 557 2021 τοῖς
597 1968 716 2021 σοῖς
753 1958 899 2012 υἱέσι
937 1960 1187 2022 παιδείας
1227 1958 1454 2013 ἐνθεῖσα
1499 1958 1590 2012 καὶ
1628 1966 1907 2028 μουσικῆς.

343 2122 369 2161 8
401 2118 496 2162 nac
520 2122 574 2161 91
700 2123 753 2161 19
787 2118 843 2161 cf.
869 2118 940 2161 t.1
967 2134 1012 2174 p.
1042 2123 1183 2174 133‚9

345 2271 397 2309 11
445 2266 498 2309 τὸ
539 2264 776 2310 ἐπέθετο
815 2267 896 2309 καὶ
935 2265 1010 2309 ἐπὶ
1048 2268 1191 2309 καλοῦ
1231 2265 1310 2309 καὶ
1351 2264 1426 2309 ἐπὶ
1457 2272 1604 2309 κακοῦ
1637 2263 1788 2322 ὥσπερ
1827 2266 1908 2310 καὶ

226 2324 437 2368 ἐνταῦθα
470 2326 532 2369 V‘

344 2477 369 2515 3
402 2473 484 2528 μὲν
516 2469 601 2516 οὖν
635 2474 696 2517 Μ
844 2476 868 2514 7
907 2472 1182 2526 ἀνθρώποις
1213 2468 1344 2515 οὖσιν
1370 2472 1415 2514 Β
1569 2476 1592 2514 7
1634 2472 1908 2527 ἀνθρώποις

225 2557 281 2563 --
313 2535 340 2574 8
371 2535 664 2586 καθαρεῦσαι
697 2545 771 2575 om
794 2532 869 2575 Pa
1012 2534 1037 2573 8
1069 2534 1131 2589 τῷ
1163 2531 1265 2574 Mor
1291 2533 1296 2587 1
1326 2528 1372 2574 δ’
1399 2531 1468 2574 Re
1496 2532 1502 2586 Ι
1531 2530 1642 2587 ἄτης
1671 2530 1780 2573 libri
1812 2530 1903 2574 edd

287 2595 339 2632 11
374 2589 582 2634 ἐπ’θετο
617 2604 721 2633 cum
751 2603 826 2634 ras
861 2595 883 2632 1
916 2589 996 2633 litt
1037 2590 1081 2634 U
1224 2594 1277 2632 15
1310 2606 1358 2634 τε
1389 2603 1464 2632 om
1487 2591 1520 2633 1
1667 2594 1719 2632 16
1759 2588 1816 2640 ἃς
1846 2589 1905 2645 δὴ

226 2650 273 2692 et
298 2648 453 2692 ἐλθεῖν
470 2649 572 2692 Mor
595 2649 645 2692 in
667 2649 822 2705 priore
846 2648 933 2702 ed.‚
966 2647 1015 2691 αἱ
1040 2647 1099 2703 δή
1123 2650 1171 2692 et
1193 2644 1343 2704 ἦλθον
1366 2649 1416 2691 in
1442 2648 1590 2692 altera
1711 2652 1763 2691 17
1789 2645 1904 2692 ἐκεί-

226 2724 320 2752 νων
352 2709 385 2750 Ι
413 2708 493 2752 sed
525 2725 590 2752 ων
621 2709 671 2751 in
703 2722 776 2751 ras
808 2707 878 2751 m*
1000 2710 1053 2750 18
1085 2707 1137 2751 τὸ
1169 2708 1253 2764 μὲν
1285 2707 1451 2762 ἑαυτῆς
1482 2707 1587 2751 coni
1617 2707 1685 2750 Re
1708 2706 1846 2750 Anim

229 2771 282 2809 19
316 2766 460 2822 αὐτῆς
490 2768 563 2811 Ρα
685 2771 741 2810 20
774 2774 872 2818 σοῖς
900 2766 1024 2810 inser
1047 2766 1104 2809 12
1132 2769 1138 2823 Ι
1166 2768 1246 2810 καὶ
1277 2781 1351 2810 om
1374 2766 1477 2810 Mor
