2060 3162
693 124 920 169 LIBANH
951 123 1174 172 ORATIO
1209 125 1292 168 XX
1737 126 1846 179 443

162 261 283 315 ὅσοι
321 262 422 330 τὴν
458 262 623 313 πόλιν
669 261 884 313 οἰκοῦσι
930 259 1020 313 καὶ
1068 260 1190 314 ὅσοι
1237 262 1337 329 τὴν
1385 269 1491 330 γῆν
1529 260 1847 330 ἐργάζονται

108 337 116 344 ’
159 350 251 403 καὶ
290 349 411 403 ὅσοι
449 350 737 412 δεσπόταις
782 349 1132 418 ὑπηρετοῦσι.
1209 350 1295 402 48.
1347 352 1428 412 τίς
1476 346 1580 403 οὖν
1627 350 1660 419 ἡ
1700 352 1848 420 παρὰ

159 438 335 492 τῶνδε
386 447 497 491 τῶν
549 447 778 507 γυμνῶν
832 437 1144 503 συντέλεια;
1204 441 1336 501 τοὺς
1395 442 1567 501 θεοὺς
1627 437 1845 492 ἕκαστοι

158 528 371 585 τούτων
423 525 756 580 καλέσουσιν
808 525 898 579 ἀπ’
939 526 1157 589 εὐνοίας
1218 527 1499 596 ἀκριβοῦς,
1561 529 1661 581 τὸν
1701 526 1846 597 Ἄρη,

158 617 260 685 τὴν
298 614 552 684 Ἀθηνᾶν,
602 617 733 678 τοὺς
782 616 983 678 ἄλλους
1028 611 1107 668 ὧν
1153 624 1271 678 ταῖς
1316 617 1559 685 γνώμαις
1606 615 1846 683 ἐκβαίνει
1893 635 1912 668 5

157 706 225 758 τὰ
262 714 374 758 τῶν
410 703 665 773 πολέμων
703 703 854 773 τέλη,
901 703 1237 773 μεμνημένοι
1285 713 1397 757 τῶν
1435 724 1493 757 τε
1533 703 1848 771 λελυμένων

159 795 441 846 κινδύνων
478 801 575 862 τῆς
605 813 663 846 τε
695 793 1026 846 ἀνελπίστου
1065 794 1266 862 ταύτης
1307 795 1598 862 σωτηρίας,
1632 794 1848 846 αἰτοῦν-

157 902 244 945 τες
282 884 413 944 τοὺς
450 881 762 950 ἐναντίους,
812 887 868 935 εἴ
899 891 1046 945 τινες
1085 883 1193 951 ἄρα
1232 891 1479 950 φανεῖεν,
1520 883 1597 944 εἰς
1629 880 1754 944 δέος
1791 901 1847 934 τε

157 973 379 1024 πίπτειν
416 968 508 1023 καὶ
538 972 744 1040 τρόμον
782 969 873 1023 καὶ
906 978 1089 1040 φυγῆς
1119 974 1331 1040 μᾶλλον
1362 971 1395 1039 ἢ
1428 968 1664 1033 διώξεως
1701 968 1847 1039 ἐρᾶν.

159 1060 294 1129 ὅσην
333 1057 394 1112 δὲ
433 1059 494 1113 ἐν
531 1058 775 1127 πολέμου
821 1059 1139 1129 πράγμασιν
1185 1061 1410 1129 ἔχουσιν
1457 1057 1611 1128 εὐχαὶ
1651 1058 1847 1129 ῥοπήν,
1873 1081 1915 1113 10

158 1147 375 1218 ὁρῶμεν
414 1146 476 1202 ἐν
514 1156 631 1211 ταῖς
669 1151 937 1217 ποιήσεσι.

270 1237 355 1289 49.
412 1235 522 1290 Καὶ
575 1239 736 1305 μήτοι
782 1238 1011 1307 νομίσῃς
1056 1238 1204 1307 παρὰ
1249 1238 1413 1306 τῆσδε
1465 1239 1638 1306 μόνης
1683 1245 1847 1290 τοῦτο

158 1324 302 1389 ἕξειν
339 1325 605 1394 τάγαθόν,
652 1324 770 1379 ἀλλ’
802 1325 938 1379 ὅσον
976 1324 1090 1379 ἐστὶ
1130 1326 1191 1378 τὸ
1232 1327 1681 1395 βασιλευόμενον,
1727 1340 1849 1379 τοσ-

159 1422 329 1468 οῦτον
367 1416 428 1467 τὸ
471 1413 892 1481 συνευξόμενον.
966 1415 1028 1467 τὸ
1061 1415 1164 1484 γὰρ
1197 1424 1309 1467 τῶν
1341 1414 1600 1483 ἀδελφῶν
1631 1415 1849 1467 δίκαιον

158 1501 275 1556 ἔστι
315 1503 493 1572 δήπου
533 1502 638 1556 κάν
675 1511 792 1565 ταῖς
828 1505 1023 1556 πόλεσι
1054 1502 1145 1556 καὶ
1179 1503 1561 1572 συνάχθονταί
1595 1523 1652 1556 τε
1682 1506 1849 1571 πλητ-
1875 1523 1916 1556 15

160 1591 413 1660 τομέναις
451 1590 541 1645 καὶ
582 1594 981 1662 συγχαίρουσιν
1019 1590 1082 1644 ἐν
1120 1601 1236 1655 τοῖς
1275 1592 1539 1659 ἀμείνοσι.
1597 1592 1602 1660 Ι
1659 1590 1751 1644 καὶ
1788 1604 1935 1647 R677

160 1681 343 1749 ὥσπερ
384 1680 413 1734 ὁ
453 1680 603 1750 μέρει
641 1682 853 1743 πόλεως
891 1681 1270 1750 λυμηνάμενος
1316 1679 1405 1733 καὶ
1444 1681 1505 1733 τὸ
1545 1677 1718 1749 μηδὲν
1756 1698 1848 1733 πε-

159 1770 376 1831 πονθὸς
413 1770 655 1838 ἠνίακεν,
696 1769 870 1831 οὕτως
901 1768 931 1822 ὁ
962 1775 1059 1839 μιᾷ
1097 1771 1254 1822 πόλει
1286 1770 1593 1837 λελύπηκεν
1625 1768 1849 1832 ἁπάσας.

160 1857 370 1910 οὐκοῦν
408 1856 498 1910 καὶ
538 1857 643 1930 ὅτῳ
683 1877 735 1910 τι
773 1859 1010 1927 χρηστὸν
1050 1859 1126 1920 εἰς
1164 1860 1296 1924 μιάν
1331 1857 1633 1927 γεγένηται,
1673 1858 1850 1920 πάσας

162 1940 325 2009 οὗτος
356 1945 715 2015 ἀνηρτήσατο.
776 1946 880 1999 ἀπὸ
913 1947 1195 2000 τοσούτων
1227 1942 1332 2000 οὖν
1364 1947 1649 2016 στομάτων
1681 1947 1847 2016 εὐχὴν
1871 1968 1915 2000 20

159 2036 335 2087 πόσον
373 2054 425 2087 τι
465 2035 566 2104 χρὴ
605 2036 846 2104 νομίζειν
887 2036 1255 2104 δυνήσεσθαις

279 2169 335 2208 20
383 2165 689 2224 ἀνηρτήσατο]
724 2165 826 2221 ἤτοι
857 2166 1027 2222 ἐξῆψεν
1060 2162 1229 2210 ἑαυτοῦ
1270 2167 1349 2210 καὶ
1389 2167 1454 2217 εἰς
1494 2166 1684 2223 ἀγάπην
1714 2164 1847 2211 κατέ-

161 2238 323 2282 στησεν
350 2226 412 2269 Vr
444 2225 500 2270 cf.
527 2226 558 2268 t.
577 2225 599 2268 I
628 2241 672 2282 p.
699 2230 801 2281 436,
821 2230 887 2269 10.
922 2225 986 2269 III
1011 2230 1110 2281 384,
1132 2229 1187 2268 14
1204 2225 1245 2268 R

282 2346 307 2384 2
341 2343 614 2387 διακονοῦσι
639 2345 711 2388 Ρα
833 2348 858 2386 3
892 2342 1127 2388 συντέλεια
1158 2357 1269 2388 voce
1302 2344 1382 2387 des
1414 2345 1455 2387 T
1569 2347 1596 2385 4
1629 2342 1749 2399 ἄρην
1773 2344 1848 2388 Pa

222 2404 247 2443 6
279 2400 457 2445 πόλεων
490 2404 563 2447 Ρα
745 2407 769 2445 9
810 2401 986 2458 δρόμον
1011 2404 1056 2446 Β
1238 2406 1293 2445 10
1330 2399 1376 2447 δ’
1405 2403 1473 2445 Re
1523 2405 1528 2458 Ι
1579 2403 1720 2459 ἀρχαὶ
1752 2403 1796 2446 V

164 2463 217 2502 12
251 2458 357 2515 μήτι
381 2461 493 2505 ΒΜ
624 2465 679 2504 13
710 2468 902 2505 τοσοῦτο
930 2462 1122 2506 OPUM
1141 2461 1231 2506 edd
1370 2466 1423 2505 15
1457 2459 1778 2536 συνάχθονταί
1800 2476 1848 2504 τε

161 2544 219 2550 -
253 2522 306 2561 16
350 2517 579 2577 ἀμείνοσι]
624 2520 680 2564 cf.
720 2520 842 2564 Max.
877 2519 1004 2564 Conf.
1050 2521 1173 2577 (περὶ
1215 2518 1364 2576 φίλων
1403 2520 1484 2563 καὶ
1523 2518 1846 2576 φιλαδελφίας)

162 2577 376 2620 serm.V1
394 2582 479 2621 550
498 2577 653 2622 Comb.
678 2580 772 2635 (122
798 2594 842 2635 p.
863 2583 946 2622 763
971 2579 1148 2637 Migne)
1172 2577 1422 2637 Λιβανίου·
1456 2577 1737 2636 Συγχαίρειν
1761 2579 1848 2637 χρὴ

161 2643 259 2686 τοῖς
289 2634 443 2692 φίλοις
473 2639 622 2687 καλῶς
651 2636 948 2693 πράττουσιν,
981 2639 1042 2689 ὡς
1072 2639 1152 2682 καὶ
1184 2641 1428 2694 συναλγεῖν
1451 2636 1759 2694 λυπουμένοις
1789 2637 1846 2681 cf.

164 2695 225 2737 ad
255 2698 288 2739 t
306 2695 327 2738 I
353 2700 452 2750 254,
471 2700 495 2739 6
547 2699 552 2750 1
602 2711 649 2740 τε
681 2696 807 2741 inser
829 2697 886 2740 1⁸
917 2699 965 2740 et
995 2698 1098 2741 coni
1122 2698 1191 2740 Re
1275 2713 1324 2754 γε
1356 2695 1526 2752 reliqui
1556 2696 1665 2740 libri
1697 2697 1789 2740 edd

165 2758 218 2796 17
258 2752 379 2810 μέλει
408 2754 509 2797 Mor
541 2755 622 2798 sed.
652 2754 814 2827 μέρος
819 2756 938 2810 coni,
970 2755 1096 2813 μέρει
1128 2756 1216 2799 Sav
1391 2759 1444 2798 18
1483 2754 1676 2811 ἡνίακεν
1708 2757 1738 2799 1
1767 2755 1848 2799 sed

163 2828 275 2856 ακεν
306 2813 357 2856 in
387 2827 462 2856 ras
493 2813 576 2867 m²‚
610 2814 667 2857 Μ
735 2811 848 2870 ἠνία
879 2813 962 2871 μὲν
987 2817 1060 2860 Ρα
1129 2813 1271 2871 ἡνίκα
1302 2813 1386 2870 μὲν
1411 2815 1512 2858 Mor
1542 2815 1678 2858 sed'
1655 2811 1848 2871 ηνίακεν

163 2872 268 2915 coni
309 2874 315 2929 Ι
356 2871 379 2917 ὃ
405 2873 506 2916 Mor
537 2873 619 2916 sed
651 2872 674 2916 ὁ
709 2873 813 2916 coni
994 2879 1046 2917 19
1079 2872 1124 2917 τί
1146 2873 1258 2917 BM
1295 2875 1301 2930 Ι
1339 2872 1579 2931 γεγένηται
1612 2832 1683 2918 Ρη
1685 2873 1766 2917 sed
1797 2889 1847 2930 γε

134 2938 139 2942 ·
162 2929 291 2985 prius
323 2930 371 2974 in
397 2945 471 2975 ras
495 2930 565 2974 m'
684 2936 740 2975 20
772 2930 916 2982 οὕτως
940 2933 973 2975 Ι
1087 2937 1140 2975 21
1174 2930 1218 2975 τί
1249 2933 1294 2976 Β
