2054 3140
694 148 922 193 LIBANII
953 146 1175 192 ORATIO
1208 147 1314 191 XIII
1774 147 1844 200 59

158 290 384 339 Artensis
418 282 732 355 (Aulonitae)
773 291 898 337 teste
938 288 1296 351 subscriptione
1336 289 1420 336 fol.
1457 288 1587 335 248v
1617 287 1844 346 νικόλαος

158 362 206 423 ἐξ
230 362 378 429 ἀρτης
407 362 490 412 καὶ
521 362 742 422 αὐλῶνος
773 361 982 429 ἔγραψα,
1015 363 1134 410 olim
1166 362 1422 410 Michaelis
1448 361 1687 424 Sophiani
1716 364 1843 410 teste

157 438 476 500 inscriptione
523 438 607 486 fol.
644 439 746 485 117
795 440 1029 501 μιχαῆλος
1075 436 1338 500 σοφιανὸς,
1389 436 1617 498 deinceps
1666 435 1843 484 biblio-

155 513 326 561 thecae
338 506 379 578 1)
419 512 758 575 Fuggerorum
796 514 846 559 et
876 511 1135 559 Albrechti
1164 511 1212 556 V
1249 511 1401 558 Ducis
1434 510 1677 558 Bavariae
1688 503 1746 576 ⁹¹),
1786 526 1844 558 ex

157 586 326 635 eodem
386 586 528 633 fluxit
589 586 811 647 exemplo
875 601 971 647 quo
1027 585 1343 632 Taurinensis
1401 586 1519 632 172.
1615 583 1844 632 Continet

155 661 286 709 enim
329 662 472 722 parte
518 661 679 722 prima
720 654 826 721 (fol.
868 652 1109 726 1—117)
1155 659 1303 722 plane
1354 659 1523 706 eodem
1568 660 1717 720 atque
1763 658 1843 706 hic

156 734 325 782 ordine
363 734 477 781 inde
519 750 548 782 a

262 807 346 856 fol.
369 810 395 855 1
439 807 685 856 Συνεσίου
717 806 992 872 κυρηναίου
1024 805 1294 856 ἐπισκόπου
1326 803 1570 855 ἐπιστολαὶ
1601 803 1684 854 καὶ
1707 805 1843 871 λόγοι

157 881 389 947 διάφοροι

269 958 334 1003 72
375 955 600 1019 λιβανίου
632 961 869 1017 σοφιστοῦ
909 953 1156 1004 ἐπιστολαὶ
1185 952 1268 1002 καὶ
1300 951 1503 1018 μελέται,
1541 954 1670 1002 inter
1703 969 1842 1016 quas,

151 1032 394 1092 tanquam
444 1030 662 1092 epistula
707 1027 858 1095 ,,πρὸς
899 1023 1215 1090 Ἰουλιανὸν“,
1263 1031 1424 1078 exstat
1470 1030 1842 1094 Προσφωνη-

151 1103 312 1162 τικός
345 1097 451 1169 (fol.
474 1104 710 1152 75v—81
780 1105 829 1152 et
859 1103 1085 1168 λιβανίου
1116 1109 1355 1166 σοφιστοῦ
1385 1100 1691 1167 πρεσβιτικὸς
1724 1095 1841 1169 (sic)

149 1175 272 1244 πρὸς
318 1175 433 1318 vob?
479 1184 662 1243 τρῶτας
725 1171 818 1244 sic)
870 1174 989 1243 ὑπὲρ
1039 1183 1125 1241 τῆς
1172 1174 1338 1241 ἓλένης
1388 1175 1623 1240 μενελάου
1634 1170 1677 1243 3)
1731 1169 1863 1243 (fol,

268 1327 371 1374 102
412 1332 499 1374 τοῦ
532 1324 821 1388 σοφωτάτου
851 1323 935 1373 καὶ
959 1324 1252 1391 λογιωτάτου
1275 1324 1574 1391 πατριάρχου
1598 1338 1841 1372 κωνσταν·

148 1398 473 1457 τινουπόλεως
510 1400 686 1464 κυρίου
723 1400 991 1465 γρηγορίου
1029 1405 1117 1448 τοῦ
1155 1398 1369 1464 κυπρίου
1408 1397 1670 1461 ἐπιστολαί,

268 1476 583 1521 111—-117V
628 1473 936 1539 φιλαργύρου
983 1477 1098 1531 παῖς
1136 1471 1422 1539 ἀριστεύσας
1458 1466 1695 1539 ἤτησεν4)
1736 1472 1839 1520 Sine

153 1548 451 1610 protheoria‚

264 1621 438 1682 quibus
483 1621 597 1668 inde
645 1636 674 1668 a
721 1621 842 1668 folio
885 1622 988 1668 118
1041 1621 1310 1668 succedunt
1357 1620 1596 1682 epistulae
1636 1619 1841 1668 Maximi

151 1694 414 1755 Planudis‚
468 1694 739 1742 Andronici
794 1694 1022 1754 Zaridae,
1076 1693 1276 1758 Georgii
1329 1693 1599 1755 Lacapeni,
1660 1693 1839 1742 Isidori

151 1767 446 1816 Pelusiotae.
525 1767 754 1816 Codicem
793 1768 853 1815 ab
885 1767 1097 1816 Hardtio
1131 1762 1310 1834 (Elect.
1336 1767 1453 1815 bibl.
1478 1768 1668 1816 Monac.
1701 1768 1838 1816 codd.

155 1857 314 1905 graec.
347 1844 382 1889 t.
407 1841 433 1889 Ι
470 1859 517 1904 p.
546 1843 650 1890 250
665 1835 760 1908 sq.)
815 1858 914 1890 non
967 1844 1073 1889 tam
1127 1844 1353 1890 accurate
1410 1857 1559 1904 quam
1604 1843 1711 1890 fuse
1758 1842 1838 1890 de-

154 1917 395 1979 scriptum
428 1931 457 1963 a
486 1932 563 1963 me
594 1917 759 1979 rogati
791 1915 846 1964 G.
865 1915 1157 1964 Laubmann
1189 1918 1239 1964 et
1266 1916 1343 1963 Fr.
1361 1916 1475 1964 Boll
1506 1917 1838 1979 inspexerunt.

263 1989 472 2037 Periisse
510 1990 707 2038 videtur

263 2065 345 2113 49.
387 2063 537 2112 codex
568 2063 819 2112 Antonii
850 2063 1179 2128 Augustini
1213 2065 1316 2112 237
1359 2065 1439 2112 cui
1472 2063 1634 2111 inerat
1665 2064 1837 2112 etiam:

149 2138 414 2198 „Eiusdem
445 2137 651 2186 Libanii
688 2139 840 2187 oratio
872 2139 1243 2199 prosphonetica
1278 2138 1346 2186 ad
1376 2135 1661 2186 Iulianum“
1701 2130 1837 2204 (vide

148 2213 184 2259 t.
218 2211 243 2258 Ι
279 2229 327 2274 p.
355 2212 458 2259 347
474 2205 584 2277 sq.).

259 2358 354 2406 Hic
403 2374 597 2421 quoque
647 2359 869 2408 codicum
918 2360 1042 2408 duae
1094 2359 1383 2407 statuendae
1434 2361 1550 2407 sunt
1602 2359 1836 2421 familiae,

146 2433 278 2480 inter
309 2448 429 2495 quas
462 2449 584 2494 quos
623 2436 679 2481 ut
710 2434 921 2495 optimos
961 2433 1107 2482 duces
1144 2433 1415 2495 sequendos
1448 2435 1615 2481 censui
1646 2432 1836 2481 codices

271 2606 312 2659 1)
356 2603 407 2646 In
438 2602 577 2647 huius
611 2602 825 2661 catalogo
858 2617 979 2647 anno
1014 2607 1127 2647 1565
1159 2603 1309 2658 facto*
1339 2604 1392 2646 ut
1422 2603 1494 2646 Fr.
1520 2602 1624 2646 Boll
1654 2617 1836 2648 mecum

153 2662 525 2718 communicavit,
557 2663 702 2706 codex
732 2677 776 2718 p.
804 2667 860 2706 64
893 2662 978 2706 sub
1008 2668 1110 2707 stat.
1138 2666 1166 2706 5
1189 2676 1234 2706 n.
1260 2666 1289 2707 9
1321 2663 1486 2706 exstat.

269 2722 311 2777 2)
360 2720 506 2766 Gatal.
539 2734 690 2779 graec.
723 2721 953 2766 Manuscr.
996 2721 1128 2766 codd.
1170 2721 1252 2776 qui
1294 2723 1588 2766 asservantur
1633 2721 1684 2764 in
1720 2720 1833 2765 bibl.

149 2779 311 2823 Bavar.
338 2779 466 2834 Duc„
499 2779 777 2837 Ingolstadii
809 2784 923 2824 1602
955 2796 999 2836 p.
1027 2784 1082 2824 36
1117 2781 1216 2824 cod.
1243 2779 1395 2825 XCVI.
1520 2813 1523 2814 γ

272 2841 314 2889 3)
347 2838 525 2882 Ultima
556 2839 761 2896 quinque
792 2839 1021 2883 vocabula
1050 2852 1193 2883 manu
1225 2839 1428 2883 secunda
1462 2838 1625 2883 addita
1656 2839 1776 2882 sunt.

151 2955 184 2998 h
214 2955 245 2999 b
267 2899 312 2954 4)
345 2897 416 2941 Ab
440 2897 638 2942 Hardtio
669 2898 787 2942 haec
818 2898 1097 2942 declamatio
1129 2912 1212 2954 pro
1237 2898 1440 2954 epistula
1465 2897 1654 2955 Georgii
1678 2897 1835 2954 Cyprii

187 2968 214 2998 a
247 2955 316 3000 ita
348 2958 431 3000 est.
