2060 3162
200 155 310 207 312
690 155 917 199 LIBANII
948 154 1171 199 ORATIO
1202 156 1351 200 XVHI

201 292 438 360 κιμάζων
478 292 732 360 αἰτήσεις,
770 292 1030 361 βραδείας
1070 291 1399 361 ἀποφαίνων
1430 300 1611 362 χεῖ-ρας
1643 291 1887 362 ὑπογρα-

200 379 351 448 φέων
389 386 464 451 τῷ
503 381 654 449 τάχει
693 387 787 448 τῆς
826 380 1083 448 γλώττης.
1158 382 1326 447 μόνος
1373 377 1434 434 δὲ
1473 380 1680 442 ἐκεῖνος
1717 388 1889 450 τριῶν

132 480 135 502 ³
199 460 378 536 ἔργων
417 469 706 537 εἰργάσατο
748 469 1008 536 σύνοδον,
1053 468 1240 537 ἀκοῆς,
1295 471 1480 538 λόγου,
1528 476 1764 539 γραφῆς·
1818 474 1898 540 τῷ

199 553 301 625 μὲν
338 557 442 626 γὰρ
483 556 921 625 ἀναγινώσκοντι
968 558 1034 610 τὰ
1073 554 1182 610 ὦτα
1221 566 1458 628 παρεῖχε,
1506 564 1580 630 τῷ
1614 558 1885 627 γράφοντι

156 667 175 697 5
202 642 261 698 δὲ
299 646 399 713 τὴν
446 648 655 714 φωνήν,
701 654 817 708 τοῖς
864 643 925 698 δὲ
965 645 1137 699 αὐτοῦ
1186 649 1405 715 ζητοῦσι
1451 647 1739 717 γράμματα
1785 646 1889 714 τὴν

202 731 406 802 δεξιάν,
469 733 559 787 καὶ
620 735 681 787 τὸ
743 731 918 803 μηδὲν
980 734 1242 804 ἁμαρτεῖν
1310 743 1589 805 πανταχοῦ
1657 742 1885 805 προσῆν.

203 820 322 874 175.
362 823 423 875 τὸ
456 823 556 889 μὲν
588 819 693 876 οὗν
724 823 1107 876 ἀναπαύεσθαι
1138 833 1250 876 τῶν
1282 824 1555 877 διακόνων
1584 820 1671 892 ἢν,
1713 823 1887 876 αὐτοῦ

202 911 264 963 δὲ
302 909 382 963 ἐπ’
416 913 581 980 ἔργον
619 910 710 964 ἀπ’
742 914 909 981 ἔργου
947 913 1277 981 μεταπηδᾶν.
1355 912 1518 966 ὁπότε
1568 913 1670 981 γὰρ
1714 910 1887 980 λήξειε

200 1006 299 1053 τοῦ
333 999 582 1068 διοικεῖν,
616 1000 912 1069 ἀριστήσας
944 1001 1078 1054 ὅσον
1108 1010 1330 1070 παρεῖχε
1365 1003 1475 1070 ζῆν,
1515 1000 1615 1053 οὐκ
1648 999 1889 1057 ἐλείπετο

136 1104 179 1142 ιό
203 1097 316 1141 τῶν
354 1091 629 1156 τεττίγων,
669 1087 787 1141 ἀλλ’
818 1088 999 1158 ἀφιεὶς
1039 1089 1208 1142 αὑτὸν
1240 1088 1326 1142 ἐπὶ
1366 1091 1496 1152 τοὺς
1527 1090 1740 1159 σωροὺς
1778 1098 1890 1141 τῶν

203 1179 435 1245 βιβλίων
458 1170 624 1246 ιᾖδεν,
671 1176 771 1240 ἕως
811 1178 982 1231 αὐτὸν
1029 1178 1197 1231 πάλιν
1237 1177 1415 1231 ε’κάλει
1456 1174 1638 1246 δείλης
1684 1177 1716 1245 ἡ
1756 1179 1890 1246 πρό-

202 1286 329 1319 νοια
367 1275 478 1318 τῶν
517 1265 680 1334 ὅλων,
732 1266 820 1319 καὶ
860 1267 920 1319 τὸ
962 1267 1190 1320 δεῖπνον
1234 1271 1445 1335 μᾶλλον
1491 1274 1585 1335 τῆς
1623 1264 1891 1335 προτέρας

112 1365 155 1410 R
178 1370 261 1410 581
303 1354 564 1423 τραπέζης
602 1354 1007 1422 κεκολασμένον
1040 1353 1047 1426 Ι
1082 1354 1171 1407 καὶ
1205 1356 1383 1418 ὕπνος
1415 1354 1475 1417 ὃς
1506 1354 1575 1407 ἂν
1606 1354 1666 1408 ἐκ
1696 1355 1890 1407 τοσού-

202 1462 302 1495 του
362 1441 578 1510 γένοιτο
640 1442 842 1513 μέτρου
902 1446 1110 1511 σιτίων,
1176 1444 1265 1497 καὶ
1324 1445 1491 1496 πάλιν
1549 1444 1891 1514 ὑπογραφεῖς

138 1554 180 1587 15
206 1530 380 1601 ἕτεροι
430 1532 531 1600 τὴν
579 1531 788 1600 ἡμέραν
836 1531 916 1584 ἐπ’
957 1532 1120 1600 εὐνῆς
1170 1532 1522 1602 ἀνηλωκότες.
1603 1532 1721 1584 176.
1775 1540 1892 1594 τοῖς

203 1620 304 1690 μὲν
357 1621 482 1690 γὰρ,
517 1620 797 1683 διακόνοις
851 1623 1110 1691 διαδοχῆς
1163 1623 1275 1674 ἔδει
1329 1620 1419 1674 καὶ
1472 1620 1599 1691 παρ’
1640 1621 1891 1690 ἀλλήλων

204 1705 356 1778 εἶχον
395 1710 488 1772 τὰς
535 1708 889 1772 ἀναπαύσεις·
946 1710 975 1763 ὁ
1024 1707 1085 1763 δὲ
1132 1712 1249 1779 εἴδη
1295 1711 1398 1779 μὲν
1447 1712 1637 1764 πόνων
1686 1712 1893 1779 ἤμειβε,

203 1797 382 1850 πάντα
435 1798 496 1850 δὲ
551 1797 733 1850 ἐπόνει
786 1800 954 1867 μόνος
1013 1799 1108 1861 τὰς
1155 1798 1424 1868 Πρωτέως
1477 1799 1777 1867 μεταβολὰς
1831 1797 1895 1850 ἐν

205 1894 323 1948 τοῖς
361 1885 757 1954 πραττομένοις
801 1888 1034 1956 παριών,
1082 1887 1111 1940 ὁ
1158 1887 1324 1950 αὐτὸς
1373 1888 1573 1959 ἱερεύς,
1626 1887 1892 1957 λογογρά-

139 1996 183 2028 20
208 1993 331 2041 φος,
369 1975 579 2043 μάντις,
619 1976 892 2043 δικαστής,
933 1976 1279 2044 στρατιώτης,
1317 1976 1410 2028 διὰ
1441 1977 1664 2028 πάντων
1697 1977 1891 2044 σωτήρ.

210 2061 330 2114 177.
385 2064 521 2115 ἕσειε
572 2063 673 2131 μὲν
723 2063 751 2116 ὁ
802 2065 1092 2117 Ποσειδῶν
1145 2065 1246 2132 τὴν
1300 2064 1543 2132 μεγάλην
1592 2062 1653 2115 έν
1703 2061 1890 2133 Θρᾴκῃ

205 2153 386 2218 πόλιν,
434 2150 681 2218 ἀγγελίαι
728 2148 787 2203 δὲ
835 2151 1091 2220 ἐφοίτων,
1138 2152 1233 2219 ὡς,
1282 2153 1330 2204 εἰ
1368 2154 1442 2220 μή
1488 2172 1569 2214 τις
1617 2149 1891 2214 διαλλάξει

326 2300 352 2339 8
384 2296 533 2339 Amm.
560 2295 684 2339 XXV
709 2300 791 2349 4‚4
914 2301 967 2339 10
1000 2296 1139 2340 Arist.
1163 2296 1283 2340 Nub.
1311 2301 1395 2340 984

328 2434 350 2472 1
384 2426 718 2487 ταχυγραφέων
749 2428 871 2471 Fabr
1003 2433 1027 2470 2
1061 2426 1105 2473 δ’
1145 2429 1309 2473 CLaU
1326 2429 1395 2473 Re
1524 2435 1548 2473 5
1582 2427 1626 2473 δ’
1659 2429 1747 2474 GU
1764 2428 1901 2472 Wolf

207 2488 275 2531 Re
325 2488 331 2546 Ι
380 2487 614 2545 γράμμασι
645 2488 721 2531 La
750 2487 874 2530 Fabr
1038 2491 1064 2529 6
1103 2487 1387 2543 ἁμαρτάνειν
1421 2490 1464 2533 V
1515 2489 1520 2547 Ι
1576 2494 1733 2543 παρῆν
1763 2488 1832 2531 Re

211 2551 234 2588 7
268 2546 410 2590 αὐτὸν
435 2546 568 2590 Wolf
690 2550 716 2589 8
750 2543 796 2591 δ’
835 2546 922 2590 GU
940 2546 1007 2589 Re
1035 2546 1041 2603 Ι
1070 2544 1153 2589 ἀπ’
1183 2547 1319 2604 ἔργον
1351 2562 1425 2591 om
1449 2547 1583 2590 Wolf
1605 2549 1610 2603 Ι
1638 2543 1723 2591 ἀπ’
1751 2549 1786 2590 Ι
1810 2546 1891 2589 sed

210 2602 263 2648 π’
297 2605 347 2647 in
369 2619 444 2649 ras
467 2606 537 2648 m²
565 2608 570 2662 Ι
597 2604 743 2660 λήξειε
776 2605 837 2648 Μ
865 2605 946 2649 sed
978 2621 998 2648 ε
1029 2605 1247 2648 ultimum
1278 2606 1326 2649 in
1350 2619 1425 2650 ras
1451 2612 1476 2649 2
1501 2606 1581 2649 litt
1603 2606 1672 2648 m⁸
1703 2607 1784 2662 (ειε
1808 2612 1893 2648 τοῦ

210 2664 260 2706 in
284 2678 417 2721 marg
440 2664 524 2721 111²)
608 2663 783 2719 λήξειεν
816 2665 850 2707 Ι
875 2664 956 2707 sed
988 2682 1014 2708 v
1047 2677 1162 2718 eras,
1196 2666 1319 2709 LaP
1460 2670 1513 2708 10
1546 2664 1688 2708 αὑτὸν
1720 2677 1776 2707 ex
1807 2664 1891 2706 αὐ-

208 2723 292 2766 τὸν
335 2736 436 2766 eorr
467 2725 563 2767 La1¹
656 2723 800 2767 αὐτὸν
831 2723 965 2767 ΒΜο
996 2722 1128 2766 Wolf
1153 2723 1276 2767 Fabr
1324 2724 1330 2782 Ι
1379 2724 1487 2774 τοὺς
1525 2737 1598 2766 om
1629 2723 1697 2766 Re
1746 2724 1752 2778 Ι
1800 2729 1893 2766 τῶν

211 2796 286 2825 om
320 2781 503 2826 UFabr
525 2782 593 2826 Re
738 2786 791 2825 13
825 2779 922 2831 οἶος
952 2781 1130 2825 mavult
1162 2781 1318 2826 Gasda
1461 2786 1515 2826 15
1547 2780 1835 2832 ἀναλωκότες
1864 2782 1900 2823 Ι

211 2842 277 2896 (et
292 2841 385 2896 Ba)
508 2845 562 2883 17
587 2839 772 2899 ἤμειβεν
792 2841 873 2885 OB
897 2841 978 2884 sed
1003 2840 1051 2882 in
1075 2841 1162 2884 hoc
1186 2859 1213 2885 ν
1238 2854 1354 2894 eras,
1381 2842 1542 2886 MoLa
1663 2844 1716 2883 18
1750 2837 1795 2883 δ’
1823 2839 1892 2883 Re

271 2903 327 2941 20
371 2899 643 2955 στρατηγός,
698 2901 806 2942 ante
853 2900 1129 2955 στρατιώτης
1171 2900 1295 2943 inser
1325 2900 1414 2954 Re,
1470 2899 1665 2943 fortasse
1707 2901 1832 2943 reete

213 2962 265 3000 21
302 2957 350 3001 ἐν
381 2957 537 3013 θράκη
570 2958 693 3001 inser
718 2958 774 3001 1²
