2060 3162
191 153 299 206 566
703 153 931 221 LIBANH
962 153 1186 198 ORATIO
1218 154 1346 198 XXV

192 291 470 357 ἄγουσιν
509 290 695 358 ὑμᾶς,
736 289 946 358 ὥσπερ
987 291 1376 358 βοσκήματα.
1437 289 1543 343 καὶ
1582 293 1887 361 ψήφισμα

191 380 560 447 ψηφίσματι
601 378 787 430 λύετε
831 379 937 431 καὶ
976 380 1194 448 γνώμῃ
1243 379 1530 447 γνώμην,
1579 377 1703 431 κᾶν
1749 381 1885 450 7:915-

191 487 300 529 τος
361 465 606 537 ἐπέλθῃ
671 467 1048 536 δεινότερος
1110 469 1346 534 εἰπεῖν,
1409 465 1752 531 ἐξαλείψας
1811 469 1888 521 τὰ

193 556 311 607 δύο
357 556 427 609 τὸ
471 557 693 624 τρίτον
739 556 1036 624 κυρώσας
1074 555 1325 624 κατέβη.
1402 555 1489 608 61.
1541 563 1669 627 νικᾷ
1715 557 1777 609 δὲ
1817 557 1887 609 οὐ

149 665 168 699 5
192 646 254 697 τὸ
311 648 657 712 λυσιτελοῦν,
713 643 830 697 ἀλλ’
864 643 892 697 ὃ
948 643 1018 698 ἂν
1071 645 1176 698 ἀπὸ
1232 647 1479 712 μείζονος
1532 643 1885 715 λεγόμενον,«ι

102 745 283 789 RII85
329 741 423 802 τῆς
470 734 786 802 δεινότητος
838 737 1049 802 μᾶλλον
1094 742 1357 804 κρατῆσαι
1408 742 1507 788 τοῦ
1563 734 1740 803 δήμου
1789 735 1886 786 δυ-

195 827 359 892 νηθῇ.
436 820 527 875 καὶ
566 823 852 885 πολλάκις
878 823 945 891 δὴ
984 823 1051 875 τὰ
1090 823 1331 887 σώζοντα
1369 823 1471 892 μὲν
1509 823 1775 892 βλαβερά,
1821 823 1890 875 τὰ

194 910 244 963 δ’
275 907 345 963 αὖ
393 912 635 979 βλαβερὰ
676 913 953 980 σωτηρίαν
999 913 1144 980 ἔχειν
1190 910 1392 974 ἔδοξεν.
1471 912 1607 964 ὅθεν
1647 913 1716 980 δὴ
1753 929 1887 982 προ-

194 1001 349 1053 δόται
395 1000 485 1053 καὶ
533 1000 842 1069 δωροδόκοι
888 999 976 1053 καὶ
1031 1001 1315 1070 πατρίδων
1354 999 1562 1070 ἐχθροί.
1640 1002 1888 1069 γίγνεται

132 1111 174 1142 10
199 1097 339 1157 γοῦν
401 1089 589 1150 αὐτοῖς
643 1088 764 1141 ἀντὶ
827 1086 928 1156 μὲν
981 1089 1328 1158 ἀκροπόλεως
1389 1090 1449 1142 τὸ
1503 1091 1675 1158 βῆμα,
1736 1089 1769 1158 ἡ
1826 1090 1888 1143 δὲ

195 1176 369 1245 ἀπάτη
409 1176 501 1231 καὶ
540 1178 602 1230 τὸ
643 1180 865 1231 πείθειν
904 1177 1017 1231 ἀντ’
1052 1178 1515 1248 ε’πιτειχισμάτων.
1594 1178 1679 1230 62.
1721 1181 1887 1248 Περι-

192 1269 326 1333 κλῆς
358 1266 420 1319 δὲ
450 1265 479 1319 ὁ
513 1266 849 1326 Ξανθίππου
880 1268 1240 1337 φανερώτατα
1272 1268 1340 1336 δὴ
1371 1261 1677 1336 μοναρχίαν
1708 1265 1887 1320 ἐπεισ-

193 1357 310 1423 ήχει
358 1363 422 1426 τῇ
469 1355 637 1408 πνυκὶ
689 1356 753 1408 τὰ
803 1363 903 1409 τοῦ
949 1356 1206 1426 Εὐρίπου
1253 1356 1533 1425 πάσχοντα
1585 1357 1684 1409 τὸν
1735 1355 1888 1424 Ἀθη-

192 1446 367 1496 ναίων
415 1445 591 1513 δῆμον
637 1443 973 1512 ἐπιδεικνύς,
1021 1444 1087 1498 ὃν
1134 1443 1425 1498 ἐταπείνου
1474 1464 1532 1497 τε
1579 1443 1889 1515 ἐπηρμένον

129 1553 169 1587 15
195 1531 286 1585 καὶ
326 1532 431 1586 ἀπὸ
472 1534 724 1604 θάρσους
765 1535 840 1596 εἰς
880 1533 1004 1596 δέος
1034 1533 1312 1604 κατέφερε.
1367 1535 1455 1587 καὶ
1497 1537 1759 1603 Περικλεῖ
1797 1535 1888 1587 60-

194 1629 333 1675 κοῦν
379 1620 548 1691 ε’ρήμη
597 1619 699 1691 μὲν
743 1618 815 1690 ἦν
861 1632 973 1676 τῶν
1018 1627 1260 1676 πολιτῶν
1305 1623 1338 1691 ἡ
1384 1624 1558 1692 χώρα,
1612 1623 1780 1691 μεστὴ
1826 1622 1888 1675 δὲ

194 1720 306 1763 τῶν
346 1712 633 1780 δῃούντων
673 1713 1161 1780 Πελοποννησίων,
1202 1705 1582 1783 Πεισιστράτῳ
1631 1711 1692 1763 δὲ
1731 1709 1887 1779 ἐγκα-

195 1803 313 1851 λεῖν
367 1795 513 1869 εἶχεν
568 1800 736 1853 οὐδὲν
787 1800 819 1869 ἡ
867 1808 950 1868 γῆ.
1030 1795 1186 1853 οὗτοι
1235 1797 1295 1853 δὲ
1350 1802 1403 1853 οἱ
1458 1801 1638 1853 δεινοί
1685 1819 1743 1853 τε
1796 1801 1888 1853 καὶ

198 1888 402 1959 ῥαδίως
449 1890 617 1957 ὄχλον
664 1890 915 1957 ἄγοντες,
962 1888 1033 1958 ἢν
1079 1889 1339 1959 ἀντιπέσῃ
1388 1891 1598 1958 καιρός,
1649 1887 1712 1942 ἐν
1756 1909 1888 1959 γρα-

130 1998 173 2030 20
197 1985 329 2045 φαῖς
367 1996 422 2028 τε
462 1975 553 2029 καὶ
594 1978 959 2045 εἰσαγγελίαις
997 1976 1088 2031 καὶ
1127 1980 1384 2047 τιμήματι
1425 1976 1514 2031 καὶ
1553 1984 1628 2050 τῷ
1669 1977 1827 2050 ξύλῳ.

318 2216 372 2254 13
406 2211 462 2254 cf.
488 2213 521 2254 t.
547 2211 610 2255 IV
630 2216 728 2266 191,
748 2216 802 2254 29
820 2212 873 2255 R.
910 2226 979 2268 ep.
1000 2216 1098 2256 533.
1139 2211 1302 2255 Aeseh.
1324 2226 1359 2255 c.
1381 2209 1498 2254 Ctes.
1525 2215 1549 2264 ἓ
1568 2214 1623 2253 90
1654 2226 1698 2267 p.
1727 2215 1796 2263 66,
1816 2215 1885 2255 27.

195 2270 318 2314 Plat.
343 2270 517 2315 Phaed.
543 2285 588 2326 p.
609 2274 664 2313 90
683 2269 715 2314 C

319 2497 340 2534 1
375 2490 497 2548 ἡμᾶς
529 2494 613 2536 Mo
638 2492 740 2535 Mor
770 2491 852 2535 sed
883 2490 933 2534 in
964 2491 1051 2534 hoo
1083 2509 1137 2549 γρ
1156 2492 1275 2548 ὑμᾶς
1397 2497 1419 2535 7
1453 2493 1533 2535 καὶ
1566 2506 1641 2536 om
1667 2493 1736 2548 V}
1765 2487 1888 2536 εἶναι

196 2552 304 2606 posi}
350 2550 553 2608 βλαβερά
599 2552 681 2594 aut
722 2550 988 2594 addendum
1028 2553 1111 2594 aut
1149 2551 1524 2595 subaudiendum
1565 2552 1722 2595 censet
1760 2550 1827 2594 Re

198 2613 223 2651 9
256 2607 433 2666 γίνεται
467 2610 509 2653 V
677 2615 731 2653 10
763 2610 869 2654 ἀντὶ
899 2610 950 2652 in
972 2622 1107 2666 marg
1132 2610 1240 2655 ΜΟ2
1421 2616 1472 2654 11
1508 2608 1887 2668 ἐπιτειχισμάτων

198 2668 363 2724 scripsi
396 2669 585 2712 auctore
616 2669 684 2713 Re
762 2667 1083 2725 ἐπιταγμάτων
1114 2669 1225 2713 libri
1249 2670 1341 2713 edd
1474 2674 1527 2713 12
1561 2669 1889 2725 φανερώτατος

207 2727 251 2771 V
301 2730 306 2781 Ι
356 2725 675 2786 νομοναρχίαν
710 2729 746 2772 0
790 2728 871 2771 sed
903 2744 957 2773 νο
999 2741 1099 2771 eras
1150 2730 1155 2785 Ι
1208 2729 1419 2786 ἐπεισῆγε
1459 2727 1564 2772 coni
1595 2728 1663 2772 Re
1687 2727 1826 2770 Anim

200 2789 254 2828 16
289 2786 454 2842 ἔρημος
484 2787 569 2830 Mo
602 2787 683 2829 sed
716 2786 858 2842 ἐρήμη
890 2787 940 2830 in
962 2801 1096 2844 marg
1219 2792 1270 2831 17
1305 2787 1545 2843 δῃούντων
1579 2787 1699 2831 Mol
1720 2788 1725 2843 Ι
1753 2788 1886 2829 πελο-

198 2842 464 2900 ποννησίων
493 2846 528 2890 Ο
558 2846 639 2890 sed
671 2863 697 2890 ν
727 2848 788 2902 (1)
822 2845 898 2888 del
927 2846 962 2900 f,
995 2847 1041 2890 P
1069 2846 1151 2890 sed
1182 2864 1208 2890 ν
1234 2849 1295 2903 (2)
1327 2846 1556 2899 inse1·m⁸,
1589 2847 1634 2889 B
1667 2845 1749 2888 sed.
1772 2862 1799 2889 ν
1824 2846 1886 2900 (1)

199 2917 300 2947 eras
360 2902 712 2960 πελοπονησίων
742 2905 910 2949 MoUI
926 2904 1028 2948 Mor
1150 2910 1205 2949 20
1236 2904 1453 2962 τιμήματι
1484 2904 1672 2960 reposui
1703 2917 1728 2947 e
1762 2903 1891 2948 GAP

210 2963 411 3008 UBMV
471 2962 690 3019 τιμήμασι
724 2963 845 3008 Mol
870 2963 961 3007 edd
