2060 3162
253 120 361 172 442
806 119 1036 163 LIBANH
1066 118 1289 164 ORATIO
1321 119 1406 163 XX

364 255 450 309 45.
514 258 602 308 Σὺ
658 252 718 308 δὲ
771 257 1035 325 κρείττων
1086 255 1188 322 μὲν
1241 254 1426 322 γένοιο
1480 263 1575 324 τῆς
1631 257 1938 325 παροινίας,

255 346 554 414 φυλάττοις
597 344 658 397 δὲ
696 344 756 396 τὸ
797 345 1098 412 γενόμενον
1137 343 1242 396 ἀπὸ
1281 352 1376 412 τῆς
1414 352 1513 397 τοῦ
1554 349 1690 397 θεοῦ
1731 345 1939 412 λαμπά-

255 434 373 500 δος,
421 431 493 485 δι’
523 433 593 500 ἣν
639 433 711 495 ὡς
766 433 961 500 ἥδιστα
1014 429 1116 499 μὲν
1162 432 1334 502 ἑώρας
1387 434 1482 495 τὰς
1529 431 1759 486 ἐνθένδε
1811 451 1939 503 πρε-

255 524 440 589 σβείας
479 521 617 590 ὁρᾶν
649 520 709 574 ἐν
747 529 862 583 τοῖς
892 529 1134 590 παροῦσι
1165 523 1372 590 τρόπον
1402 522 1527 574 τινὰ
1564 522 1665 589 τὴν
1705 521 1938 590 ἀφεστη-

209 630 230 663 5
254 619 419 663 κυῖαν
466 611 666 678 δοκῶν,
721 610 1029 679 εὐφραίνου
1084 610 1146 663 δὲ
1191 617 1265 682 τῷ
1312 629 1370 663 τε
1422 611 1815 663 πυνθάνεσθαι
1869 616 1944 682 τῷ

253 718 311 751 τε
351 698 574 751 ἀκούειν
613 719 666 751 τι
704 697 830 768 περὶ
875 698 1045 767 ἡμῶν.
1121 697 1257 766 μέγα
1304 696 1405 766 μὲν
1445 700 1511 768 δὴ
1551 698 1642 752 καὶ
1681 701 1742 752 τὸ
1784 698 1939 767 λῆξαι

254 789 355 855 τὴν
387 787 578 856 ὀργήν,
617 791 801 859 πολλῷ
837 786 886 839 δ’
911 790 989 840 ἔτι
1022 790 1205 856 μεῖζον
1236 788 1297 840 τὸ
1329 789 1401 856 μὴ
1433 789 1532 842 τὸν
1563 789 1737 858 ἔρωτα
1768 786 1938 855 λῆξαι.

253 882 328 948 τῷ
361 875 607 947 προτέρῳ
655 878 849 929 τοίνυν
887 878 1114 944 τιμήσας
1161 878 1410 945 τίμησον,
1457 873 1499 929 ὦ
1545 879 1797 944 βασιλεῦ,
1847 877 1937 929 καὶ

253 971 328 1037 τῷ
362 964 615 1037 δευτέρῳ.
690 964 776 1016 46.
824 970 964 1018 θεοῦ
1006 963 1054 1017 δ’
1087 964 1157 1018 ἂν
1195 965 1276 1033 εἴη
1316 964 1407 1017 καὶ
1445 966 1505 1017 τὸ
1544 967 1731 1034 τρίτον
1768 983 1939 1034 παρα-

189 1074 231 1107 10
256 1062 425 1122 σχεῖν,
480 1055 540 1106 τὸ
594 1052 763 1122 τῆσδέ
807 1052 855 1106 σ’
894 1052 1150 1122 ἐπιβῆναι
1203 1052 1294 1106 καὶ
1340 1055 1518 1122 χώρας
1571 1052 1661 1106 καὶ
1706 1056 1940 1117 πόλεως·

254 1142 421 1195 πάλιν
460 1141 508 1195 δ’
541 1138 609 1195 αὗ
649 1144 813 1195 τοῦδε
851 1145 1035 1211 μεῖζον
1072 1143 1133 1195 τὸ
1169 1144 1274 1195 σὺν
1305 1148 1378 1214 τῷ
1413 1147 1519 1214 νέῳ
1549 1144 1778 1209 βασιλεῖ.
1817 1145 1939 1195 τότε

254 1231 404 1300 ἡμῖν,
455 1234 577 1285 τότε
615 1232 706 1284 καὶ
744 1233 882 1300 πρὸς
920 1233 1050 1300 βίαν
1090 1232 1285 1293 δώσεις
1323 1233 1424 1300 τὴν
1464 1231 1567 1283 ἀπὸ
1606 1238 1704 1283 τοῦ
1743 1232 1940 1294 παιδὸς

255 1318 587 1386 ἐπωνυμίαν.
665 1319 802 1387 λέγω
859 1320 920 1372 δὲ
973 1322 1119 1388 βίαν,
1175 1320 1276 1388 ὅση
1332 1321 1400 1388 δὴ
1455 1318 1655 1388 γένοιτ’
1687 1318 1758 1372 ἂν
1805 1318 1932 1389 παρ’

253 1407 512 1477 ὑπηκόων
574 1409 1043 1478 σωφρονούντων·
1114 1409 1186 1471 ὡς
1247 1409 1417 1461 καλὸν
1473 1409 1540 1461 τά
1600 1427 1662 1476 γε
1715 1416 1941 1461 τοιαῦτα

165 1508 313 1552 R676
353 1496 580 1564 βασιλέα
626 1495 717 1549 καὶ
754 1497 1237 1566 προσαναγκάζειν.
1313 1497 1400 1549 47.
1455 1497 1593 1566 ἡμᾶς
1643 1497 1648 1564 Ι
1697 1493 1799 1565 μὲν
1838 1492 1942 1550 οὗν

190 1607 231 1639 16
256 1585 315 1638 ἐκ
354 1587 567 1638 τούτων
605 1594 865 1656 προσερεῖ
894 1572 977 1648 τις
1016 1586 1344 1655 εὐδαίμονας
1375 1583 1541 1638 ἔνδον
1579 1604 1637 1637 τε
1669 1592 1771 1637 σοῦ
1803 1591 1939 1638 καθ-

255 1673 460 1743 ημένου
523 1673 613 1727 καὶ
666 1675 871 1742 βουλὰς
924 1675 1293 1742 βουλεύοντος
1347 1677 1650 1744 σωτηρίους
1706 1673 1810 1726 κάν
1870 1679 1944 1745 τῷ

254 1764 425 1834 πεδίῳ
464 1764 530 1815 τὰ
568 1762 800 1831 πολέμια
837 1748 1169 1832 μελετωντός
1207 1783 1265 1815 τε
1301 1763 1472 1815 αὐτοῦ
1512 1762 1603 1815 καὶ
1641 1763 1742 1831 τὴν
1780 1777 1940 1832 στρα-

255 1853 380 1905 τιὰν
432 1852 792 1914 παιδεύοντος
853 1853 943 1904 καὶ
1003 1851 1336 1919 γιγνομένου
1390 1871 1448 1904 τε
1502 1849 1591 1904 καὶ
1646 1859 1940 1913 ποιοῦντος

192 1962 235 1993 20
258 1941 511 2007 βελτίους
552 1939 793 2010 Πέρσαις
812 1933 888 1992 ’τε
921 1948 1065 2008 σφᾶς
1097 1941 1299 2002 αὐτοὺς
1331 1939 1576 1993 ἐπαινεῖν
1605 1938 1940 2009 παρέχοντος

257 2027 345 2080 ε’πὶ
377 2030 476 2097 τὴν
508 2027 566 2081 ἐκ
597 2037 692 2097 τῆς
723 2030 943 2098 εἰρήνης
975 2028 1278 2098 ἀσφάλειαν
1311 2030 1633 2098 δραμοῦσιν.
1690 2029 1737 2080 εἰ
1763 2027 1812 2080 δ’
1835 2023 1939 2086 οὖν

255 2115 346 2169 καὶ
400 2116 641 2185 πολέμου
695 2118 956 2186 δεήσειεν,
1011 2116 1147 2180 ἕξεις
1199 2118 1287 2169 καὶ
1335 2119 1465 2179 τοὺς
1515 2116 1753 2178 ἀόπλους
1802 2116 1940 2183 ἡμᾶς

258 2206 693 2273 συναγωνιστάς,
749 2206 955 2274 ἄνδρας
1007 2225 1064 2257 τε
1118 2206 1207 2257 καὶ
1262 2211 1526 2272 γυναῖκας
1576 2203 1666 2256 καὶ
1724 2204 1937 2272 παῖδας,

378 2341 430 2380 17
463 2336 575 2380 Xen.
601 2336 749 2379 Anab.
774 2335 817 2378 ΙΙ
843 2340 880 2388 6,
904 2341 955 2378 11

378 2460 399 2497 1
434 2451 699 2509 παρθενίας
721 2455 795 2498 Ρα
932 2458 956 2496 3
990 2453 1210 2497 ἐντεῦθεν
1244 2451 1296 2497 δὲ
1319 2454 1392 2496 Ρα
1512 2457 1540 2495 4
1572 2451 1692 2507 ὁρῶν
1724 2451 1826 2495 Mor
1858 2451 1939 2494 sed.

258 2511 375 2568 ὁρᾶν
407 2514 510 2556 coni
646 2518 671 2557 5
705 2510 1010 2568 εὐφραίνουσι
1040 2511 1142 2555 Mor
1277 2516 1302 2554 6
1334 2509 1377 2555 τί
1411 2512 1585 2556 VIBM
1623 2511 1628 2569 Ι
1663 2509 1807 2567 μέγαν
1838 2510 1940 2553 Μο1·

320 2576 374 2614 10
420 2580 480 2615 τῶ
519 2575 628 2629 τῆδε
670 2573 714 2617 U
762 2572 768 2629 Ι
826 2568 870 2615 σ’
907 2585 982 2615 om
1021 2571 1065 2614 U
1150 2585 1198 2614 σε
1242 2570 1333 2614 edd
1390 2571 1396 2628 Ι
1453 2571 1533 2614 καὶ
1573 2572 1631 2626 (1)
1673 2584 1747 2613 om
1779 2568 1880 2611 Mor

261 2635 312 2673 11
348 2631 546 2674 αὐτοῦδε
570 2632 604 2674 Ι
660 2631 802 2674 αὐτοῦ
834 2632 908 2674 Ρα
965 2632 970 2685 Ι
1026 2636 1107 2673 τοῦ
1133 2646 1181 2686 γε
1209 2631 1252 2674 V
1426 2633 1479 2672 12
1523 2629 1653 2686 ἡμῖν]
1686 2628 1802 2673 ἑκὼν
1835 2627 1939 2671 coni

258 2688 360 2732 Mor
409 2691 414 2746 Ι
464 2690 544 2733 καὶ
576 2704 651 2733 om
682 2690 726 2733 U
777 2691 782 2745 Ι
839 2688 955 2744 πρὸς
987 2686 1114 2746 βίαν]
1143 2686 1392 2746 πρεσβείαν
1416 2690 1451 2732 Ι
1625 2692 1677 2731 13
1711 2686 1768 2742 δὴ
1792 2686 1883 2730 IM

260 2752 314 2790 15
348 2749 562 2806 βασιλεὺσ
594 2751 667 2794 Pa
710 2750 714 2804 Ι
758 2748 838 2791 καὶ
869 2762 944 2792 om
968 2747 1069 2790 Mor
1203 2752 1256 2790 16
1288 2745 1357 2797 τίς
1380 2747 1426 2790 Β
1469 2748 1476 2803 Ι
1519 2745 1567 2790 σὲ
1597 2753 1679 2790 τοῦ
1711 2745 1824 2799 Mor,
1857 2745 1939 2788 sed

257 2822 305 2850 τε
339 2814 420 2850 σοῦ
453 2807 557 2851 coni
679 2811 731 2849 17
767 2804 991 2862 σωτηρίας
1014 2806 1115 2849 Mor
1252 2810 1306 2849 18
1336 2804 1510 2865 παιδίῳ
1538 2805 1576 2850 Ο
1613 2807 1618 2861 Ι
1656 2803 1714 2848 τὰ
1744 2801 1939 2860 πολέμια

259 2879 334 2908 0111
364 2866 405 2908 Τ
449 2868 454 2923 Ι
499 2863 740 2919 στρατείαν
765 2867 887 2910 ΡαΤ
1025 2870 1077 2908 19
1111 2863 1355 2922 γινομένου
1390 2866 1434 2909 V
1569 2869 1622 2907 21
1657 2863 1707 2908 ἐκ
1739 2877 1812 2906 om
1841 2863 1882 2905 T

259 2929 315 2967 23
348 2924 427 2967 καὶ
458 2928 632 2974 παῖδας
655 2926 689 2968 Ι
714 2925 795 2968 sed
827 2924 906 2968 καὶ
936 2931 1026 2967 παῖ
1053 2924 1102 2967 in
1134 2937 1208 2966 ras
1235 2923 1305 2966 m²
