2060 3162
0 0 52 188 r

0 270 6 314 f

641 168 871 213 LIBANII
902 167 1127 213 ORATIO
1158 167 1311 212 XXIV
1728 168 1798 220 52
1803 168 1837 220 3

143 307 419 375 μηδεμίαν
456 305 610 374 ὥραν
639 313 735 374 τῆς
773 301 912 374 ὑπὲρ
947 302 1259 357 Ἰουλιανοῦ
1293 305 1449 372 δίκης
1479 302 1837 373 πεποιημένοι

138 396 315 462 μόνου
354 396 644 460 πεσόντος,
700 393 729 446 ὃ
769 393 1004 460 μάλιστα
1043 394 1111 461 δὴ
1149 394 1280 462 βοᾷ,
1332 394 1386 445 τί
1430 392 1566 445 ποτέ
1609 392 1723 446 ἐστι
1774 393 1835 445 τὸ

138 490 377 552 πρᾶγμα.
454 480 576 551 ἐγὼ
618 481 710 551 δέ,
762 484 886 551 ἔφη,
936 483 1304 544 τεθνεῶτός
1341 485 1458 548 μοί
1491 501 1672 544 τινος
1711 491 1838 534 τῶν

137 571 478 639 ἡγεμόνων
514 573 668 634 τοὺς
711 571 786 624 οὐ
831 573 1150 632 πεσόντας
1187 570 1334 640 περὶ
1376 570 1578 623 αὐτὸν
1617 572 1840 639 ἔδειρα

136 657 244 711 καὶ
315 661 470 722 τοὺς
538 667 653 712 τοῦ
723 661 1268 728 τετελευτηκότος
1338 660 1629 721 οἰκείους
1697 669 1837 722 ταῖς
1885 680 1904 712 5

134 746 410 800 ἐκείνων
454 749 1025 818 παρεμυθησάμην
1071 751 1389 816 κεφαλαῖς
1434 747 1686 814 πέμψας
1724 749 1837 801 αὐ-

137 837 249 898 τὰς
288 838 381 899 εἰς
419 845 643 906 χεῖρας
681 836 920 900 αὐτοῖς.
997 844 1168 890 ταῦτα
1208 837 1310 889 οὐκ
1349 835 1420 890 ἂν
1459 831 1613 890 εἶπεν
1652 836 1680 889 ὁ
1723 841 1837 890 Σα-

133 925 322 994 πώρης
383 922 515 979 οὐδὲ
577 925 916 995 ἐπετίμησεν,
979 927 1026 979 εἰ
1080 927 1142 979 τὸ
1196 923 1363 995 ἔργον
1426 923 1549 988 ἑνὸς
1601 921 1672 993 ἧν
1724 935 1837 979 τῶν

131 1018 426 1081 πολεμίων.
471 1004 618 1078 Υπῶς
660 1015 764 1084 γὰρ
806 1013 877 1068 ἂν
917 1013 984 1068 ὃν
1023 1014 1126 1067 οὐκ
1165 1010 1318 1083 εἶχον
1355 1012 1453 1083 ὑφ’
1487 1014 1690 1082 αὑτοῖς,
1730 1014 1836 1068 ἐτι-

139 1111 456 1173 μωροῦντο;
1859 1126 1902 1157 ιο

247 1193 333 1245 21.
383 1195 459 1245 Εἰ
493 1195 690 1246 τοίνυν
735 1192 843 1245 ὑπὸ
882 1189 985 1260 μὲν
1024 1194 1220 1262 αἰχμῆς
1267 1192 1541 1260 ἀπέθανε,
1594 1193 1732 1262 χειρὶ
1773 1189 1834 1245 δὲ

138 1280 362 1351 Πέρσου
402 1290 567 1335 τοῦτο
609 1282 676 1334 οὐ
708 1281 1033 1350 πέπρακται,
1072 1284 1130 1334 τί
1166 1282 1362 1335 λοιπὸν
1395 1281 1427 1350 ἢ
1461 1280 1524 1334 ἐν
1561 1289 1678 1344 τοῖς
1709 1281 1835 1350 ἡμε-

131 1369 315 1439 τέροις
360 1366 504 1423 εἶναι
541 1371 640 1423 τὸν
680 1370 857 1438 φονέα
894 1369 926 1438 ἢ
968 1370 1344 1439 χαριζομένοις
1407 1372 1412 1438 Ι
1478 1369 1589 1423 τινὶ
1629 1372 1690 1423 τὸ
1741 1382 1922 1427 RH48

130 1457 315 1528 μηκέτ’
349 1458 567 1513 ἐκεῖνον
621 1453 764 1512 εἶναι
819 1459 852 1528 ἢ
906 1457 997 1511 καὶ
1054 1460 1252 1527 σφίσιν
1307 1459 1520 1527 αὐτοῖς,
1577 1460 1722 1521 ὅπως
1771 1457 1834 1512 ἐν

130 1547 322 1620 ἀτιμίᾳ
360 1549 427 1601 τὰ
464 1557 577 1601 τῶν
614 1554 769 1600 θεῶν
807 1553 916 1616 εἴη,
965 1543 1045 1601 ὧν
1083 1547 1407 1617 τιμωμένων
1446 1548 1831 1616 ἀπεπνίγοντο.
1857 1569 1900 1602 15

245 1637 331 1689 22.
356 1636 509 1690 Ἀλλ’
541 1635 763 1699 οὐδεὶς
797 1635 1174 1705 ἐφειστήκει
1206 1638 1570 1706 κατήγορος
1603 1635 1743 1689 οὐδ’
1772 1638 1833 1690 οἱ

129 1733 808 1796 καταμαρτυροῦντες.
887 1723 1005 1778 ἀλλ’
1037 1725 1178 1791 ὑμᾶς
1223 1723 1272 1793 γ’
1307 1725 1473 1794 ἐχρῆν
1518 1724 1610 1778 καὶ
1657 1725 1833 1788 οὕτως

133 1814 459 1883 ἀνιχνεῦσαι
520 1815 581 1867 τὸ
636 1822 861 1884 πρᾶγμα
921 1814 1129 1876 πολλάς
1189 1834 1247 1866 τε
1302 1813 1504 1883 ἡμέρας
1566 1812 1648 1867 ἐπ’
1682 1814 1831 1885 αὐτῷ

132 1903 485 1971 καθημένους
537 1902 628 1956 καὶ
684 1903 787 1956 οὐκ
834 1901 1088 1965 ἀνιέντας
1142 1904 1233 1955 καὶ
1280 1905 1409 1966 τοὺς
1456 1905 1681 1972 ἔχοντας
1728 1899 1831 1971 μὲν

130 1990 394 2061 ἐλέγχειν,
457 1991 762 2054 ὀκνοῦντας
823 1992 884 2044 δὲ
946 1991 1358 2060 ε’πεγείροντας,
1421 1993 1827 2061 θαρρύνοντας,
1853 2014 1897 2045 20

129 2079 566 2150 προτρέποντας,
616 2075 766 2133 ἆθλα
804 2078 1085 2147 τιθέντας,
1137 2079 1225 2133 ἐπὶ
1274 2081 1482 2149 δωρεὰς
1520 2084 1828 2143 καλοῦντας

252 2277 275 2315 1
308 2271 415 2316 Her.
440 2270 505 2314 IX
528 2275 570 2326 8,
588 2276 629 2314 2.
691 2270 800 2314 Luc.
834 2270 893 2315 de
925 2270 1082 2314 astrol.
1110 2275 1164 2314 27
1314 2275 1364 2314 11
1401 2269 1541 2328 αἰχμὴ
1574 2270 1626 2314 τὸ
1659 2277 1829 2321 κοινῶς

131 2329 378 2387 λεγόμενον
409 2329 659 2386 κοντοὶριον
694 2330 757 2374 Vr
788 2331 854 2386 (et
875 2330 983 2375 Vaiz.
1010 2332 1084 2387 82)

252 2514 275 2551 1
324 2512 438 2564 μηδε
478 2506 589 2565 μίαν
621 2508 666 2552 Α
723 2508 730 2565 Ι
788 2507 915 2563 ὥραν
947 2509 1310 2553 PBMVUBaI
1486 2513 1511 2550 2
1559 2505 1668 2552 ποτ’
1696 2507 1765 2552 Re

130 2572 159 2610 4
192 2568 336 2623 ἔδησα
369 2567 423 2611 Ο]
442 2567 565 2611 Fabr
596 2567 678 2623 qui
709 2567 927 2611 adnobat:
963 2568 1058 2613 MS
1087 2566 1281 2621 ἔδειρα
1402 2571 1428 2610 5
1460 2573 1542 2611 τοῦ
1574 2567 1700 2611 inser
1724 2567 1782 2611 1³
1815 2567 1821 2625 Ι

128 2625 451 2682 τελευτηκότος
484 2627 521 2671 Ο
699 2631 723 2669 7
772 2626 839 2677 εἰς
879 2643 963 2678 τας
1003 2633 1161 2684 χεῖρας
1194 2627 1255 2670 Μ
1295 2625 1376 2669 sed
1421 2643 1443 2676 ς
1484 2625 1568 2678 τὰς
1609 2627 1659 2669 in
1689 2641 1765 2671 ras

192 2690 216 2728 9
251 2684 434 2737 ἑαυτοῖς
456 2685 499 2728 V
618 2690 671 2728 13
706 2683 858 2741 φόνον
885 2686 1285 2731 GAPBMVBaI
1310 2685 1435 2740 quod
1458 2685 1574 2729 locis
1598 2690 1734 2742 p.44‚
1754 2690 1823 2729 12.

130 2743 216 2794 Od.
235 2761 270 2800 φ
297 2749 368 2788 24.
414 2743 549 2787 Pind.
574 2743 910 2800 Pyth.1v250.
957 2743 1081 2788 Plut
1108 2747 1223 2801 sept.
1251 2758 1348 2800 sap.
1375 2758 1503 2789 conv.
1524 2749 1578 2788 19
1602 2759 1648 2801 p.
1669 2744 1822 2788 162Ε.

130 2802 204 2847 Et.
229 2803 292 2846 M.
317 2818 362 2860 p.
390 2807 490 2857 662,
508 2807 535 2846 4
566 2802 642 2846 vix
674 2802 864 2847 defendi
895 2803 1071 2859 poterit
1253 2808 1307 2847 16
1356 2802 1597 2859 ἐφεστήκει
1623 2806 1718 2848 ΜΙ
1741 2803 1824 2847 sed

129 2861 181 2905 in
210 2861 300 2906 hoc
333 2879 354 2906 ε
387 2865 448 2918 (2)
479 2862 530 2905 in
561 2878 603 2906 ει
635 2876 738 2906 corr
759 2862 844 2916 ωδ,
877 2861 935 2906 Ol
958 2862 1082 2906 Fabr
1130 2864 1135 2916 Ι
1187 2860 1298 2906 οὔθ’
1335 2862 1404 2906 Re
1434 2862 1485 2905 in
1495 2820 1562 2907 ²⁷A
1591 2862 1688 2919 legi
1719 2875 1824 2918 per-

127 2934 290 2977 peram
322 2934 531 2964 asserens
714 2925 767 2964 17
807 2919 929 2976 ἡμᾶς
959 2922 1073 2965 ΒαΙ
1090 2920 1148 2965 Ol
1171 2921 1296 2964 Fabr
1322 2923 1328 2976 Ι
1357 2919 1400 2978 γ’
1429 2921 1568 2979 ἐχρῆν
1600 2921 1766 2977 scripsi
1798 2934 1824 2965 e

140 2980 184 3023 V
212 2993 314 3023 cum
341 2979 515 3025 Cobeto
541 2978 654 3024 Coll.
675 2985 757 3024 121
792 2981 840 3023 et
870 2979 1111 3023 Monnerio
1196 2995 1246 3036 γε
1269 2979 1354 3037 χρὴ
1386 2980 1558 3035 reliqui
1588 2980 1699 3024 libri
1731 2980 1824 3024 edd
