2060 3162
666 138 897 181 LIBANH
928 136 1153 181 ORATIO
1185 137 1335 181 XVIII
1717 137 1830 193 261⁴

137 277 350 328 ἔδωκαν
389 277 571 343 λόχον,
620 272 686 326 ὃν
726 275 974 343 ἔκρυψαν
1012 273 1122 326 ὑπὸ
1164 273 1333 345 ὀχετῷ
1373 274 1640 344 μετεώρῳ
1665 273 1830 326 καλά-

136 384 255 433 μων
301 372 546 430 πυκνῶν,
599 360 691 414 καὶ
738 363 841 431 γὰρ
889 357 959 430 ἦν
1008 361 1255 431 ὑδρηλὸν
1305 362 1366 414 τὸ
1421 364 1645 432 χωρίον,
1699 364 1831 423 τοὺς

136 451 488 521 καθημένους
546 450 940 519 ἀφανιζόντων.
1029 450 1096 502 οὐ
1150 451 1260 518 μὴν
1313 451 1445 512 τούς
1498 470 1560 518 γε
1615 451 1833 519 ὀφθαλ-

137 544 274 607 μοὺς
312 538 541 593 τῶν’ἐπ’
574 540 723 611 ἄκρῳ
763 545 840 611 τῷ
880 539 1148 610 εὐωνύμῳ
1182 537 1459 605 Ῥωμαίων
1498 537 1832 606 ἐλάνθανον,

138 628 257 682 ἀλλ’
286 629 359 691 ὡς
405 624 574 696 εἶδον,
626 629 735 697 ἅμα
780 631 883 698 βοῇ
934 628 1236 698 δραμόντες
1282 629 1414 690 τοὺς
1460 624 1562 694 μὲν
1601 627 1832 695 ἀναστή-
1880 648 1898 681 5

140 733 331 780 σαντες
370 716 621 786 ἐδίωκον,
661 725 757 785 τῆς
795 724 1051 787 στρατιᾶς
1084 713 1145 768 δὲ
1177 717 1255 779 εἰς
1290 717 1459 784 ἥμισυ
1501 714 1573 768 δι’
1605 714 1834 769 ἐκείνων

138 804 464 875 διετάραξαν
514 813 698 875 φυγῆς
744 807 933 874 φυγὴν
977 806 1241 873 τεκούσης
1294 812 1388 872 τῆς
1441 813 1554 857 τῶν
1600 805 1834 873 πρώτων

138 897 239 964 τὴν
283 904 395 948 τῶν
442 895 732 964 δευτέρων.
810 894 896 947 57.
951 896 1199 963 γίγνεται
1248 892 1312 946 δέ
1357 913 1411 946 τι
1448 896 1834 962 παραπλήσιον

140 984 200 1036 ἐν
239 992 302 1053 τῇ
343 984 484 1054 μάχῃ
523 990 599 1054 τῷ
638 984 763 1051 περὶ
803 984 904 1052 τὴν
942 992 1055 1035 τῶν
1087 983 1416 1051 Κορινθίων
1454 983 1590 1052 πρὸς
1622 985 1837 1049 Κερκυ--

141 1075 332 1141 ραίους
371 1075 695 1141 ναυμαχίαν.
772 1070 863 1124 καὶ
903 1072 1007 1140 γὰρ
1049 1070 1111 1124 ἐν
1149 1071 1317 1141 ταύτῃ
1359 1072 1628 1124 νικᾶσθαί
1655 1090 1712 1123 τε
1743 1069 1835 1123 καὶ
1861 1091 1904 1123 10

140 1169 303 1215 νικᾶν
342 1160 619 1231 ἑκατέροις
665 1160 887 1229 συνέβη.
964 1161 1025 1213 τὸ
1073 1161 1177 1230 γὰρ
1226 1160 1517 1227 εὐώνυμον
1565 1157 1837 1229 ἑκατέρων

142 1249 380 1319 ἐκράτει,
435 1248 560 1303 ὥστ’
593 1248 829 1314 ἐπιέζετο
875 1250 936 1302 τὸ
983 1250 1107 1319 περὶ
1154 1249 1252 1302 τὸν
1298 1247 1528 1316 βασιλέα
1560 1247 1839 1315 Ῥωμαίων

142 1338 341 1408 δεξιόν,
389 1340 620 1407 λογάδες
664 1339 773 1391 ὑπὸ
825 1339 1092 1406 λογάδων.
1170 1338 1257 1391 58.
1307 1336 1399 1390 καὶ
1440 1334 1572 1390 οὐδὲ
1618 1345 1734 1399 τοῖς
1771 1338 1838 1389 τὰ

143 1436 338 1496 σημεῖα
376 1426 664 1497 φέρουσιν,
706 1430 764 1480 οἳ
799 1428 1099 1496 φυλάττειν
1145 1427 1151 1495 Ι
1199 1428 1267 1495 δὴ
1306 1427 1539 1495 μάλιστα
1578 1444 1736 1494 μεμε-
1776 1437 1924 1481 R542

142 1519 397 1586 λετήκασι
444 1515 616 1584 τάξιν,
671 1515 699 1569 ὁ
747 1518 915 1583 νόμος
969 1515 1210 1580 ἐσώζετο.
1287 1515 1362 1577 ὡς
1416 1511 1477 1567 δὲ
1533 1513 1837 1581 ἐνέκλιναν,
1863 1535 1905 1567 15

142 1603 281 1673 μέγα
342 1606 548 1672 βοήσας
604 1604 632 1658 ὁ
689 1607 948 1671 βασιλεὺς
1001 1602 1092 1656 καὶ
1146 1605 1276 1665 τοὺς
1330 1610 1429 1656 τοῦ
1486 1604 1838 1672 Τελαμωνίου

154 1832 160 1836 .
265 1784 287 1821 1
322 1779 470 1821 Amm.
496 1778 575 1821 1.1.
603 1782 658 1821 23
684 1779 732 1822 et
756 1782 810 1820 27
935 1782 959 1820 3
993 1778 1143 1821 Amm.
1169 1777 1248 1821 1.1.
1276 1782 1329 1821 37
1455 1782 1478 1820 7
1512 1776 1703 1833 Phooyl.
1726 1780 1779 1819 73

146 1842 170 1878 9
205 1836 347 1880 Thue.
373 1837 393 1880 I
418 1842 472 1880 49
598 1841 652 1880 16
684 1838 833 1880 Amm.
859 1836 937 1880 1.1.
964 1840 1021 1879 40

267 2005 288 2042 1
334 1999 468 2058 λόχος
497 1999 526 2055 ἡ
560 1998 727 2054 ἐνέδρα
760 1999 854 2043 ἀπὸ
888 2006 970 2044 τοῦ
1002 2000 1110 2050 τοὺς
1142 1996 1406 2049 ἐπιλέκτους
1437 1999 1503 2049 εἰς
1533 2006 1670 2042 τοῦτο
1704 1999 1840 2043 εὐθε-

145 2067 241 2103 τεῖν
275 2057 302 2115 ἢ
335 2059 429 2103 ἀπὸ
461 2066 544 2102 τοῦ
568 2057 807 2111 λέξασθαι.
865 2059 946 2102 καὶ
976 2057 1064 2116 γὰρ
1098 2058 1143 2102 οἱ
1172 2066 1376 2103 τοιοῦτοι
1409 2055 1638 2102 ἐπίλεκτοι
1668 2056 1843 2113 διεκρί-

146 2135 282 2162 νοντο
315 2118 380 2168 εἰς
413 2116 614 2173 ἐνέδρας.
678 2116 869 2173 εὕρηται
893 2118 974 2161 καὶ
998 2117 1132 2175 λόχος
1162 2117 1191 2173 ἡ
1217 2116 1346 2171 τάξις
1377 2125 1668 2173 στρατιωτῶν
1699 2133 1841 2162 τινων

148 2175 375 2234 συμμορία
408 2177 477 2220 B²
509 2177 566 2220 cf.
592 2176 745 2232 Etym.
770 2176 832 2219 M.
864 2190 898 2219 s.
923 2191 963 2220 v.
997 2175 1131 2234 λόχος

270 2330 291 2366 1
329 2325 509 2369 ἔδωκαν
542 2325 592 2379 V,
634 2325 803 2369 ἔδοσαν
843 2325 893 2367 in
924 2338 1060 2381 marg
1115 2326 1121 2381 Ι
1178 2321 1263 2367 ὑπ’
1291 2324 1359 2367 Re
1416 2326 1422 2378 Ι
1479 2324 1717 2380 μετεώρων
1741 2325 1787 2367 Ρ
1814 2324 1850 2367 Ι

149 2383 229 2427 sed
268 2384 317 2426 in
348 2384 436 2427 hoc
469 2401 495 2427 ν
537 2384 631 2426 add
662 2383 747 2438 m²‚
796 2385 862 2440 (et
893 2385 986 2440 Ba)
1036 2383 1093 2427 cf.
1120 2382 1480 2427 Westdeutsche
1519 2381 1844 2426 ZestschrNH

151 2447 218 2486 69.
254 2442 340 2485 XII
367 2447 472 2496 136;
503 2442 555 2485 E.
590 2443 648 2486 de
679 2443 862 2486 Borries
887 2442 966 2485 1.1.
993 2457 1036 2498 p.
1058 2447 1112 2486 26
1264 2447 1290 2484 3
1331 2442 1422 2499 μὴν
1453 2443 1529 2486 La
1561 2441 1643 2486 sed
1673 2459 1701 2497 η
1734 2454 1790 2484 ex
1822 2457 1844 2485 ε

150 2514 250 2544 corr
269 2516 300 2545 ‘n
422 2506 449 2544 4
473 2508 564 2545 τῶν
575 2499 814 2557 Ῥωμαίων
827 2502 895 2545 Re
1019 2506 1044 2545 6
1072 2507 1289 2556 στρατιᾶς
1305 2514 1329 2544 e
1351 2498 1592 2556 στρατείας
1612 2514 1714 2543 corr
1726 2499 1844 2544 M1²

155 2589 159 2646 Ι
193 2587 238 2632 δ’
267 2590 336 2633 Re
518 2594 541 2633 7
582 2577 854 2644 &stozpagss‘v
890 2589 928 2634 Ο
971 2589 1053 2633 sed
1100 2607 1131 2633 α
1178 2603 1404 2646 suprascr.
1438 2589 1471 2643 f,
1521 2589 1606 2633 Mo
1691 2587 1843 2633 διετά-

151 2648 259 2702 ραξε
298 2650 343 2692 Β
375 2648 477 2692 Mor
560 2647 788 2703 ἐτάραξαν
822 2649 866 2693 V
944 2647 1225 2703 ἐξετάραξαν
1265 2649 1341 2692 La
1521 2651 1546 2690 9
1593 2648 1670 2705 τῶ]
1708 2654 1764 2704 τῇ
1806 2648 1850 2691 V

150 2705 250 2749 Mor
272 2706 340 2750 Re
369 2707 374 2765 Ι
402 2705 531 2762 παρὰ
562 2707 631 2750 Re
666 2709 672 2762 Ι
707 2706 790 2763 τὴν
823 2721 898 2750 om
922 2706 1024 2750 Mor
1047 2707 1115 2750 Re
1247 2711 1301 2750 10
1333 2704 1599 2810 ναυμαχίὲιν
1630 2693 1677 2751 V
1701 2706 1783 2750 sed
1815 2722 1843 2749 ν

1454 2782 1509 2822 νο
1558 2782 1619 2809 κα

152 2822 367 2866 ultimum
400 2837 502 2868 eras
564 2821 801 2883 ναυμαχίᾳ
824 2823 894 2866 Re
921 2825 927 2879 Ι
956 2823 1167 2868 ἐνταῦθα
1191 2826 1267 2868 La
1389 2829 1443 2868 11
1477 2822 1760 2880 ἀμφοτέροις
1784 2823 1847 2866 Μ

157 2880 162 2938 Ι
198 2879 425 2937 ἑκατέρων
458 2896 533 2926 om
560 2883 603 2927 V
749 2887 801 2925 12
844 2881 957 2926 ὥστε
988 2883 1087 2926 PU
1162 2883 1223 2933 ὡς
1247 2885 1292 2927 Β
1324 2883 1427 2927 Mor
1449 2883 1519 2926 Re
1671 2887 1724 2925 15
1757 2881 1841 2937 τὴν

152 2937 282 2990 τάξιν
308 2942 370 2984 Μ
396 2941 453 2984 cf.
486 2957 530 2997 p.
552 2946 650 2995 111,
669 2946 694 2984 5
724 2943 729 2996 Ι
758 2939 1006 2984 ἀνέκλιναν
1037 2940 1140 2984 Mor
1162 2941 1287 2984 Fabr
1417 2946 1471 2985 16
1502 2948 1585 2985 τοῦ
1618 2955 1694 2984 om
1728 2941 1842 2987 VLa
