2060 3162
233 106 343 160 504
755 107 984 152 LIBANH
1016 107 1240 153 ORATIO
1272 109 1422 153 xxm

234 240 404 296 ἔδωκε
443 239 543 318 μὲν
575 241 790 311 Ἑρμῆς,
829 243 1075 313 ἠγάπησε
1115 241 1175 297 δὲ
1207 254 1318 297 τῶν
1362 244 1666 314 Ἀθηναίων
1709 245 1737 314 ἡ
1769 246 1926 307 πόλις

235 330 326 384 καὶ
380 330 638 400 θρέψασα
691 332 779 383 καὶ
836 332 1116 401 αὐξήσασα
1166 332 1255 385 καὶ
1310 337 1627 403 κοσμήσασα
1679 340 1923 401 πανταχῆ

237 419 549 489 διέπεμψεν.
628 416 780 472 οὗτοι
820 422 1235 490 συγκρύπτουσι
1273 419 1376 489 μὲν
1415 422 1756 491 δυσγένειαν,
1794 422 1926 491 κρύ-

235 523 433 562 πτουσι
474 509 534 561 δὲ
574 507 874 577 ἀμορφίαν,
921 513 1166 563 πλοῦτον
1213 507 1275 563 δὲ
1314 511 1680 579 φυλάττουσι,
1728 511 1925 563 λύουσι

193 619 213 652 5
239 595 298 651 δὲ
337 600 552 663 πενίαν,
606 596 840 666 ἀρκοῦσι
881 594 941 650 δὲ
986 601 1214 651 πόλεσιν
1260 600 1338 662 εἰς
1383 603 1659 669 σωτηρίαν
1705 600 1929 652 πάντων

238 689 392 750 ὄντες
447 686 634 739 ὅπλων
698 685 760 740 ἐν
819 686 1078 756 πολέμοις
1137 690 1533 758 χρησιμώτεροι
1602 689 1691 741 καὶ
1753 688 1929 756 πάσης

239 777 590 845 πολυχειρίας
622 773 682 828 ἐν
712 775 907 844 μάχαις
941 776 1301 846 ἰσχυρότεροι.
1363 779 1416 830 οἱ
1448 779 1680 839 τούτους
1711 775 1929 846 ἔχοντες

239 866 377 935 πρὸς
423 865 488 917 τὰ
533 872 761 932 μαντεῖα
810 865 1073 928 πολλάκις
1120 864 1454 934 ἁμιλλῶνται
1504 873 1578 939 τῷ
1619 867 1679 919 τὸ
1726 865 1928 933 μέλλον

243 956 522 1007 δύνασθαι
552 961 822 1023 προορᾶν·
865 952 892 1005 ὃ
927 954 1030 1020 γὰρ
1070 952 1301 1017 ἐκείνοις
1332 956 1398 1007 τὰ
1429 956 1726 1023 πνεύματα,
1765 962 1931 1007 τοῦτο

177 1065 218 1096 10
242 1043 458 1104 τούτοις
495 1041 527 1110 ἡ
570 1042 774 1110 γνώμη.
851 1043 1054 1108 μόνους
1095 1043 1157 1096 δὲ
1194 1045 1324 1106 τοὺς
1363 1045 1584 1114 παιδεία
1624 1045 1932 1111 διενεγκόν-

243 1153 339 1194 τας
378 1134 512 1200 φαίη
554 1150 635 1193 τις
667 1129 737 1183 ἂν
770 1129 860 1183 καὶ
893 1130 1213 1194 ἀθανάτους
1245 1128 1387 1185 εἶναι
1420 1133 1586 1200 φύσει
1619 1129 1720 1199 μὲν
1751 1136 1933 1185 τελευ-

244 1230 468 1287 τῶντας,
509 1217 638 1288 δόξῃ
681 1219 742 1271 δὲ
783 1222 998 1283 ζῶντας.

358 1308 442 1360 22.
508 1305 642 1359 Ἀλλ’
676 1307 820 1373 ὅμως
871 1308 988 1360 οἵδε
1043 1309 1096 1361 οἱ
1152 1307 1269 1361 νέοι
1323 1310 1630 1378 πεφεύγασι
1683 1310 1786 1377 μὲν
1835 1311 1937 1378 τὴν

246 1405 484 1451 τοσαῦτα
523 1396 710 1464 ἀγαθὰ
747 1395 1144 1466 προξενοῦσαν,
1194 1396 1281 1450 ἐπὶ
1330 1395 1391 1451 δὲ
1437 1399 1539 1467 τὴν
1583 1402 1799 1469 μυρίων
1837 1418 1936 1467 μη-

182 1508 223 1541 15
247 1486 376 1554 τέρα
422 1494 621 1553 κακῶν,
670 1488 915 1538 νωθείαν
962 1485 1051 1539 καὶ
1099 1488 1387 1555 μαλακίαν,
1438 1490 1810 1557 κεχωρήκασιν
1852 1486 1937 1557 ἔρ-

248 1595 412 1645 μαιον
473 1573 657 1626 αὑτῶν
718 1574 820 1642 τὴν
879 1582 973 1643 τῆς
1034 1576 1242 1637 πόλεως
1303 1575 1532 1645 ἀτυχίαν
1585 1576 1938 1645 ἡγησάμενοι,

251 1665 491 1726 δεδιότες
522 1660 622 1730 μὲν
655 1661 836 1728 οὐδέν,
866 1665 1338 1732 προσποιούμενοι
1371 1661 1431 1717 δὲ
1462 1665 1652 1718 πολλά.
1721 1667 1803 1727 τίς
1835 1665 1937 1732 γὰρ

161 1766 371 1810 RII304
415 1748 548 1820 ἧκεν
594 1749 663 1804 ἂν
702 1749 785 1804 ἐπ’
815 1745 1257 1820 αὐτοὺςίᾶρχων,
1311 1753 1391 1814 τίς
1430 1752 1722 1821 ὑπηρέτης,
1787 1751 1794 1824 Ι
1859 1755 1942 1815 τίς

253 1843 467 1910 γείτων,
512 1841 594 1902 τίς
631 1842 880 1908 πολίτης,
928 1841 1010 1902 τίς
1056 1837 1209 1903 ξένος
1246 1843 1435 1910 πόρρω
1482 1841 1584 1910 μὲν
1630 1843 1792 1904 ὄντας
1830 1851 1942 1895 τῶν

188 1952 230 1985 20
253 1933 634 1998 βλασφημιῶν,
673 1930 861 1997 πόρρω
903 1929 964 1981 δὲ
1003 1938 1114 1981 τῶν
1154 1926 1233 1981 ἐπ’
1268 1927 1523 1994 ἐκείναις;
1579 1929 1668 1983 καὶ
1708 1930 1811 2000 γὰρ
1853 1930 1942 1983 ὅτε

254 2026 424 2071 ταῦτα
463 2017 721 2083 ἐτολμᾶτο
769 2015 859 2069 καὶ
899 2012 968 2084 ἦν
1008 2014 1085 2070 ἔτι
1127 2016 1188 2070 ἐν
1226 2020 1537 2087 προοιμίοις
1583 2020 1615 2087 ἡ
1655 2020 1838 2087 μανία,
1889 2018 1942 2070 οἱ

256 2104 356 2174 μὲν
403 2106 660 2174 ἀπῆλθον
706 2106 894 2158 οἶκαδε
940 2105 1190 2173 θέοντες,
1238 2107 1291 2158 οἱ
1332 2104 1380 2158 δ’
1413 2102 1554 2173 ἦσαν
1602 2102 1770 2174 οὗπερ
1820 2105 1943 2174 ἐγώ,

256 2205 370 2258 τοῖς
408 2205 520 2248 τῶν
559 2192 882 2264 ἑωρακότων
914 2196 1114 2262 λόγοις,
1154 2194 1220 2246 οὐ
1261 2203 1376 2256 τοῖς
1415 2194 1599 2248 αὑτῶν
1630 2195 1946 2263 ὀφθαλμοῖς

258 2285 637 2352 μανθάνοντες
675 2283 741 2334 τὰ
779 2289 878 2335 τοῦ
919 2284 1041 2335 τότε
1088 2291 1367 2350 χειμῶνος.
1444 2292 1557 2344 πῶς
1605 2278 1708 2337 οὗν
1755 2282 1945 2337 ἐσυκο-

198 2395 239 2427 25
266 2379 580 2443 φαντοῦντο
637 2372 729 2435 {im
793 2371 877 2422 23.
933 2379 1027 2439 τῆς
1083 2369 1133 2422 δ’
1165 2370 1389 2423 ἐκείνων
1435 2373 1624 2434 κακίας
1677 2371 1767 2426 καὶ
1822 2373 1947 2425 τόδε

384 2560 405 2597 1
441 2553 492 2598 δὲ
517 2569 593 2597 om
617 2556 646 2598 1
766 2558 790 2596 2
822 2560 1056 2610 πανταχοῖ
1077 2554 1168 2597 AP
1190 2553 1258 2596 Re
1381 2557 1406 2595 3
1439 2554 1691 2608 κρύπτουσι
1723 2554 1773 2597 δὲ
1806 2554 1947 2610 ἀμορ-

265 2611 381 2670 φίαν
414 2628 489 2657 om
516 2613 553 2657 C
678 2617 702 2656 6
737 2610 1021 2669 ἰσχυρότεροι
1055 2614 1116 2656 Μ
1143 2612 1234 2654 edd
1358 2617 1380 2655 7
1413 2614 1741 2670 χρησιμώτεροι
1774 2614 1836 2656 Μ
1856 2612 1948 2655 edd

265 2676 291 2715 8
316 2673 594 2729 ἁμιλλῶνται
611 2674 646 2715 Ι
761 2676 814 2715 13
841 2669 939 2715 οἶδε
956 2672 1001 2715 Α
1125 2675 1176 2713 15
1202 2679 1359 2715 κακῶν
1383 2671 1553 2727 μητέρα
1572 2674 1626 2716 M
1657 2674 1662 2726 Ι
1691 2669 1954 2715 νωθίανΜ

326 2736 380 2774 16
415 2731 568 2775 αὐτῶν
603 2731 779 2775 GIMV
895 2735 948 2772 17
982 2729 1068 2787 γὰρ
1101 2744 1175 2773 om
1202 2731 1261 2774 M
1390 2735 1442 2773 19
1474 2729 1544 2782 τίς
1572 2729 1761 2786 πολίτης
1791 2744 1862 2774 om
1893 2730 1954 2772 M

271 2790 276 2849 ι
308 2797 401 2834 τῶν
433 2804 508 2833 om
531 2789 664 2846 Bong
785 2793 840 2832 20
873 2787 1067 2839 ἐκείνοις
1090 2789 1157 2832 Re
1279 2795 1331 2832 22
1368 2789 1413 2833 οἳ
1436 2791 1528 2834 AP
1557 2790 1638 2832 sed
1669 2789 1717 2832 in
1748 2789 1835 2832 hoc
1857 2786 1866 2802 ¹
1900 2788 1950 2831 in

265 2855 407 2907 <0011
429 2855 499 2898 m8
560 2855 612 2899 οῖ’
628 2857 737 2912 IV!
765 2855 818 2899 δὲ
840 2855 909 2899 Re
1030 2859 1084 2897 23
1111 2844 1316 2899 α’ὑτῶνῑ
1369 2856 1523 2898 αὐτῶν
1542 2857 1655 2900 MV
1767 2858 1823 2898 24
1849 2854 1953 2899 ἐσυ-

268 2921 591 2970 κοφαντοῦντο
628 2916 671 2959 V
695 2914 776 2958 sed
808 2931 834 2958 ν
867 2915 927 2971 (2)
960 2914 1084 2956 inser
1107 2928 1128 2957 8
1190 2911 1581 2970 ἐσυκοφαντοῦντ’
1609 2914 1677 2957 Re
