2072 3162
696 126 923 170 LIBAN'II
954 125 1176 171 ORATIO
1208 126 1316 171 XIV
1747 126 1849 178 101

165 261 226 316 ἐν
266 256 348 327 οἷς
385 272 496 316 τῶν
534 261 681 331 ἐμῶν
719 262 1160 331 συγγραμμάτων
1198 261 1594 330 ἀναγινώσκων
1641 261 1701 314 ε’ν
1738 264 1856 314 Λυ-

163 356 292 425 κείῳ
341 353 524 413 λίθοις
569 349 824 418 ἐβάλλετο
873 352 1019 420 παρὰ
1057 360 1167 403 τῶν
1207 351 1309 404 οὐκ
1353 349 1624 420 οἰομένων
1664 350 1856 413 αὐτοῖς

164 443 265 510 τὴν
303 440 616 508 ἀνάγνωσιν
649 442 956 492 λυσιτελεῖν
993 439 1082 492 καὶ
1122 448 1348 492 τοιαῦτα
1386 449 1562 492 ποιῶν
1595 440 1696 492 οὐκ
1732 438 1853 508 ἐμοὶ

164 533 374 597 μᾶλλον
411 527 444 596 ἡ
483 534 557 599 τῷ
589 531 838 597 χαίροντι
877 536 991 590 τοῖς
1031 530 1216 596 λόγοις
1266 528 1271 597 Ι
1322 526 1607 598 ἐχαρίζετο.
1685 530 1754 580 σὺ
1794 540 1948 583 R43'2

165 617 216 673 δ’
247 617 316 671 ἂν
354 617 517 679 αὐτὸς
555 622 668 685 εἴης
707 616 735 670 ὁ
769 620 989 687 χαίρων.
1053 617 1261 669 οὐκοῦν
1299 615 1389 670 καὶ
1424 617 1588 679 αὐτὸς
1627 616 1696 670 ἂν
1734 615 1848 684 μετ’
1903 637 1927 669 5

165 707 298 777 ἐμοῦ
337 707 499 776 χάριν
529 705 787 774 ὀφείλοις.
851 705 985 774 ἐμοῦ
1025 707 1221 759 τοίνυν
1259 705 1623 768 ἀποδιδόντος
1661 712 1735 778 τῷ
1771 705 1856 758 λε’-

163 816 283 865 γειν
322 794 528 857 ἀπόδος
565 793 656 847 καὶ
698 797 767 847 σὺ
806 803 923 857 τοῖς
961 792 1157 864 ἔργοις.

275 884 360 937 39.
426 884 494 935 Οἱ
551 883 654 952 μὲν
708 878 814 936 οὗν
866 882 1147 945 ἀξιοῦντες
1199 890 1456 936 τοσοῦτοι
1510 881 1600 935 καὶ
1654 883 1859 945 πάντες

163 975 342 1043 φίλοι,
390 969 540 1039 οἶμαι
589 970 637 1024 δ’
677 973 725 1025 εἰ
763 980 878 1034 τοῖς
915 969 1016 1039 μὲν
1056 973 1242 1034 ἄλλοις
1287 973 1478 1038 ἔμελεν
1523 972 1718 1040 ἥκιστα
1756 979 1857 1025 τοῦ

162 1063 502 1132 πράγματος,
557 1053 636 1123 εἷς
691 1059 757 1113 δέ
800 1080 883 1123 τις
934 1060 992 1113 ἐκ
1041 1070 1153 1113 τῶν
1201 1059 1597 1130 ἠριθμημένων
1646 1057 1734 1129 ἦν,
1790 1060 1857 1114 ὃν
1882 1082 1930 1114 ιο

163 1148 326 1214 οὗτος
373 1148 560 1204 ἐλύπει
607 1150 914 1219 δυστυχῶν,
959 1148 1065 1202 κᾶν
1109 1157 1310 1202 τοῦτον
1356 1148 1427 1202 ἂν
1472 1147 1714 1220 ᾐδέσθης
1760 1149 1858 1202 τὸν

164 1240 275 1294 ἕνα.
340 1241 475 1302 δοὺς
505 1241 700 1292 τοίνυν
731 1237 800 1291 ἂν
840 1237 922 1291 ἑνὶ
954 1239 1055 1307 τὴν
1085 1239 1263 1308 χάριν,
1305 1235 1346 1291 ὦ
1377 1240 1624 1307 βασιλεῦ,
1662 1239 1858 1291 τοσού-

161 1349 277 1391 τοις
324 1329 391 1381 οὐ
439 1329 634 1390 δώσεις
681 1326 799 1380 οὐδ’
840 1327 1016 1397 ἡγήσῃ
1065 1327 1260 1395 δεῖγμα
1306 1335 1399 1396 τῆς
1427 1325 1860 1397 Ἀριστοφάνους

163 1417 454 1479 ἐπιεικείας
491 1413 635 1469 εἶναι
672 1417 941 1469 τοιούτων
978 1417 1274 1486 μαρτύρων
1313 1417 1508 1485 χορόν;
1548 1417 1603 1468 οἳ
1642 1414 1756 1468 οὔτ’
1787 1414 1859 1468 ἂν

162 1507 461 1575 ἠγνόησαν,
513 1511 663 1575 εἴπερ
711 1501 781 1573 ἦν
818 1506 1082 1575 πονηρός,
1135 1503 1250 1557 οὔτ’
1281 1503 1350 1557 ἂν
1400 1502 1673 1573 ἐπῄνεσαν
1722 1505 1859 1574 πρὸς
1883 1525 1926 1558 15

166 1591 226 1648 σὲ
271 1596 370 1647 τὸν
415 1592 917 1663 πεπονηρευμένον.
986 1593 1073 1646 40.
1125 1596 1176 1646 εἰ
1220 1594 1324 1664 γὰρ
1365 1592 1455 1646 καὶ
1495 1595 1686 1661 φίλος,
1733 1591 1852 1646 ἀλλ’

167 1684 235 1736 οὐ
276 1691 379 1735 σοῦ
419 1701 482 1750 γε
522 1684 783 1750 φίλτερος
822 1679 944 1734 οὐδ’
977 1678 1047 1734 αὗ
1093 1681 1348 1735 τάκείνου
1396 1691 1508 1735 τῶν
1556 1692 1687 1750 σῶν,
1734 1680 1852 1735 ἀλλ’

167 1768 299 1825 οὐδὲ
338 1771 535 1832 πάντες
586 1767 716 1823 οὐδὲ
763 1771 829 1823 τὰ
866 1771 1090 1823 πάντων
1129 1769 1242 1823 οὔτ’
1282 1769 1433 1824 ἔστιν
1481 1772 1607 1824 οὔτε
1653 1771 1725 1839 μὴ
1773 1769 1860 1838 γε’-

166 1880 340 1929 νηται.
416 1860 488 1928 μὴ
528 1860 725 1912 τοίνυν
772 1852 854 1921 οἷς
902 1856 1004 1926 μὲν
1052 1860 1328 1930 μοχθηροὶ
1383 1863 1685 1929 βοηθοῦσι,
1734 1860 1860 1912 τού-

165 1968 295 2011 τους
341 1947 482 2016 ἡγοῦ
530 1956 646 2010 τοῖς
699 1950 1013 2016 βοηθοῦσιν
1064 1948 1327 2017 ἐοικέναι,
1381 1949 1548 2001 πάλιν
1603 1945 1665 2001 δὲ
1717 1948 1857 2017 ἡγοῦ
1884 1969 1932 2001 20

165 2037 457 2107 μοχθηρὸν
516 2033 655 2106 ὑπὲρ
723 2031 790 2089 οὗ
853 2044 1145 2090 ποιοῦνται
1213 2040 1343 2100 τοὺς
1397 2040 1597 2106 λόγους
1659 2030 1742 2100 οἷς
1795 2038 1862 2089 τὰ

167 2128 359 2195 βελτίω
402 2126 694 2178 σύνοισθα.

289 2350 311 2388 1
360 2362 405 2388 τι
445 2342 506 2401 (τί
538 2345 699 2400 ΙΒΜ)
746 2344 870 2388 inter
909 2345 1029 2400 ἐμῶν
1069 2347 1117 2389 et
1148 2345 1514 2403 συγγραμμάτων
1548 2345 1726 2390 UIBM
1756 2347 1803 2388 et
1835 2358 1865 2389 e

167 2403 271 2448 Par.
298 2408 411 2447 3017
446 2403 645 2447 inseruit
675 2403 882 2448 Boisson.
916 2403 1135 2460 Pachym.
1167 2420 1212 2461 p.
1233 2409 1317 2448 129
1351 2406 1399 2448 et
1428 2404 1662 2460 interponi
1692 2403 1864 2448 maluit

166 2463 236 2507 Re
357 2468 382 2506 2
417 2463 578 2514 αὐτοῖς
600 2462 710 2506 libri
742 2465 919 2521 (αυτοῖς
951 2463 1119 2519 spiritu
1143 2477 1275 2507 eraso
1308 2464 1369 2519 U)
1402 2463 1513 2507 Fen·
1536 2463 1637 2507 Mor
1668 2477 1770 2507 corr
1792 2463 1862 2507 Re

229 2526 255 2565 3
301 2524 446 2566 τελεῖν
477 2522 590 2565 Fen·
619 2521 722 2565 Mor
901 2526 926 2564 5
975 2523 1133 2580 αὐτὸς]
1179 2524 1364 2578 „malim
1403 2523 1482 2566 καὶ
1522 2522 1688 2573 αὐτὸς“
1732 2523 1801 2566 Re

170 2585 195 2624 9
240 2577 370 2638 οἶμαι
400 2607 460 2614 -
493 2586 546 2624 12
582 2580 664 2625 ἕνα
697 2581 814 2625 citat
843 2580 962 2625 Plan
994 2581 1072 2625 fol.
1101 2586 1155 2625 38
1336 2587 1361 2626 9
1408 2581 1560 2638 ἔμελεν
1594 2595 1649 2625 ex
1681 2581 1863 2637 ἔμελλεν

170 2653 271 2684 corr
302 2641 431 2684 AUI
553 2645 607 2684 11
641 2637 701 2685 ἂν
734 2654 809 2684 om
840 2641 890 2683 in
919 2654 996 2684 ras
1029 2641 1158 2684 2lit1:
1187 2642 1223 2684 I
1346 2645 1400 2683 14
1431 2647 1645 2685 τοιοῦτον
1685 2640 1867 2685 UIBM

227 2706 449 2743 τοσοῦτον
484 2700 528 2744 V
563 2699 689 2754 quod
727 2698 934 2755 praefert
973 2698 1131 2743 Gasda
1312 2704 1367 2743 16
1400 2700 1440 2744 εἰ
1472 2727 1527 2732 -
1562 2704 1614 2743 17
1650 2698 1866 2755 φίλτερος

171 2757 287 2801 citat
322 2758 440 2801 Plan
470 2757 558 2802 1.1.
741 2763 795 2801 18
843 2759 1030 2816 βασιλεῦ
1069 2760 1177 2815 post
1215 2757 1405 2816 γένηται
1443 2759 1671 2816 probante
1704 2757 1865 2802 Gasda

169 2816 365 2871 praebet
394 2817 497 2861 Par.
525 2821 640 2860 3017
667 2818 715 2860 et
743 2817 793 2860 in
816 2831 950 2874 marg
974 2817 1031 2861 Ι2
1152 2822 1207 2860 20
1238 2825 1335 2868 τοῖς
1366 2819 1625 2876 βοηθοῦσιν
1658 2815 1868 2861 ἐοικέναι

170 2873 220 2917 in
251 2889 385 2933 marg
416 2876 473 2919 1²
507 2877 513 2931 Ι
548 2875 608 2932 μὴ
634 2878 743 2920 ante
774 2875 889 2933 ἡγοῦ
921 2877 1059 2920 inser.
1086 2877 1191 2920 coni
1213 2876 1329 2931 Mor,
1390 2876 1506 2934 ἡγοῦ
1539 2876 1616 2920 del
1645 2875 1801 2919 Gasda

172 2937 227 2975 21
261 2931 325 2978 ὧν
359 2935 469 2977 Fen·
491 2934 607 3003 Mog³
