2060 3162
208 815 439 878 ΠΡΟΣ
495 816 989 878 ΘΕΟΔΟΣΙΟΝ
1034 814 1210 878 TON
1255 814 1634 876 ΒΑΣΙΛΕΑ
1677 816 1831 875 ΕΠΙ

621 919 819 980 ΤΑΙΣ
866 919 1416 981 ΔΙΑΛΛΑΓΑΙΣ.

290 1068 334 1118 1.
378 1064 446 1119 “Ο
483 1067 585 1136 μὲν
621 1068 883 1130 πολλάκις
922 1076 1206 1136 προεῖπον,
1246 1067 1318 1130 ὡς
1358 1065 1483 1120 οὔτ’
1505 1064 1657 1119 ἔσται
1695 1074 1758 1137 τῇ
1798 1078 1839 1121 R
1861 1082 1945 1122 653

176 1158 333 1209 πόλει
373 1157 562 1209 δεινὸν
601 1156 767 1209 οὐδὲν
805 1154 996 1226 ἕτερον
1035 1157 1069 1209 ἅ
1102 1175 1160 1209 τε
1197 1152 1268 1225 ἦν
1300 1154 1361 1209 ἐν
1391 1163 1456 1226 τῇ
1495 1157 1728 1226 τιμωρίᾳ
1766 1173 1858 1208 πε-

173 1245 466 1313 παύσεται,
522 1243 791 1298 δέδεικται
844 1253 1012 1298 πᾶσιν
1063 1244 1408 1316 ἀνθρώποις,
1463 1244 1603 1297 ὅπου
1657 1263 1719 1312 γε
1767 1242 1859 1296 καὶ
1906 1264 1926 1297 5

173 1335 340 1386 πόλιν
377 1332 587 1402 ὑπῆρξέ
628 1353 720 1402 μοι
767 1341 1086 1403 προσειπεῖν
1132 1333 1203 1402 ἣν
1242 1333 1344 1386 οὐκ
1390 1332 1518 1401 ἐξῆν
1565 1335 1859 1403 πρότερον·

176 1420 291 1474 ἐπεὶ
331 1418 391 1473 δὲ
432 1423 650 1475 δίκαιον
688 1430 803 1484 τοῖς
841 1418 903 1474 εὖ
942 1423 1300 1491 πεποιηκόσιν
1335 1421 1643 1475 ἀποδοῦναι
1681 1422 1858 1492 χάριν,

176 1509 259 1562 δι’
282 1509 415 1577 ἐμοῦ
455 1518 618 1563 τοῦτο
665 1519 812 1563 ποιεῖ
849 1519 961 1564 τῶν
1000 1509 1313 1580 Ἀντιοχέων
1352 1512 1385 1579 ἡ
1424 1513 1582 1573 πόλις
1626 1514 1721 1577 τῆς
1757 1506 1860 1576 μὲν

176 1598 259 1652 δι’
282 1601 460 1668 ἔργων
506 1598 737 1667 ἀμοιβῆς
791 1598 1233 1668 ἄπολελειμμένη,
1287 1607 1352 1668 τῇ
1407 1596 1467 1651 δὲ
1518 1599 1610 1651 διὰ
1660 1599 1859 1666 λόγων,

178 1686 314 1755 αὕτη
370 1687 472 1755 γὰρ
520 1685 589 1739 ἂν
635 1691 718 1754 εἴη
764 1687 926 1755 μόνη,
981 1685 1244 1756 χρωμένη.
1322 1687 1471 1739 δοκεῖ
1519 1686 1583 1738 δέ
1628 1706 1722 1753 μοι
1768 1687 1860 1739 καὶ
1883 1708 1926 1741 10

299 1847 337 1892 Ο
385 1869 440 1883 =
475 1847 620 1890 codex
650 1845 896 1890 Chisianus

297 1907 342 1950 A
389 1928 443 1942 =
476 1905 768 1949 Monacensis
799 1920 865 1963 gr.
892 1910 978 1950 483
1010 1906 1346 1963 (Augustanus)

296 1965 342 2007 P
388 1987 442 2002 ==
475 1964 717 2008 Palatinus
749 1979 816 2022 gr.
843 1969 928 2008 282

304 2025 348 2068 V
388 2047 443 2061 =
475 2023 847 2068 Vindobonensis
879 2023 994 2081 phil.
1019 2039 1086 2082 gr.
1112 2023 1255 2068 XCIII

293 2085 327 2126 I
390 2106 444 2119 =
478 2083 742 2127 Marcianus
775 2085 973 2140 append.
999 2083 1100 2127 XCI
1124 2088 1148 2126 2

296 2144 441 2187 Pa=
472 2142 711 2186 Parisinus
743 2157 808 2199 gr.
837 2147 950 2186 3017

303 2202 347 2247 U
388 2224 442 2239 =
475 2202 678 2246 Urbinas
710 2217 776 2259 gr.
806 2207 888 2246 126

299 2262 339 2305 Τ
385 2283 439 2297 =
474 2260 870 2318 Cantabrigiensis
897 2260 1093 2319 Collegii
1110 2261 1354 2305 Trinitatis
1381 2262 1434 2318 -Ι-
1461 2260 1750 2305 Burneianus
1772 2265 1857 2304 276

294 2321 339 2363 Β
387 2341 442 2356 =
474 2320 755 2364 Barberinus
786 2320 829 2363 Π
852 2325 906 2363 41

294 2381 356 2423 Μ
387 2401 442 2416 --
474 2379 739 2423 Marcianus
771 2395 836 2437 gr.
862 2384 948 2423 437

295 2531 317 2569 1
351 2526 497 2584 Πρὸς]
531 2527 596 2577 εἰς
622 2528 664 2571 V
696 2529 701 2582 Ι
741 2525 995 2571 Θεοδόσιον
1025 2526 1107 2572 τὸν
1140 2526 1348 2585 βασιλέα]
1379 2526 1632 2571 θεοδόσιον
1667 2525 1856 2584 βασιλέα

177 2584 294 2629 CRe
355 2584 436 2628 τὸν
491 2585 650 2629 ασιλέα
673 2584 926 2630 θεοδόσιον
951 2586 1053 2630 UM
1107 2584 1360 2631 θεοδόσιον
1376 2586 1544 2630 ΑΡαΤ
1598 2585 1680 2630 τὸν
1712 2584 1856 2629 αὐτὸν

175 2644 255 2688 ΡΙ
307 2643 388 2687 τὸν
413 2586 557 2688 αἱξτὸν
581 2643 770 2702 βασιλέα
787 2646 832 2688 Β
936 2650 960 2688 2
987 2643 1121 2702 λόγος
1142 2643 1519 2701 τρισκαιδέκατος
1541 2646 1648 2701 post
1672 2646 1856 2688 διαλλα-

203 2709 278 2753 αἴς
311 2703 360 2756 V,
393 2701 527 2758 λόγος
552 2702 594 2750 ς’
617 2705 691 2747 Ρα
714 2703 825 2746 rubr
944 2709 970 2746 3
993 2699 1072 2762 ‘¹0]
1106 2718 1182 2748 om
1213 2705 1257 2748 U
1312 2702 1341 2746 ἃ
1377 2704 1486 2748 OPa
1515 2703 1627 2747 rubr
1658 2703 1780 2760 (Vat.
1799 2708 1855 2746 82

213 2774 275 2805 ar.
304 2765 407 2815 583)
439 2761 543 2805 Mor
590 2764 596 2817 Ι
646 2759 770 2820 οὔτ’]
805 2762 889 2805 οὐκ
920 2762 987 2807 ἔτι
1018 2763 1123 2806 coni
1153 2763 1255 2806 Mor
1425 2766 1453 2805 4
1484 2761 1521 2807 ὀίΑ
1545 2778 1592 2806 τε
1625 2789 1679 2794 -
1713 2767 1739 2806 5
1771 2762 1855 2806 ἀν-

173 2820 384 2875 θρώποις
415 2834 490 2863 om
512 2819 614 2863 Mor
794 2825 818 2863 6
849 2820 991 2866 πάλιν
1024 2822 1086 2864 Μ
1260 2825 1286 2865 8
1318 2827 1453 2866 τοῦτο
1486 2818 1550 2865 δι’
1579 2822 1690 2878 ἐμοῦ
1723 2821 1797 2865 Ρα

176 2883 231 2922 10
263 2878 377 2935 αὕτη
410 2879 477 2922 Re
539 2878 654 2935 αὐτὴ
686 2879 795 2922 libri
857 2880 972 2936 αὐτῇ
1002 2879 1103 2923 Mor
1132 2882 1138 2936 Ι
1166 2877 1225 2924 ἂν
1257 2894 1332 2923 om
1359 2881 1421 2924 M
1443 2882 1448 2936 Ι
1475 2878 1742 2935 περίλοιπος
1774 2881 1856 2923 aut

175 2938 350 2994 δυνατὴ
381 2939 489 2995 post
520 2937 590 2995 εἴη
622 2937 848 2982 excidisse
878 2940 1016 2995 putat
1045 2939 1114 2982 Re
1142 2941 1148 2995 Ι
1176 2937 1377 2995 ἐρωμένη
1415 2940 1457 2983 Τ
