2060 3162
689 120 919 170 ιΙιἸΒΑΝΠ
951 124 1174 171 ORATIO
1205 125 1311 170 XVI
1738 126 1843 179 179

156 263 247 317 καὶ
297 264 538 334 μεγάλην
576 261 821 331 ἀνάγκην
867 263 1094 331 ἡγεῖσθε
1141 268 1240 315 τοῦ
1288 270 1465 325 κακῶς
1515 261 1608 315 διὰ
1654 260 1846 324 τέλους

157 360 390 422 φρονεῖν
427 351 488 404 τὸ
529 351 696 404 πάλαι
728 358 963 421 φρονεῖν
994 359 1188 419 κακῶς,
1230 350 1409 421 ὥσπερ
1450 348 1520 403 ἂν
1552 354 1609 403 εἴ
1631 369 1713 412 τις
1744 351 1845 419 τὴν

158 442 309 510 ὤραν
348 438 409 494 ἐν
439 447 504 510 τῇ
535 441 752 507 νεότητι
792 439 1078 509 πεπρακὼς
1116 437 1206 492 καὶ
1247 439 1340 491 διὰ
1376 448 1488 492 τῶν
1521 439 1702 492 ἄλλων
1733 439 1844 506 ἡλι-

155 539 290 583 κιῶν
329 529 596 597 φυλάττοι
635 528 736 596 τὴν
774 529 960 581 νόσον.
1886 549 1910 580 4

266 617 350 670 48.
406 615 517 669 Καὶ
555 619 613 669 τί
648 618 734 669 δεῖ
778 617 1170 686 μακρολογεῖν;
1236 616 1243 684 1
1306 623 1414 669 νῦν
1460 617 1564 686 γὰρ
1611 615 1746 684 ὑμῖν
1784 628 1934 672 Β503

160 707 365 777 αἵρεσις
412 704 443 774 ἢ
484 704 839 775 μισουμένοις
880 706 1152 758 διατελεῖν
1190 703 1223 773 ἢ
1265 705 1428 774 διπλῇ
1475 705 1736 775 κερδᾶναι
1781 707 1843 758 τό
1975 713 1981 719 ’

155 815 212 847 τε
268 802 366 848 τοῦ
420 802 755 865 κρατοῦντος
807 793 1166 863 κτησαμένοις
1227 789 1450 862 εὐμενὲς
1502 794 1592 846 καὶ
1646 801 1844 861 γνοῦσι

154 886 282 945 τοὺς
332 884 504 946 ὅντως
550 883 646 937 τὸν
701 883 944 954 οὐρανὸν
994 879 1232 952 ἔχοντας.
1321 883 1484 951 μόνοι
1535 883 1638 952 γὰρ
1688 881 1844 951 ὑμεῖς

156 970 216 1025 ἐν
257 964 340 1034 οἷς
378 976 663 1041 χαριεῖσθε
702 972 1014 1041 κερδανεῖτε
1053 972 1143 1023 καὶ
1177 979 1354 1040 σχῆμα
1385 971 1660 1023 διδόντων
1691 972 1844 1040 ἕχον-

153 1079 238 1123 τες
284 1058 425 1132 ἔργω
473 1070 584 1114 τῶν
630 1062 1026 1130 λαμβανόντων
1074 1061 1283 1112 ἔσεσθε.
1358 1059 1444 1112 49.
1501 1057 1616 1112 ἀλλ’
1657 1057 1841 1122 οὐδεὶς
1865 1081 1910 1113 10

156 1149 296 1215 ὑμᾶς
326 1151 647 1218 μεταστήσει
680 1151 859 1218 λόγος,
900 1143 1044 1218 οἶδα,
1084 1149 1171 1201 καὶ
1207 1149 1300 1201 διὰ
1330 1155 1493 1201 τοῦτο
1527 1147 1844 1218 συνέτεμον,

156 1238 250 1290 ἵνα
304 1238 376 1306 μὴ
437 1238 716 1306 τηνάλλως
777 1238 1091 1307 μηκύνοιμι.
1168 1235 1284 1290 ἀλλ’
1326 1236 1495 1304 ὅπως,
1557 1238 1718 1306 ἡνίκα
1775 1236 1846 1289 ἂν

154 1324 317 1394 ἐγγὺς
355 1320 389 1396 ᾗ
428 1328 494 1379 τὰ
537 1327 692 1380 δεινὰ
738 1325 829 1379 καὶ
878 1328 1136 1394 βασιλεὺς
1181 1327 1313 1396 μετὰ
1353 1325 1574 1396 Πέρσας
1624 1326 1697 1388 ὡς
1746 1343 1846 1379 πο-

155 1416 346 1481 λεμίαν
393 1417 820 1485 μεταχειρίζηται
867 1415 968 1483 τὴν
1013 1417 1193 1483 πόλιν,
1244 1417 1317 1483 μή
1362 1434 1456 1483 μοι
1492 1414 1844 1484 περιστάντες

154 1503 436 1572 ὀδύρησθε
467 1504 772 1572 φάσκοντες
803 1504 997 1571 καιρὸν
1028 1504 1183 1572 ἥκειν
1213 1512 1325 1556 τῶν
1357 1505 1551 1570 λόγων.
1627 1497 1706 1555 ὧν
1737 1503 1839 1572 γὰρ
1867 1522 1909 1556 15

155 1590 312 1643 αὐτοὶ
367 1600 785 1662 καταφρονεῖτε,
846 1601 960 1654 πῶς
1014 1590 1084 1644 ἂν
1138 1592 1369 1654 τούτους
1423 1588 1660 1659 ἀξιοίητε
1709 1590 1835 1660 παρ’

155 1677 345 1750 ἐκείνῳ
385 1679 694 1744 δύνασθαι;

270 1766 354 1819 50.
412 1769 565 1836 Πρὸς
605 1768 666 1820 δὲ
705 1770 834 1831 τοὺς
880 1767 1193 1821 ἀδικεῖσθαι
1243 1770 1586 1837 νομίζοντας,
1638 1769 1686 1821 εἰ
1731 1777 1843 1821 τῶν

156 1874 212 1907 τε
267 1856 448 1907 ἄλλων
502 1857 693 1909 αἰτιῶν
748 1857 814 1909 οὐ
869 1856 1181 1925 μετέχοντες
1237 1855 1327 1909 καὶ
1389 1862 1546 1919 θεοῖς
1605 1857 1842 1919 θύοντες

154 1944 287 2009 μετὰ
324 1952 434 1997 τῶν
480 1943 830 2012 ἀσεβούντων
876 1964 932 1998 τε
979 1946 1068 1997 καὶ
1107 1946 1277 1997 τᾶλλα
1321 1944 1594 1998 ὑπαιτίων
1649 1949 1838 2014 ζημιω-
1863 1967 1908 1999 20

155 2037 327 2100 θεῖεν,
383 2031 622 2099 ἐμαυτοῦ
669 2034 770 2103 μὲν
818 2033 919 2086 οὐκ
965 2032 1070 2102 ἐρῶ
1127 2035 1311 2102 λόγον,
1365 2034 1464 2087 τὸν
1515 2032 1728 2087 ἐκείνου
1781 2034 1842 2086 δὲ

153 2122 290 2230 πρὸς
331 2119 434 2187 ἐμέ.
504 2120 594 2174 καὶ
626 2123 729 2192 γὰρ
764 2122 926 2185 αὐτὸς
958 2120 1193 2192 διῄρουν
1224 2122 1364 2189 ὑμᾶς
1397 2122 1841 2190 ἀπολογούμενος

275 2285 295 2323 1
332 2281 569 2332 διατέλους
602 2283 645 2327 V
758 2287 784 2325 4
817 2268 1041 2339 φυλάττει
1066 2284 1102 2326 Ι
1171 2281 1390 2338 φυλάττει
1424 2283 1468 2328 U
1491 2283 1573 2326 sed
1597 2298 1618 2327 ε
1650 2296 1675 2326 e
1701 2283 1838 2338 parte

155 2341 202 2382 et
225 2357 241 2382 ι
259 2353 360 2384 eras
467 2346 492 2384 5
516 2340 626 2397 ἡμῖν
647 2342 732 2385 Mo
824 2346 849 2384 6
874 2339 1168 2398 μισουμένοις
1185 2341 1349 2398 scripsi
1403 2297 1733 2398 μισουμένουςΡ
1728 2341 1839 2385 libri

156 2399 222 2442 Re
276 2399 542 2455 μισούμενοι
565 2400 657 2443 Beo
766 2405 816 2444 11
846 2403 1063 2445 διατοῦτο
1091 2401 1180 2444 VI
1170 2402 1309 2445 MoM
1416 2406 1470 2444 12
1494 2399 1701 2456 τηνάλως
1723 2402 1839 2445 IMo

160 2458 165 2514 1
200 2474 259 2502 αν
290 2458 464 2501 inserui
497 2472 521 2502 e
556 2460 598 2501 V
624 2461 670 2502 et
702 2461 747 2503 P
774 2459 823 2502 in
855 2474 946 2515 quo
979 2457 1119 2515 ἡνίκα
1151 2459 1200 2502 in
1231 2457 1358 2515 ἡνίκ’
1388 2457 1447 2504 ἂν
1480 2473 1581 2503 eon·
1602 2460 1673 2502 1118
1760 2473 1838 2503 om

155 2515 324 2571 reliqui
369 2516 479 2561 libri
526 2518 616 2560 edd
797 2523 851 2561 14
898 2535 951 2575 με
994 2519 1066 2563 UI
1106 2518 1187 2561 sed
1225 2518 1274 2560 in
1314 2518 1401 2562 hoc
1445 2535 1466 2563 ε
1505 2518 1554 2561 111
1591 2532 1667 2562 ras
1709 2518 1779 2561 1112

158 2579 211 2617 15
245 2574 471 2631 ὀδύρεσθε
505 2578 658 2622 UIMO
720 2576 830 2632 ὀδυρ
836 2580 965 2621 εῖσθε
989 2576 1134 2620 Cobet
1156 2576 1324 2620 Mnem.
1343 2577 1384 2620 X
1403 2581 1487 2620 194
1610 2582 1663 2621 16
1695 2594 1836 2621 κατα-

157 2641 368 2688 φρονεῖτε
400 2635 443 2678 V
498 2634 867 2692 καταφρονοίητε
898 2636 1068 2692 reliqui
1098 2635 1207 2679 libri
1239 2637 1321 2679 sed
1353 2634 1427 2692 οίη
1459 2636 1509 2679 in
1530 2649 1606 2679 ras
1635 2635 1713 2690 P²‚
1746 2636 1836 2679 edd

161 2691 165 2748 Ι
202 2693 389 2743 αὐτοὺς
388 2695 479 2738 Mo
629 2698 682 2737 19
715 2695 795 2738 καὶ
824 2697 957 2745 θεοῖς
986 2695 1184 2745 θύοντες
1215 2709 1290 2739 0111
1314 2697 1359 2739 Β
1522 2699 1577 2738 20
1608 2692 1837 2738 ὑπαιτίων

158 2751 319 2806 scripsi
358 2751 623 2797 auctoribus
663 2753 730 2797 Re
771 2755 818 2796 et
857 2752 1028 2797 Cobeto
1060 2753 1227 2797 Mnem.
1261 2754 1302 2796 X
1329 2758 1411 2797 196
1503 2754 1763 2797 ποιούντων
1796 2755 1842 2796 Ρ

157 2809 237 2851 sed
267 2826 436 2855 ποιουν
459 2811 509 2854 in
531 2825 608 2855 ras
631 2812 702 2855 m²
725 2815 773 2856 et
797 2812 1114 2856 circumflexus
1147 2826 1287 2869 supra.
1310 2828 1401 2856 των
1426 2825 1526 2857 eras
1587 2829 1679 2855 των
1703 2827 1759 2869 pl
1761 2825 1836 2855 ae

158 2866 232 2909 via
274 2882 436 2912 rasura
475 2875 501 2912 4
540 2870 620 2914 litt
654 2872 697 2916 U
781 2868 861 2915 ὑπ’
890 2871 1041 2914 αὐτῶν
1090 2871 1260 2926 reliqui
1298 2871 1407 2915 libri
1451 2872 1532 2915 sed
1574 2872 1836 2915 ποιούντων

159 2927 363 2982 antepos.
397 2927 466 2983 1²,
501 2929 590 2971 edd
713 2934 765 2972 22
799 2924 1148 2986 ἀπολογουμὲνη
1174 2932 1257 2974 Mo

1484 3003 1570 3046 12*
