2072 3162
206 115 293 168 90
757 113 986 158 LIBANII
1017 113 1240 158 ORATIO
1274 114 1380 158 XIV

218 251 293 315 ὡς
347 256 464 322 εἴσῃ
519 252 810 320 προϊόντος
855 256 955 302 τοῦ
1006 251 1190 317 λόγου.
1268 251 1313 304 7.
1370 252 1663 319 γενόμενος
1715 252 1909 304 τοίνυν

219 339 275 404 ἐξ
312 339 526 393 ἐκείνου
566 358 624 391 τε
662 339 753 391 καὶ
784 346 879 407 τῆς
917 347 1029 391 τῶν
1064 340 1390 409 φιλοσόφων
1422 339 1680 408 ἀδελφῆς,
1712 337 1911 410 Ἱερίου

220 428 359 498 λέγω
413 426 504 480 καὶ
554 425 888 495 Διογένους,
950 426 1206 497 τρέφεται
1259 424 1361 494 μὲν
1414 426 1475 480 ἐν
1527 437 1646 490 ταῖς
1699 429 1911 482 τούτων

220 519 396 587 χερσί,
442 516 759 569 παιδεύεται
807 511 868 568 δὲ
914 515 1022 568 ὑπὸ
1070 522 1170 568 τοῦ
1216 517 1421 586 πατρὸς
1466 518 1669 584 λόγους
1717 536 1775 569 τε
1820 517 1911 570 καὶ

174 626 195 659 5
222 608 283 659 τὸ
324 610 502 668 καλῶς
542 604 858 658 ἀναλίσκειν
899 605 992 657 διὰ
1021 605 1226 667 παντὸς
1259 606 1442 668 εἴδους
1481 607 1727 674 δαπάνης
1759 604 1912 675 ἐρχό-

219 714 383 761 μενος
442 687 478 763 ᾗ
531 694 592 746 τὸ
651 694 787 763 πρὸς
847 695 979 756 τοὺς
1033 695 1204 756 θεοὺς
1266 691 1483 761 εὐσεβὲς
1537 693 1910 763 ἀναμέμικται.

220 779 339 835 οἶδε
383 790 556 835 ταῦτα
594 783 860 852 Δημήτηρ
907 779 1000 834 καὶ
1039 783 1192 853 Κόρη
1240 783 1330 835 καὶ
1369 783 1620 852 Σάραπις
1665 783 1755 836 καὶ
1797 787 1910 836 Πο-

218 872 420 924 σειδῶν
458 871 548 924 καὶ
588 870 617 924 ὁ
657 871 757 939 τὴν
795 869 1015 941 Λέρνην
1052 869 1294 939 κατέχων
1326 869 1541 940 Ἴακχος
1585 872 1677 924 καὶ
1714 872 1911 925 πολλοὶ

218 961 357 1030 πρὸς
392 961 609 1022 τούτοις
649 959 826 1030 ἕτεροι
873 960 1156 1028 δαίμονες,
1198 960 1324 1030 περὶ
1363 959 1462 1022 οὓς
1501 961 1712 1013 ἅπαντα
1751 965 1909 1029 φιλο-

152 1070 195 1102 ιο
217 1051 384 1116 τίμως
423 1047 774 1119 ἐξεπλήρωσε.
852 1048 899 1100 8.
954 1049 1044 1101 καὶ
1084 1053 1387 1119 προῆλθεν,
1435 1045 1476 1101 ὦ
1514 1051 1767 1118 βασιλεῦ,
1815 1051 1910 1102 δα-

217 1147 411 1191 πανῶν
442 1139 521 1200 εἰς
557 1138 658 1206 τὴν
688 1145 788 1190 τοῦ
820 1136 1167 1206 καλουμένρυ
1200 1145 1509 1207 στρατηγοῦ
1541 1141 1910 1208 λειτουργιάν,

217 1227 306 1280 καὶ
346 1234 548 1280 τοῦτον
588 1226 751 1288 αὐτὸς
790 1220 942 1279 εἶδον
981 1225 1042 1279 ἐν
1083 1226 1260 1296 ἐκείνῃ
1312 1234 1376 1296 τῇ
1418 1229 1583 1297 στολῇ
1630 1244 1911 1297 παραπεμ-

215 1317 458 1382 πόμενον
502 1313 596 1368 ὑπ’
635 1315 922 1383 εὐφημιῶν
968 1314 1027 1368 ἐκ
1066 1316 1478 1382 Λακεδαίμονος
1527 1315 1908 1386 ἀναστρέφων,

218 1405 373 1457 οὔπω
420 1401 521 1471 μὲν
575 1403 655 1456 ὢν
692 1410 767 1476 τῷ
808 1403 915 1476 νέῳ
963 1405 1214 1472 συνήθης
1261 1400 1392 1457 οὐδὲ
1439 1405 1622 1472 εἰδώς,
1677 1409 1732 1457 εἴ
1778 1422 1910 1457 ποτε

147 1512 193 1545 15
218 1495 434 1561 ἔσομαι,
496 1494 806 1562 μακαρίζων
860 1489 921 1545 δὲ
974 1499 1049 1563 τῷ
1102 1497 1430 1560 τηλικοῦτον
1484 1494 1618 1545 ὄντα
1670 1498 1909 1546 κτᾶσθαι

216 1583 318 1651 τὴν
356 1582 504 1651 παρὰ
542 1590 636 1650 τῆς
673 1583 883 1644 πόλεως
921 1583 1084 1650 τιμὴν
1124 1580 1185 1634 ἐν
1215 1589 1334 1644 ταῖς
1368 1589 1467 1634 τοῦ
1499 1582 1704 1650 πατρὸς
1736 1602 1909 1652 φρον-
1991 1605 1993 1608 ’

216 1673 376 1723 τίσιν.
456 1671 503 1722 9.
559 1673 639 1723 ε”τι
691 1672 795 1739 γαρ
851 1673 938 1738 ἔζη
986 1669 1333 1740 Μένανδρος.
1411 1671 1484 1733 ὡς
1538 1671 1649 1723 ἔδει
1703 1690 1764 1738 γε
1816 1669 1909 1723 καὶ

216 1759 374 1828 μέχρι
407 1761 587 1829 γήρως
619 1758 864 1827 ἐσχατου.
941 1755 973 1827 ἦ
1013 1760 1119 1829 γὰρ
1159 1779 1228 1812 αν
1252 1757 1669 1828 Ἀριστοφανης
1687 1762 1909 1811 πολλῶν

217 1867 318 1916 μεν
357 1847 666 1916 ἀπήλλακτο
714 1853 956 1912 πλανῶν,
1006 1851 1230 1900 πολλῶν
1276 1846 1324 1900 δ’
1364 1868 1434 1900 αν
1478 1849 1761 1901 κινδύνων
1797 1857 1908 1900 τῶν

148 1955 193 1988 20
217 1932 319 2004 μὲν
357 1934 419 1988 ἐν
455 1944 574 1998 ταῖς
613 1936 766 1998 ὁδοῖς
806 1937 1153 2004 συμβάντων,
1192 1945 1304 1989 τῶν
1343 1933 1404 1988 δὲ
1443 1935 1506 1989 ἐν
1538 1937 1909 2006 δικαστηρίοις

218 2022 342 2093 οὐχὶ
391 2025 639 2092 δικαίως,
694 2019 764 2091 ’ἧν
804 2021 851 2076 δ’
892 2023 961 2076 ἂν
1011 2033 1122 2077 τῶν
1168 2023 1495 2093 δυναμένων
1539 2024 1599 2076 ἐν
1637 2027 1904 2095 Κορίνθῳ

217 2115 429 2179 μᾶλλον
467 2111 500 2179 ἢ
539 2122 651 2164 τῶν
690 2113 790 2180 τὴν
830 2110 1031 2181 ἑτέρων
1069 2114 1466 2179 θαυμαζόντων
1504 2113 1757 2178 δύναμιν.

333 2201 415 2253 10.
486 2202 680 2253 Πόθεν
742 2196 846 2253 οὖν
907 2198 1121 2263 ἐξέπεσε
1174 2208 1269 2268 τῆς
1323 2200 1469 2271 αὐτῷ
1522 2200 1906 2269 προσηκούσης

217 2288 415 2353 τάξεως
453 2289 545 2342 καὶ
590 2290 689 2342 τὸν
735 2295 834 2342 τοῦ
881 2288 1309 2355 πολιτευομένου
1357 2292 1483 2357 βίον
1529 2288 1727 2357 φυγὼν
1772 2284 1905 2355 ἧκεν

148 2398 193 2431 25
221 2378 297 2439 εἰς
342 2378 442 2430 τὸν
487 2384 586 2430 τοῦ
635 2378 995 2447 στρατιώτου;
1049 2376 1319 2445 Εὐγένιος
1373 2376 1401 2430 ὁ
1451 2377 1645 2446 μικρὸς
1695 2378 1904 2443 γίνεται

339 2513 392 2550 13
427 2508 482 2551 cf.
516 2510 549 2552 t.
574 2508 596 2551 I
625 2524 670 2565 p.
697 2512 767 2563 93,
789 2513 918 2564 138q.

337 2629 363 2668 8
395 2624 596 2684 Λέρνην]
623 2625 772 2682 ὄνομα
797 2626 967 2683 κρήνης
983 2626 1053 2670 Β2
1076 2625 1132 2669 cf.
1150 2625 1286 2669 Paus.
1303 2625 1346 2669 Π
1363 2629 1433 2680 36,
1454 2629 1477 2668 7
1501 2624 1530 2680 ἡ
1555 2624 1606 2669 δὲ
1629 2622 1783 2679 Λέρνα
1809 2624 1902 2669 ἐστι

216 2684 394 2739 -πρὸς
422 2684 638 2744 θαλάσσῃ
671 2687 718 2728 et
750 2690 820 2742 37,
846 2690 871 2729 6

337 2806 364 2844 4
395 2802 489 2846 ἀπὸ
515 2804 560 2846 Β
593 2804 640 2845 ef,
669 2802 718 2845 in
750 2803 841 2847 ὑπὸ
875 2817 975 2847 corr
998 2803 1055 2847 1²
1207 2807 1260 2846 15
1291 2802 1343 2846 τὸ
1376 2802 1487 2846 ΒΜ
1626 2804 1679 2843 19
1710 2799 1901 2844 πλάνων

216 2860 327 2903 libri
350 2861 462 2904 Fen.-
604 2866 660 2904 20
693 2859 739 2905 δ’
767 2862 837 2905 Re
975 2867 1028 2906 21
1063 2858 1110 2905 δ’
1140 2876 1216 2905 om
1242 2861 1478 2906 GAPBM
1497 2860 1607 2903 Ferr
1629 2859 1744 2914 Mor,
1777 2859 1904 2904 inser

217 2919 287 2963 Re
409 2924 465 2962 23
498 2918 677 2973 ἐξέπεσε
708 2922 754 2965 Ρ
783 2921 864 2964 sed
896 2920 977 2965 έπε
1007 2921 1056 2963 in
1088 2933 1163 2963 ras
1195 2920 1265 2963 m²
