<?xml version="1.0" encoding="UTF-8"?>
<!DOCTYPE html PUBLIC "-//W3C//DTD XHTML 1.0 Transitional//EN"
    "http://www.w3.org/TR/xhtml1/DTD/xhtml1-transitional.dtd">
<html xmlns="http://www.w3.org/1999/xhtml" xml:lang="en" lang="en">
 <head>
  <title>
</title>
<meta http-equiv="Content-Type" content="text/html;charset=utf-8" />
  <meta name='ocr-system' content='tesseract 3.04.00' />
  <meta name='ocr-capabilities' content='ocr_page ocr_carea ocr_par ocr_line ocrx_word'/>
</head>
<body>
  <div class='ocr_page' id='page_1' title='image "./operarecensuitri02libauoft_0280.png"; bbox 0 0 2060 3162; ppageno 0'>
   <div class='ocr_carea' id='block_1_1' title="bbox 223 105 1380 161">
    <p class='ocr_par' dir='ltr' id='par_1_1' title="bbox 223 105 1380 161">
     <span class='ocr_line' id='line_1_1' title="bbox 223 105 1380 161; baseline -0.003 -7"><span class='ocrx_word' id='word_1_1' title='bbox 223 108 332 161; x_wconf 79' lang='grc'><strong><em>270</em></strong></span> <span class='ocrx_word' id='word_1_2' title='bbox 715 105 943 151; x_wconf 81' lang='lat' dir='ltr'><strong>LIBANH</strong></span> <span class='ocrx_word' id='word_1_3' title='bbox 975 105 1198 151; x_wconf 86' lang='lat' dir='ltr'><strong>ORATIO</strong></span> <span class='ocrx_word' id='word_1_4' title='bbox 1231 107 1380 151; x_wconf 83' lang='lat' dir='ltr'><strong>XVIII</strong></span> 
     </span>
    </p>
   </div>
   <div class='ocr_carea' id='block_1_2' title="bbox 134 240 1911 314">
    <p class='ocr_par' dir='ltr' id='par_1_2' title="bbox 134 240 1911 314">
     <span class='ocr_line' id='line_1_2' title="bbox 134 240 1911 314; baseline -0.001 -14"><span class='ocrx_word' id='word_1_5' title='bbox 134 255 282 300; x_wconf 84' lang='lat' dir='ltr'>R548</span> <span class='ocrx_word' id='word_1_6' title='bbox 315 240 519 312; x_wconf 75' lang='grc' dir='ltr'><strong><em>ἀληθὲς</em></strong></span> <span class='ocrx_word' id='word_1_7' title='bbox 556 242 665 295; x_wconf 82' lang='grc' dir='ltr'><strong><em>ὑπὸ</em></strong></span> <span class='ocrx_word' id='word_1_8' title='bbox 706 251 817 294; x_wconf 83' lang='grc' dir='ltr'><strong><em>τῶν</em></strong></span> <span class='ocrx_word' id='word_1_9' title='bbox 856 241 1169 310; x_wconf 79' lang='grc' dir='ltr'><em>ἀφειμένων</em></span> <span class='ocrx_word' id='word_1_10' title='bbox 1205 241 1461 312; x_wconf 80' lang='grc' dir='ltr'><strong><em>ἐκρίνετο.</em></strong></span> <span class='ocrx_word' id='word_1_11' title='bbox 1498 244 1504 313; x_wconf 91' lang='grc' dir='ltr'>Ι</span> <span class='ocrx_word' id='word_1_12' title='bbox 1542 244 1625 296; x_wconf 86' lang='grc'><strong><em>79.</em></strong></span> <span class='ocrx_word' id='word_1_13' title='bbox 1664 253 1779 307; x_wconf 88' lang='grc' dir='ltr'><strong><em>τοῖς</em></strong></span> <span class='ocrx_word' id='word_1_14' title='bbox 1808 242 1911 314; x_wconf 76' lang='grc' dir='ltr'><strong><em>μὲν</em></strong></span> 
     </span>
    </p>
   </div>
   <div class='ocr_carea' id='block_1_3' title="bbox 179 617 198 650">
    <p class='ocr_par' dir='ltr' id='par_1_3' title="bbox 179 617 198 650">
     <span class='ocr_line' id='line_1_3' title="bbox 179 617 198 650; baseline 0 0"><span class='ocrx_word' id='word_1_15' title='bbox 179 617 198 650; x_wconf 85' lang='grc'>5</span> 
     </span>
    </p>
   </div>
   <div class='ocr_carea' id='block_1_4' title="bbox 157 1059 199 1092">
    <p class='ocr_par' dir='ltr' id='par_1_4' title="bbox 157 1059 199 1092">
     <span class='ocr_line' id='line_1_4' title="bbox 157 1059 199 1092; baseline -0.024 0"><span class='ocrx_word' id='word_1_16' title='bbox 157 1059 199 1092; x_wconf 91' lang='grc'><strong><em>10</em></strong></span> 
     </span>
    </p>
   </div>
   <div class='ocr_carea' id='block_1_5' title="bbox 157 1501 197 1534">
    <p class='ocr_par' dir='ltr' id='par_1_5' title="bbox 157 1501 197 1534">
     <span class='ocr_line' id='line_1_5' title="bbox 157 1501 197 1534; baseline 0 0"><span class='ocrx_word' id='word_1_17' title='bbox 157 1501 197 1534; x_wconf 88' lang='grc'><strong><em>15</em></strong></span> 
     </span>
    </p>
   </div>
   <div class='ocr_carea' id='block_1_6' title="bbox 221 331 1915 1816">
    <p class='ocr_par' dir='ltr' id='par_1_6' title="bbox 221 331 1915 1267">
     <span class='ocr_line' id='line_1_6' title="bbox 224 331 1911 403; baseline 0.002 -19"><span class='ocrx_word' id='word_1_18' title='bbox 224 333 292 400; x_wconf 85' lang='grc' dir='ltr'><strong><em>δὴ</em></strong></span> <span class='ocrx_word' id='word_1_19' title='bbox 332 333 593 400; x_wconf 82' lang='grc' dir='ltr'><strong><em>Κυρείοις</em></strong></span> <span class='ocrx_word' id='word_1_20' title='bbox 633 332 986 400; x_wconf 82' lang='grc' dir='ltr'><strong><em>στρατιώταις</em></strong></span> <span class='ocrx_word' id='word_1_21' title='bbox 1024 331 1270 384; x_wconf 75' lang='grc' dir='ltr'><strong><em>θάλαττα</em></strong></span> <span class='ocrx_word' id='word_1_22' title='bbox 1309 341 1545 400; x_wconf 83' lang='grc' dir='ltr'><strong><em>φανεῖσα</em></strong></span> <span class='ocrx_word' id='word_1_23' title='bbox 1583 334 1644 386; x_wconf 91' lang='grc' dir='ltr'><strong><em>τὸ</em></strong></span> <span class='ocrx_word' id='word_1_24' title='bbox 1692 342 1911 403; x_wconf 82' lang='grc' dir='ltr'><strong><em>πρῶτον</em></strong></span> 
     </span>
     <span class='ocr_line' id='line_1_7' title="bbox 222 418 1911 490; baseline 0.002 -20"><span class='ocrx_word' id='word_1_25' title='bbox 222 420 357 488; x_wconf 84' lang='grc' dir='ltr'><strong><em>μετὰ</em></strong></span> <span class='ocrx_word' id='word_1_26' title='bbox 401 419 463 471; x_wconf 91' lang='grc' dir='ltr'><strong><em>τὸ</em></strong></span> <span class='ocrx_word' id='word_1_27' title='bbox 503 423 719 487; x_wconf 80' lang='grc' dir='ltr'><strong><em>πλῆθος</em></strong></span> <span class='ocrx_word' id='word_1_28' title='bbox 756 428 867 471; x_wconf 84' lang='grc' dir='ltr'><strong><em>τῶν</em></strong></span> <span class='ocrx_word' id='word_1_29' title='bbox 907 418 1055 487; x_wconf 85' lang='grc' dir='ltr'><strong><em>ὀρῶν</em></strong></span> <span class='ocrx_word' id='word_1_30' title='bbox 1100 438 1158 472; x_wconf 92' lang='grc' dir='ltr'><strong><em>τε</em></strong></span> <span class='ocrx_word' id='word_1_31' title='bbox 1195 420 1286 472; x_wconf 82' lang='grc' dir='ltr'><strong><em>καὶ</em></strong></span> <span class='ocrx_word' id='word_1_32' title='bbox 1331 422 1521 473; x_wconf 90' lang='grc' dir='ltr'><strong><em>πόνων</em></strong></span> <span class='ocrx_word' id='word_1_33' title='bbox 1566 424 1815 490; x_wconf 86' lang='grc' dir='ltr'><strong><em>κραυγήν</em></strong></span> <span class='ocrx_word' id='word_1_34' title='bbox 1853 441 1911 475; x_wconf 91' lang='grc' dir='ltr'><strong><em>τε</em></strong></span> 
     </span>
     <span class='ocr_line' id='line_1_8' title="bbox 224 501 1910 578; baseline 0.002 -18"><span class='ocrx_word' id='word_1_35' title='bbox 224 507 439 576; x_wconf 80' lang='grc' dir='ltr'><strong><em>ἐκίνησε</em></strong></span> <span class='ocrx_word' id='word_1_36' title='bbox 488 506 579 560; x_wconf 82' lang='grc' dir='ltr'><strong><em>καὶ</em></strong></span> <span class='ocrx_word' id='word_1_37' title='bbox 619 508 832 577; x_wconf 89' lang='grc' dir='ltr'><strong><em>δάκρυα</em></strong></span> <span class='ocrx_word' id='word_1_38' title='bbox 870 509 975 560; x_wconf 84' lang='grc' dir='ltr'><strong><em>σὺν</em></strong></span> <span class='ocrx_word' id='word_1_39' title='bbox 1025 514 1166 578; x_wconf 75' lang='grc' dir='ltr'><strong><em>χαρᾷ</em></strong></span> <span class='ocrx_word' id='word_1_40' title='bbox 1210 507 1302 561; x_wconf 84' lang='grc' dir='ltr'><strong><em>καὶ</em></strong></span> <span class='ocrx_word' id='word_1_41' title='bbox 1348 501 1710 578; x_wconf 78' lang='grc' dir='ltr'><strong><em>περιέβαλλον</em></strong></span> <span class='ocrx_word' id='word_1_42' title='bbox 1749 509 1910 578; x_wconf 84' lang='grc' dir='ltr'><strong><em>ἀλλή-</em></strong></span> 
     </span>
     <span class='ocr_line' id='line_1_9' title="bbox 223 593 1910 666; baseline 0.002 -18"><span class='ocrx_word' id='word_1_43' title='bbox 223 599 356 658; x_wconf 91' lang='grc' dir='ltr'><strong><em>λους</em></strong></span> <span class='ocrx_word' id='word_1_44' title='bbox 396 597 448 648; x_wconf 82' lang='grc' dir='ltr'><strong><em>οἱ</em></strong></span> <span class='ocrx_word' id='word_1_45' title='bbox 487 596 744 649; x_wconf 85' lang='grc' dir='ltr'><strong><em>κοινωνοὶ</em></strong></span> <span class='ocrx_word' id='word_1_46' title='bbox 784 605 896 649; x_wconf 81' lang='grc' dir='ltr'><strong><em>τῶν</em></strong></span> <span class='ocrx_word' id='word_1_47' title='bbox 933 597 1215 649; x_wconf 78' lang='grc' dir='ltr'><strong><em>κινδύνων</em></strong></span> <span class='ocrx_word' id='word_1_48' title='bbox 1254 595 1497 666; x_wconf 75' lang='grc' dir='ltr'><strong><em>ἐκείνων,</em></strong></span> <span class='ocrx_word' id='word_1_49' title='bbox 1545 593 1701 651; x_wconf 84' lang='grc' dir='ltr'><strong><em>οὗτοι</em></strong></span> <span class='ocrx_word' id='word_1_50' title='bbox 1742 596 1803 651; x_wconf 77' lang='grc' dir='ltr'><strong><em>δὲ</em></strong></span> <span class='ocrx_word' id='word_1_51' title='bbox 1843 598 1910 651; x_wconf 83' lang='grc' dir='ltr'><strong><em>οὐ</em></strong></span> 
     </span>
     <span class='ocr_line' id='line_1_10' title="bbox 222 678 1915 756; baseline 0.002 -20"><span class='ocrx_word' id='word_1_52' title='bbox 222 683 522 753; x_wconf 78' lang='grc' dir='ltr'><strong><em>θάλατταν,</em></strong></span> <span class='ocrx_word' id='word_1_53' title='bbox 569 683 686 737; x_wconf 85' lang='grc' dir='ltr'><strong><em>ἀλλ’</em></strong></span> <span class='ocrx_word' id='word_1_54' title='bbox 719 685 791 746; x_wconf 86' lang='grc' dir='ltr'><strong><em>ὡς</em></strong></span> <span class='ocrx_word' id='word_1_55' title='bbox 838 678 991 737; x_wconf 82' lang='grc' dir='ltr'><strong><em>εἶδον</em></strong></span> <span class='ocrx_word' id='word_1_56' title='bbox 1031 684 1324 753; x_wconf 76' lang='grc' dir='ltr'><strong><em>ἀλλήλους,</em></strong></span> <span class='ocrx_word' id='word_1_57' title='bbox 1370 686 1572 739; x_wconf 85' lang='grc' dir='ltr'><strong><em>ταύτὸν</em></strong></span> <span class='ocrx_word' id='word_1_58' title='bbox 1611 688 1807 756; x_wconf 81' lang='grc' dir='ltr'><strong><em>ἔδρων,</em></strong></span> <span class='ocrx_word' id='word_1_59' title='bbox 1857 688 1915 740; x_wconf 77' lang='grc' dir='ltr'><strong><em>οἰ</em></strong></span> 
     </span>
     <span class='ocr_line' id='line_1_11' title="bbox 222 769 1909 842; baseline 0.002 -17"><span class='ocrx_word' id='word_1_60' title='bbox 222 769 322 839; x_wconf 76' lang='grc' dir='ltr'><strong><em>μὲν</em></strong></span> <span class='ocrx_word' id='word_1_61' title='bbox 369 774 608 835; x_wconf 80' lang='grc' dir='ltr'><strong><em>οἰκείους</em></strong></span> <span class='ocrx_word' id='word_1_62' title='bbox 653 772 887 842; x_wconf 83' lang='grc' dir='ltr'><strong><em>ὁρῶντες</em></strong></span> <span class='ocrx_word' id='word_1_63' title='bbox 935 771 1281 841; x_wconf 76' lang='grc' dir='ltr'><strong><em>ἐκφυγόντας</em></strong></span> <span class='ocrx_word' id='word_1_64' title='bbox 1327 774 1604 842; x_wconf 89' lang='grc' dir='ltr'><strong><em>δουλείαν,</em></strong></span> <span class='ocrx_word' id='word_1_65' title='bbox 1658 776 1711 827; x_wconf 78' lang='grc' dir='ltr'><strong><em>οἱ</em></strong></span> <span class='ocrx_word' id='word_1_66' title='bbox 1751 774 1798 827; x_wconf 87' lang='grc' dir='ltr'><strong><em>δ’</em></strong></span> <span class='ocrx_word' id='word_1_67' title='bbox 1832 777 1909 829; x_wconf 83' lang='grc' dir='ltr'><strong><em>οἰ-</em></strong></span> 
     </span>
     <span class='ocr_line' id='line_1_12' title="bbox 222 859 1910 931; baseline 0.002 -18"><span class='ocrx_word' id='word_1_68' title='bbox 222 863 405 924; x_wconf 88' lang='grc' dir='ltr'><strong><em>κείους</em></strong></span> <span class='ocrx_word' id='word_1_69' title='bbox 454 880 512 913; x_wconf 89' lang='grc' dir='ltr'><strong><em>τε</em></strong></span> <span class='ocrx_word' id='word_1_70' title='bbox 557 859 649 914; x_wconf 84' lang='grc' dir='ltr'><strong><em>καὶ</em></strong></span> <span class='ocrx_word' id='word_1_71' title='bbox 695 863 797 930; x_wconf 87' lang='grc' dir='ltr'><strong><em>τὴν</em></strong></span> <span class='ocrx_word' id='word_1_72' title='bbox 851 862 1061 914; x_wconf 84' lang='grc' dir='ltr'><strong><em>οἰκείαν</em></strong></span> <span class='ocrx_word' id='word_1_73' title='bbox 1108 861 1603 931; x_wconf 80' lang='grc' dir='ltr'><strong><em>ἀπολαμβάνοντες.</em></strong></span> <span class='ocrx_word' id='word_1_74' title='bbox 1681 864 1910 916; x_wconf 88' lang='grc' dir='ltr'><strong><em>συνεδά-</em></strong></span> 
     </span>
     <span class='ocr_line' id='line_1_13' title="bbox 221 948 1910 1022; baseline 0.001 -19"><span class='ocrx_word' id='word_1_75' title='bbox 221 969 355 1018; x_wconf 91' lang='grc' dir='ltr'><strong><em>κρυε</em></strong></span> <span class='ocrx_word' id='word_1_76' title='bbox 395 950 456 1002; x_wconf 82' lang='grc' dir='ltr'><strong><em>δὲ</em></strong></span> <span class='ocrx_word' id='word_1_77' title='bbox 494 948 586 1002; x_wconf 84' lang='grc' dir='ltr'><strong><em>καὶ</em></strong></span> <span class='ocrx_word' id='word_1_78' title='bbox 625 949 759 1002; x_wconf 81' lang='grc' dir='ltr'><strong><em>ὅσον</em></strong></span> <span class='ocrx_word' id='word_1_79' title='bbox 789 949 988 1017; x_wconf 91' lang='grc' dir='ltr'><strong><em>γένους</em></strong></span> <span class='ocrx_word' id='word_1_80' title='bbox 1018 950 1120 1019; x_wconf 78' lang='grc' dir='ltr'><strong><em>μὲν</em></strong></span> <span class='ocrx_word' id='word_1_81' title='bbox 1151 950 1339 1013; x_wconf 84' lang='grc' dir='ltr'><strong><em>αὐτοῖς</em></strong></span> <span class='ocrx_word' id='word_1_82' title='bbox 1370 951 1435 1003; x_wconf 88' lang='grc' dir='ltr'><strong><em>οὐ</em></strong></span> <span class='ocrx_word' id='word_1_83' title='bbox 1467 960 1728 1020; x_wconf 85' lang='grc' dir='ltr'><strong><em>μετεῖχεν,</em></strong></span> <span class='ocrx_word' id='word_1_84' title='bbox 1769 950 1910 1022; x_wconf 82' lang='grc' dir='ltr'><strong><em>ἐώρα</em></strong></span> 
     </span>
     <span class='ocr_line' id='line_1_14' title="bbox 224 1037 1910 1110; baseline 0.001 -20"><span class='ocrx_word' id='word_1_85' title='bbox 224 1038 286 1091; x_wconf 80' lang='grc' dir='ltr'><strong><em>δὲ</em></strong></span> <span class='ocrx_word' id='word_1_86' title='bbox 324 1039 419 1100; x_wconf 79' lang='grc' dir='ltr'><strong><em>τὰς</em></strong></span> <span class='ocrx_word' id='word_1_87' title='bbox 453 1038 803 1107; x_wconf 90' lang='grc' dir='ltr'><strong><em>περιπλοκάς,</em></strong></span> <span class='ocrx_word' id='word_1_88' title='bbox 843 1037 934 1091; x_wconf 84' lang='grc' dir='ltr'><strong><em>καὶ</em></strong></span> <span class='ocrx_word' id='word_1_89' title='bbox 968 1041 1113 1109; x_wconf 83' lang='grc' dir='ltr'><strong><em>ἔρρει</em></strong></span> <span class='ocrx_word' id='word_1_90' title='bbox 1147 1039 1360 1110; x_wconf 88' lang='grc' dir='ltr'><strong><em>δάκρυα</em></strong></span> <span class='ocrx_word' id='word_1_91' title='bbox 1393 1040 1650 1110; x_wconf 90' lang='grc' dir='ltr'><strong><em>δακρύων</em></strong></span> <span class='ocrx_word' id='word_1_92' title='bbox 1689 1039 1910 1108; x_wconf 81' lang='grc' dir='ltr'><strong><em>ἀμείνω,</em></strong></span> 
     </span>
     <span class='ocr_line' id='line_1_15' title="bbox 223 1121 1911 1196; baseline 0.002 -17"><span class='ocrx_word' id='word_1_93' title='bbox 223 1121 302 1179; x_wconf 79' lang='grc' dir='ltr'><strong><em>ὧν</em></strong></span> <span class='ocrx_word' id='word_1_94' title='bbox 355 1127 421 1179; x_wconf 83' lang='grc' dir='ltr'><strong><em>τὰ</em></strong></span> <span class='ocrx_word' id='word_1_95' title='bbox 473 1123 574 1192; x_wconf 76' lang='grc' dir='ltr'><strong><em>μὲν</em></strong></span> <span class='ocrx_word' id='word_1_96' title='bbox 626 1123 696 1195; x_wconf 73' lang='grc' dir='ltr'><strong><em>ἣν</em></strong></span> <span class='ocrx_word' id='word_1_97' title='bbox 751 1127 1164 1194; x_wconf 81' lang='grc' dir='ltr'><strong><em>διοικιζομένων</em></strong></span> <span class='ocrx_word' id='word_1_98' title='bbox 1211 1128 1398 1196; x_wconf 87' lang='grc' dir='ltr'><strong><em>πάλαι,</em></strong></span> <span class='ocrx_word' id='word_1_99' title='bbox 1450 1129 1516 1180; x_wconf 77' lang='grc' dir='ltr'><strong><em>τὰ</em></strong></span> <span class='ocrx_word' id='word_1_100' title='bbox 1571 1125 1632 1181; x_wconf 74' lang='grc' dir='ltr'><strong><em>δὲ</em></strong></span> <span class='ocrx_word' id='word_1_101' title='bbox 1688 1130 1911 1182; x_wconf 89' lang='grc' dir='ltr'><strong><em>συνιόν-</em></strong></span> 
     </span>
     <span class='ocr_line' id='line_1_16' title="bbox 223 1217 507 1267; baseline 0 0"><span class='ocrx_word' id='word_1_102' title='bbox 223 1234 334 1267; x_wconf 90' lang='grc' dir='ltr'><strong><em>των</em></strong></span> <span class='ocrx_word' id='word_1_103' title='bbox 371 1217 507 1267; x_wconf 87' lang='grc' dir='ltr'><strong><em>τότε.</em></strong></span> 
     </span>
    </p>

    <p class='ocr_par' dir='ltr' id='par_1_7' title="bbox 221 1302 1911 1816">
     <span class='ocr_line' id='line_1_17' title="bbox 335 1302 1910 1373; baseline 0.002 -19"><span class='ocrx_word' id='word_1_104' title='bbox 335 1302 419 1355; x_wconf 85' lang='grc'><strong><em>80.</em></strong></span> <span class='ocrx_word' id='word_1_105' title='bbox 478 1303 635 1355; x_wconf 81' lang='grc' dir='ltr'><strong><em>Οὕτω</em></strong></span> <span class='ocrx_word' id='word_1_106' title='bbox 686 1305 933 1367; x_wconf 80' lang='grc' dir='ltr'><strong><em>Γαλάτας</em></strong></span> <span class='ocrx_word' id='word_1_107' title='bbox 988 1304 1016 1357; x_wconf 89' lang='grc' dir='ltr'>ὁ</span> <span class='ocrx_word' id='word_1_108' title='bbox 1071 1307 1309 1373; x_wconf 89' lang='grc' dir='ltr'><strong><em>πόλεμος</em></strong></span> <span class='ocrx_word' id='word_1_109' title='bbox 1362 1305 1452 1357; x_wconf 82' lang='grc' dir='ltr'><strong><em>καὶ</em></strong></span> <span class='ocrx_word' id='word_1_110' title='bbox 1508 1304 1766 1358; x_wconf 81' lang='grc' dir='ltr'><strong><em>διέσπασε</em></strong></span> <span class='ocrx_word' id='word_1_111' title='bbox 1819 1305 1910 1358; x_wconf 80' lang='grc' dir='ltr'><strong><em>καὶ</em></strong></span> 
     </span>
     <span class='ocr_line' id='line_1_18' title="bbox 223 1390 1911 1464; baseline 0.001 -21"><span class='ocrx_word' id='word_1_112' title='bbox 223 1394 555 1460; x_wconf 79' lang='grc' dir='ltr'><strong><em>συνήγαγεν,</em></strong></span> <span class='ocrx_word' id='word_1_113' title='bbox 595 1391 623 1444; x_wconf 92' lang='grc' dir='ltr'>ὁ</span> <span class='ocrx_word' id='word_1_114' title='bbox 658 1392 761 1461; x_wconf 79' lang='grc' dir='ltr'><strong><em>μὲν</em></strong></span> <span class='ocrx_word' id='word_1_115' title='bbox 793 1394 970 1464; x_wconf 80' lang='grc' dir='ltr'><strong><em>δειλίᾳ</em></strong></span> <span class='ocrx_word' id='word_1_116' title='bbox 1008 1402 1120 1446; x_wconf 84' lang='grc' dir='ltr'><strong><em>τῶν</em></strong></span> <span class='ocrx_word' id='word_1_117' title='bbox 1160 1393 1501 1463; x_wconf 84' lang='grc' dir='ltr'><strong><em>ἐφεστώτων,</em></strong></span> <span class='ocrx_word' id='word_1_118' title='bbox 1542 1393 1570 1446; x_wconf 90' lang='grc' dir='ltr'>ὁ</span> <span class='ocrx_word' id='word_1_119' title='bbox 1611 1390 1672 1445; x_wconf 76' lang='grc' dir='ltr'><strong><em>δὲ</em></strong></span> <span class='ocrx_word' id='word_1_120' title='bbox 1712 1392 1911 1464; x_wconf 79' lang='grc' dir='ltr'><strong><em>ἀνδρίᾳ</em></strong></span> 
     </span>
     <span class='ocr_line' id='line_1_19' title="bbox 222 1479 1910 1552; baseline 0.001 -20"><span class='ocrx_word' id='word_1_121' title='bbox 222 1483 567 1548; x_wconf 82' lang='grc' dir='ltr'><strong><em>πολεμηθείς.</em></strong></span> <span class='ocrx_word' id='word_1_122' title='bbox 645 1479 736 1533; x_wconf 86' lang='grc' dir='ltr'><strong><em>καὶ</em></strong></span> <span class='ocrx_word' id='word_1_123' title='bbox 775 1484 1142 1552; x_wconf 85' lang='grc' dir='ltr'><strong><em>βουλευτήρια</em></strong></span> <span class='ocrx_word' id='word_1_124' title='bbox 1182 1479 1243 1534; x_wconf 78' lang='grc' dir='ltr'><strong><em>δὲ</em></strong></span> <span class='ocrx_word' id='word_1_125' title='bbox 1275 1480 1574 1549; x_wconf 82' lang='grc' dir='ltr'><strong><em>ἐπίμπλατο</em></strong></span> <span class='ocrx_word' id='word_1_126' title='bbox 1605 1482 1695 1534; x_wconf 83' lang='grc' dir='ltr'><strong><em>καὶ</em></strong></span> <span class='ocrx_word' id='word_1_127' title='bbox 1729 1482 1910 1549; x_wconf 76' lang='grc' dir='ltr'><strong><em>δῆμοι,</em></strong></span> 
     </span>
     <span class='ocr_line' id='line_1_20' title="bbox 222 1567 1911 1640; baseline 0.001 -20"><span class='ocrx_word' id='word_1_128' title='bbox 222 1568 311 1620; x_wconf 85' lang='grc' dir='ltr'><strong><em>καὶ</em></strong></span> <span class='ocrx_word' id='word_1_129' title='bbox 350 1567 536 1637; x_wconf 89' lang='grc' dir='ltr'><strong><em>τέχναι</em></strong></span> <span class='ocrx_word' id='word_1_130' title='bbox 581 1569 670 1622; x_wconf 80' lang='grc' dir='ltr'><strong><em>καὶ</em></strong></span> <span class='ocrx_word' id='word_1_131' title='bbox 710 1571 873 1639; x_wconf 89' lang='grc' dir='ltr'><strong><em>πόροι</em></strong></span> <span class='ocrx_word' id='word_1_132' title='bbox 911 1571 1203 1640; x_wconf 89' lang='grc' dir='ltr'><strong><em>χρημάτων</em></strong></span> <span class='ocrx_word' id='word_1_133' title='bbox 1241 1568 1494 1638; x_wconf 79' lang='grc' dir='ltr'><strong><em>ηὔξοντο,</em></strong></span> <span class='ocrx_word' id='word_1_134' title='bbox 1544 1570 1635 1622; x_wconf 82' lang='grc' dir='ltr'><strong><em>καὶ</em></strong></span> <span class='ocrx_word' id='word_1_135' title='bbox 1673 1569 1911 1637; x_wconf 83' lang='grc' dir='ltr'><strong><em>θυγατέ-</em></strong></span> 
     </span>
     <span class='ocr_line' id='line_1_21' title="bbox 223 1649 1909 1727; baseline 0.001 -19"><span class='ocrx_word' id='word_1_136' title='bbox 223 1676 338 1725; x_wconf 89' lang='grc' dir='ltr'><strong><em>ρων</em></strong></span> <span class='ocrx_word' id='word_1_137' title='bbox 373 1655 616 1719; x_wconf 86' lang='grc' dir='ltr'><strong><em>ἐκδόσεις</em></strong></span> <span class='ocrx_word' id='word_1_138' title='bbox 655 1658 745 1710; x_wconf 83' lang='grc' dir='ltr'><strong><em>καὶ</em></strong></span> <span class='ocrx_word' id='word_1_139' title='bbox 777 1658 943 1726; x_wconf 89' lang='grc' dir='ltr'><strong><em>γάμοι</em></strong></span> <span class='ocrx_word' id='word_1_140' title='bbox 973 1649 1118 1711; x_wconf 90' lang='grc' dir='ltr'><strong><em>νέων</em></strong></span> <span class='ocrx_word' id='word_1_141' title='bbox 1148 1657 1239 1711; x_wconf 87' lang='grc' dir='ltr'><strong><em>καὶ</em></strong></span> <span class='ocrx_word' id='word_1_142' title='bbox 1273 1657 1573 1727; x_wconf 82' lang='grc' dir='ltr'><strong><em>ἀποδημίαι</em></strong></span> <span class='ocrx_word' id='word_1_143' title='bbox 1603 1658 1695 1710; x_wconf 83' lang='grc' dir='ltr'><strong><em>καὶ</em></strong></span> <span class='ocrx_word' id='word_1_144' title='bbox 1727 1657 1909 1727; x_wconf 81' lang='grc' dir='ltr'><strong><em>ἑορταὶ</em></strong></span> 
     </span>
     <span class='ocr_line' id='line_1_22' title="bbox 221 1744 1908 1816; baseline 0.001 -20"><span class='ocrx_word' id='word_1_145' title='bbox 221 1745 310 1797; x_wconf 80' lang='grc' dir='ltr'><strong><em>καὶ</em></strong></span> <span class='ocrx_word' id='word_1_146' title='bbox 372 1746 707 1816; x_wconf 86' lang='grc' dir='ltr'><strong><em>πανηγύρεις</em></strong></span> <span class='ocrx_word' id='word_1_147' title='bbox 769 1747 845 1808; x_wconf 85' lang='grc' dir='ltr'><strong><em>εἰς</em></strong></span> <span class='ocrx_word' id='word_1_148' title='bbox 906 1748 1113 1813; x_wconf 90' lang='grc' dir='ltr'><strong><em>κόσμον</em></strong></span> <span class='ocrx_word' id='word_1_149' title='bbox 1180 1747 1279 1800; x_wconf 90' lang='grc' dir='ltr'><strong><em>τὸν</em></strong></span> <span class='ocrx_word' id='word_1_150' title='bbox 1339 1744 1658 1816; x_wconf 77' lang='grc' dir='ltr'><strong><em>ἔμπροσθεν</em></strong></span> <span class='ocrx_word' id='word_1_151' title='bbox 1726 1744 1908 1816; x_wconf 74' lang='grc' dir='ltr'><strong><em>ᾔεσαν.</em></strong></span> 
     </span>
    </p>
   </div>
   <div class='ocr_carea' id='block_1_7' title="bbox 223 1834 578 1841">
    <p class='ocr_par' dir='ltr' id='par_1_8' title="bbox 223 1834 578 1841">
     <span class='ocr_line' id='line_1_23' title="bbox 223 1834 578 1841; baseline 0 0"><span class='ocrx_word' id='word_1_152' title='bbox 223 1834 578 1841; x_wconf 95' lang='lat' dir='ltr'><strong><em> </em></strong></span> 
     </span>
    </p>
   </div>
   <div class='ocr_carea' id='block_1_8' title="bbox 342 1881 993 1938">
    <p class='ocr_par' dir='ltr' id='par_1_9' title="bbox 342 1881 993 1938">
     <span class='ocr_line' id='line_1_24' title="bbox 342 1881 993 1938; baseline 0.002 -13"><span class='ocrx_word' id='word_1_153' title='bbox 342 1887 367 1925; x_wconf 93' lang='grc'><strong><em>2</em></strong></span> <span class='ocrx_word' id='word_1_154' title='bbox 398 1882 512 1925; x_wconf 86' lang='lat' dir='ltr'><strong>Xen.</strong></span> <span class='ocrx_word' id='word_1_155' title='bbox 538 1883 687 1927; x_wconf 86' lang='lat' dir='ltr'><strong>Anab.</strong></span> <span class='ocrx_word' id='word_1_156' title='bbox 713 1881 777 1926; x_wconf 88' lang='lat' dir='ltr'><strong><em>IV</em></strong></span> <span class='ocrx_word' id='word_1_157' title='bbox 804 1888 843 1938; x_wconf 80' lang='lat'><strong><em>7,</em></strong></span> <span class='ocrx_word' id='word_1_158' title='bbox 861 1888 914 1927; x_wconf 91' lang='grc'>21</span> <span class='ocrx_word' id='word_1_159' title='bbox 928 1897 993 1938; x_wconf 83' lang='lat' dir='ltr'><strong><em>sq.</em></strong></span> 
     </span>
    </p>
   </div>
   <div class='ocr_carea' id='block_1_9' title="bbox 225 1960 580 1970">
    <p class='ocr_par' dir='ltr' id='par_1_10' title="bbox 225 1960 580 1970">
     <span class='ocr_line' id='line_1_25' title="bbox 225 1960 580 1970; baseline 0 1192"><span class='ocrx_word' id='word_1_160' title='bbox 225 1960 580 1970; x_wconf 95' lang='lat' dir='ltr'><strong><em> </em></strong></span> 
     </span>
    </p>
   </div>
   <div class='ocr_carea' id='block_1_10' title="bbox 223 2003 1906 2125">
    <p class='ocr_par' dir='ltr' id='par_1_11' title="bbox 223 2003 1906 2125">
     <span class='ocr_line' id='line_1_26' title="bbox 341 2003 1906 2065; baseline 0 -15"><span class='ocrx_word' id='word_1_161' title='bbox 341 2012 366 2050; x_wconf 90' lang='grc'><strong><em>2</em></strong></span> <span class='ocrx_word' id='word_1_162' title='bbox 400 2003 529 2052; x_wconf 84' lang='grc' dir='ltr'><strong><em>οὗτοί</em></strong></span> <span class='ocrx_word' id='word_1_163' title='bbox 560 2008 691 2062; x_wconf 86' lang='grc' dir='ltr'><strong><em>εἰσιν,</em></strong></span> <span class='ocrx_word' id='word_1_164' title='bbox 724 2007 784 2058; x_wconf 79' lang='grc' dir='ltr'><strong><em>ὥς</em></strong></span> <span class='ocrx_word' id='word_1_165' title='bbox 815 2022 930 2064; x_wconf 86' lang='grc' dir='ltr'><strong><em>φησι</em></strong></span> <span class='ocrx_word' id='word_1_166' title='bbox 955 2010 1196 2065; x_wconf 76' lang='grc' dir='ltr'><strong><em>Ξενοφῶν,</em></strong></span> <span class='ocrx_word' id='word_1_167' title='bbox 1228 2008 1272 2052; x_wconf 82' lang='grc' dir='ltr'><strong><em>οἱ</em></strong></span> <span class='ocrx_word' id='word_1_168' title='bbox 1304 2008 1415 2065; x_wconf 75' lang='grc' dir='ltr'><strong><em>μετὰ</em></strong></span> <span class='ocrx_word' id='word_1_169' title='bbox 1439 2008 1679 2065; x_wconf 86' lang='grc' dir='ltr'><strong><em>Κλεάρχου</em></strong></span> <span class='ocrx_word' id='word_1_170' title='bbox 1705 2022 1906 2052; x_wconf 86' lang='grc' dir='ltr'><strong><em>συνανα-</em></strong></span> 
     </span>
     <span class='ocr_line' id='line_1_27' title="bbox 223 2065 1476 2125; baseline 0.002 -16"><span class='ocrx_word' id='word_1_171' title='bbox 223 2065 388 2124; x_wconf 83' lang='grc' dir='ltr'><strong><em>βάντες</em></strong></span> <span class='ocrx_word' id='word_1_172' title='bbox 420 2066 495 2110; x_wconf 82' lang='grc' dir='ltr'><strong><em>ἐπὶ</em></strong></span> <span class='ocrx_word' id='word_1_173' title='bbox 526 2070 729 2121; x_wconf 87' lang='grc' dir='ltr'><strong><em>Δαρεῖον</em></strong></span> <span class='ocrx_word' id='word_1_174' title='bbox 762 2074 1106 2123; x_wconf 83' lang='grc' dir='ltr'><strong><em>συμμαχοῦντες</em></strong></span> <span class='ocrx_word' id='word_1_175' title='bbox 1135 2071 1197 2125; x_wconf 84' lang='grc' dir='ltr'><strong><em>τῷ</em></strong></span> <span class='ocrx_word' id='word_1_176' title='bbox 1228 2068 1366 2125; x_wconf 84' lang='grc' dir='ltr'><strong><em>Κύρῳ</em></strong></span> <span class='ocrx_word' id='word_1_177' title='bbox 1398 2066 1476 2110; x_wconf 78' lang='lat' dir='ltr'><strong><em>B²</em></strong></span> 
     </span>
    </p>
   </div>
   <div class='ocr_carea' id='block_1_11' title="bbox 223 2150 576 2158">
    <p class='ocr_par' dir='ltr' id='par_1_12' title="bbox 223 2150 576 2158">
     <span class='ocr_line' id='line_1_28' title="bbox 223 2150 576 2158; baseline 0 0"><span class='ocrx_word' id='word_1_178' title='bbox 223 2150 576 2158; x_wconf 95' lang='lat' dir='ltr'><strong><em> </em></strong></span> 
     </span>
    </p>
   </div>
   <div class='ocr_carea' id='block_1_12' title="bbox 221 2195 1907 2944">
    <p class='ocr_par' dir='ltr' id='par_1_13' title="bbox 221 2195 1907 2944">
     <span class='ocr_line' id='line_1_29' title="bbox 342 2195 1906 2255; baseline 0 -14"><span class='ocrx_word' id='word_1_179' title='bbox 342 2203 367 2241; x_wconf 84' lang='lat'>2</span> <span class='ocrx_word' id='word_1_180' title='bbox 401 2198 453 2243; x_wconf 78' lang='grc' dir='ltr'><strong><em>δὲ</em></strong></span> <span class='ocrx_word' id='word_1_181' title='bbox 477 2199 562 2243; x_wconf 90' lang='lat' dir='ltr'><strong><em>Mo</em></strong></span> <span class='ocrx_word' id='word_1_182' title='bbox 589 2200 595 2255; x_wconf 87' lang='grc' dir='ltr'>Ι</span> <span class='ocrx_word' id='word_1_183' title='bbox 623 2195 839 2253; x_wconf 84' lang='grc' dir='ltr'><strong><em>Κυρείοις</em></strong></span> <span class='ocrx_word' id='word_1_184' title='bbox 863 2198 1027 2254; x_wconf 78' lang='lat' dir='ltr'><strong>scripsi</strong></span> <span class='ocrx_word' id='word_1_185' title='bbox 1051 2212 1156 2241; x_wconf 82' lang='lat' dir='ltr'><strong><em>cum</em></strong></span> <span class='ocrx_word' id='word_1_186' title='bbox 1179 2197 1303 2241; x_wconf 79' lang='lat' dir='ltr'>Fabr</span> <span class='ocrx_word' id='word_1_187' title='bbox 1326 2199 1373 2241; x_wconf 70' lang='lat' dir='ltr'><strong><em>ei:</em></strong></span> <span class='ocrx_word' id='word_1_188' title='bbox 1393 2197 1565 2241; x_wconf 75' lang='lat' dir='ltr'>Cobeto</span> <span class='ocrx_word' id='word_1_189' title='bbox 1590 2198 1804 2241; x_wconf 86' lang='lat' dir='ltr'>Mnem.V</span> <span class='ocrx_word' id='word_1_190' title='bbox 1823 2202 1906 2241; x_wconf 85' lang='grc'>132</span> 
     </span>
     <span class='ocr_line' id='line_1_30' title="bbox 222 2256 1904 2313; baseline 0 -13"><span class='ocrx_word' id='word_1_191' title='bbox 222 2259 294 2312; x_wconf 87' lang='lat'><strong><em>(=</em></strong></span> <span class='ocrx_word' id='word_1_192' title='bbox 315 2256 427 2301; x_wconf 81' lang='lat' dir='ltr'><strong>coll.</strong></span> <span class='ocrx_word' id='word_1_193' title='bbox 444 2259 545 2313; x_wconf 88' lang='grc'>112)</span> <span class='ocrx_word' id='word_1_194' title='bbox 579 2257 680 2300; x_wconf 82' lang='grc'>0011.</span> <span class='ocrx_word' id='word_1_195' title='bbox 699 2256 813 2300; x_wconf 84' lang='lat' dir='ltr'><strong>Xen.</strong></span> <span class='ocrx_word' id='word_1_196' title='bbox 831 2257 979 2300; x_wconf 82' lang='lat' dir='ltr'><strong>Anab.</strong></span> <span class='ocrx_word' id='word_1_197' title='bbox 1005 2256 1069 2299; x_wconf 91' lang='lat' dir='ltr'><strong><em>III</em></strong></span> <span class='ocrx_word' id='word_1_198' title='bbox 1094 2262 1134 2310; x_wconf 89' lang='grc'><strong><em>2,</em></strong></span> <span class='ocrx_word' id='word_1_199' title='bbox 1154 2260 1222 2299; x_wconf 82' lang='grc'>17.</span> <span class='ocrx_word' id='word_1_200' title='bbox 1276 2256 1478 2300; x_wconf 81' lang='lat' dir='ltr'>He11.111</span> <span class='ocrx_word' id='word_1_201' title='bbox 1503 2262 1543 2311; x_wconf 89' lang='grc'><strong><em>2,</em></strong></span> <span class='ocrx_word' id='word_1_202' title='bbox 1563 2261 1600 2300; x_wconf 81' lang='grc'><strong><em>7.</em></strong></span> <span class='ocrx_word' id='word_1_203' title='bbox 1634 2262 1675 2310; x_wconf 82' lang='grc'><strong><em>4,</em></strong></span> <span class='ocrx_word' id='word_1_204' title='bbox 1695 2261 1763 2299; x_wconf 89' lang='grc'><strong><em>20.</em></strong></span> <span class='ocrx_word' id='word_1_205' title='bbox 1820 2257 1904 2312; x_wconf 87' lang='lat' dir='ltr'><strong><em>Ag.</em></strong></span> 
     </span>
     <span class='ocr_line' id='line_1_31' title="bbox 224 2314 1907 2372; baseline -0.001 -13"><span class='ocrx_word' id='word_1_206' title='bbox 224 2322 264 2370; x_wconf 84' lang='grc'><strong><em>2,</em></strong></span> <span class='ocrx_word' id='word_1_207' title='bbox 284 2321 334 2359; x_wconf 87' lang='grc'><strong><em>11</em></strong></span> <span class='ocrx_word' id='word_1_208' title='bbox 399 2314 582 2372; x_wconf 89' lang='grc' dir='ltr'><strong><em>μυρίοις</em></strong></span> <span class='ocrx_word' id='word_1_209' title='bbox 604 2316 714 2359; x_wconf 86' lang='lat' dir='ltr'>libri</span> <span class='ocrx_word' id='word_1_210' title='bbox 730 2315 832 2359; x_wconf 85' lang='lat' dir='ltr'><strong><em>Mor</em></strong></span> <span class='ocrx_word' id='word_1_211' title='bbox 847 2316 915 2358; x_wconf 81' lang='lat' dir='ltr'><strong><em>Re</em></strong></span> <span class='ocrx_word' id='word_1_212' title='bbox 943 2317 949 2371; x_wconf 83' lang='grc'>1</span> <span class='ocrx_word' id='word_1_213' title='bbox 975 2314 1192 2359; x_wconf 78' lang='grc' dir='ltr'><strong><em>θάλασσα</em></strong></span> <span class='ocrx_word' id='word_1_214' title='bbox 1210 2316 1519 2360; x_wconf 86' lang='lat' dir='ltr'><em>BMoPVIM</em></span> <span class='ocrx_word' id='word_1_215' title='bbox 1532 2315 1635 2359; x_wconf 91' lang='lat' dir='ltr'><strong><em>Mor</em></strong></span> <span class='ocrx_word' id='word_1_216' title='bbox 1651 2316 1774 2358; x_wconf 81' lang='lat' dir='ltr'>Fabr</span> <span class='ocrx_word' id='word_1_217' title='bbox 1801 2317 1806 2371; x_wconf 84' lang='grc' dir='ltr'>Ι</span> <span class='ocrx_word' id='word_1_218' title='bbox 1833 2331 1907 2358; x_wconf 90' lang='grc' dir='ltr'><strong><em>το-</em></strong></span> 
     </span>
     <span class='ocr_line' id='line_1_32' title="bbox 221 2373 1907 2431; baseline -0.001 -14"><span class='ocrx_word' id='word_1_219' title='bbox 221 2381 407 2430; x_wconf 81' lang='grc' dir='ltr'><strong><em>πρῶτον</em></strong></span> <span class='ocrx_word' id='word_1_220' title='bbox 423 2375 609 2419; x_wconf 90' lang='lat' dir='ltr'><strong>BPIM</strong></span> <span class='ocrx_word' id='word_1_221' title='bbox 726 2379 751 2418; x_wconf 89' lang='lat'><strong>3</strong></span> <span class='ocrx_word' id='word_1_222' title='bbox 778 2374 913 2430; x_wconf 87' lang='grc' dir='ltr'><strong><em>ὀρῶν,</em></strong></span> <span class='ocrx_word' id='word_1_223' title='bbox 938 2375 1023 2418; x_wconf 83' lang='grc' dir='ltr'><strong><em>οὐκ</em></strong></span> <span class='ocrx_word' id='word_1_224' title='bbox 1049 2373 1195 2428; x_wconf 83' lang='grc' dir='ltr'><strong><em>ὀρέων</em></strong></span> <span class='ocrx_word' id='word_1_225' title='bbox 1218 2374 1267 2416; x_wconf 91' lang='lat' dir='ltr'><strong><em>in</em></strong></span> <span class='ocrx_word' id='word_1_226' title='bbox 1283 2387 1418 2431; x_wconf 82' lang='lat' dir='ltr'>marg</span> <span class='ocrx_word' id='word_1_227' title='bbox 1434 2373 1502 2417; x_wconf 57' lang='grc' dir='ltr'><strong><em>ΒΞ</em></strong></span> <span class='ocrx_word' id='word_1_228' title='bbox 1530 2376 1535 2430; x_wconf 83' lang='grc' dir='ltr'>Ι</span> <span class='ocrx_word' id='word_1_229' title='bbox 1563 2377 1777 2418; x_wconf 84' lang='grc' dir='ltr'><strong><em>κολωνῶν</em></strong></span> <span class='ocrx_word' id='word_1_230' title='bbox 1795 2373 1907 2416; x_wconf 86' lang='lat' dir='ltr'><strong>olim</strong></span> 
     </span>
     <span class='ocr_line' id='line_1_33' title="bbox 223 2431 1906 2490; baseline -0.001 -14"><span class='ocrx_word' id='word_1_231' title='bbox 223 2432 399 2476; x_wconf 79' lang='lat' dir='ltr'><strong>conieci</strong></span> <span class='ocrx_word' id='word_1_232' title='bbox 423 2433 540 2477; x_wconf 79' lang='lat' dir='ltr'>Mus.</span> <span class='ocrx_word' id='word_1_233' title='bbox 559 2433 705 2477; x_wconf 82' lang='lat' dir='ltr'>Rhen.</span> <span class='ocrx_word' id='word_1_234' title='bbox 723 2432 894 2476; x_wconf 90' lang='lat' dir='ltr'><strong>XXXII</strong></span> <span class='ocrx_word' id='word_1_235' title='bbox 918 2436 974 2475; x_wconf 86' lang='lat'><strong><em>94</em></strong></span> <span class='ocrx_word' id='word_1_236' title='bbox 1088 2438 1114 2476; x_wconf 87' lang='grc'>4</span> <span class='ocrx_word' id='word_1_237' title='bbox 1139 2431 1413 2490; x_wconf 80' lang='grc' dir='ltr'><strong><em>περιέβαλον</em></strong></span> <span class='ocrx_word' id='word_1_238' title='bbox 1441 2433 1704 2478; x_wconf 82' lang='lat' dir='ltr'><strong>CBMoIM</strong></span> <span class='ocrx_word' id='word_1_239' title='bbox 1724 2433 1788 2488; x_wconf 70' lang='lat' dir='ltr'><strong><em>(eb</em></strong></span> <span class='ocrx_word' id='word_1_240' title='bbox 1811 2433 1906 2488; x_wconf 85' lang='lat' dir='ltr'><strong><em>Ba)</em></strong></span> 
     </span>
     <span class='ocr_line' id='line_1_34' title="bbox 221 2488 1846 2550; baseline 0 -16"><span class='ocrx_word' id='word_1_241' title='bbox 221 2491 290 2534; x_wconf 83' lang='lat' dir='ltr'><strong><em>Re</em></strong></span> <span class='ocrx_word' id='word_1_242' title='bbox 418 2495 444 2534; x_wconf 84' lang='lat'>5</span> <span class='ocrx_word' id='word_1_243' title='bbox 478 2489 525 2536; x_wconf 77' lang='grc' dir='ltr'><strong><em>δ’</em></strong></span> <span class='ocrx_word' id='word_1_244' title='bbox 559 2492 628 2536; x_wconf 80' lang='lat' dir='ltr'><strong><em>Re</em></strong></span> <span class='ocrx_word' id='word_1_245' title='bbox 750 2496 774 2535; x_wconf 79' lang='lat'><strong>7</strong></span> <span class='ocrx_word' id='word_1_246' title='bbox 808 2488 1020 2542; x_wconf 78' lang='grc' dir='ltr'><strong><em>δουλείας</em></strong></span> <span class='ocrx_word' id='word_1_247' title='bbox 1053 2493 1137 2535; x_wconf 90' lang='lat' dir='ltr'><strong><em>Mo</em></strong></span> <span class='ocrx_word' id='word_1_248' title='bbox 1265 2495 1291 2534; x_wconf 90' lang='lat'>8</span> <span class='ocrx_word' id='word_1_249' title='bbox 1323 2491 1741 2550; x_wconf 83' lang='grc' dir='ltr'><strong><em>ἀπολαμβάνοντας</em></strong></span> <span class='ocrx_word' id='word_1_250' title='bbox 1771 2492 1846 2534; x_wconf 86' lang='lat' dir='ltr'><strong><em>La</em></strong></span> 
     </span>
     <span class='ocr_line' id='line_1_35' title="bbox 224 2547 1906 2606; baseline 0 -14"><span class='ocrx_word' id='word_1_251' title='bbox 224 2553 249 2591; x_wconf 82' lang='lat'>9</span> <span class='ocrx_word' id='word_1_252' title='bbox 293 2547 426 2605; x_wconf 78' lang='grc' dir='ltr'><strong><em>γένος</em></strong></span> <span class='ocrx_word' id='word_1_253' title='bbox 464 2550 550 2594; x_wconf 89' lang='lat' dir='ltr'><strong><em>UP</em></strong></span> <span class='ocrx_word' id='word_1_254' title='bbox 590 2550 671 2594; x_wconf 84' lang='lat' dir='ltr'><strong><em>sed</em></strong></span> <span class='ocrx_word' id='word_1_255' title='bbox 710 2551 759 2594; x_wconf 87' lang='lat' dir='ltr'><strong><em>in</em></strong></span> <span class='ocrx_word' id='word_1_256' title='bbox 796 2550 885 2594; x_wconf 89' lang='lat' dir='ltr'><strong><em>hoc</em></strong></span> <span class='ocrx_word' id='word_1_257' title='bbox 927 2550 977 2592; x_wconf 88' lang='lat' dir='ltr'><strong><em>in</em></strong></span> <span class='ocrx_word' id='word_1_258' title='bbox 1015 2548 1180 2606; x_wconf 79' lang='grc' dir='ltr'><strong><em>γένους</em></strong></span> <span class='ocrx_word' id='word_1_259' title='bbox 1219 2563 1319 2593; x_wconf 85' lang='lat' dir='ltr'>corr</span> <span class='ocrx_word' id='word_1_260' title='bbox 1340 2551 1411 2593; x_wconf 78' lang='lat' dir='ltr'><strong><em>m⁸</em></strong></span> <span class='ocrx_word' id='word_1_261' title='bbox 1467 2552 1473 2606; x_wconf 84' lang='lat'>1</span> <span class='ocrx_word' id='word_1_262' title='bbox 1531 2551 1689 2599; x_wconf 80' lang='grc' dir='ltr'><strong><em>αὐτοῖς</em></strong></span> <span class='ocrx_word' id='word_1_263' title='bbox 1732 2563 1807 2592; x_wconf 90' lang='lat' dir='ltr'><strong><em>om</em></strong></span> <span class='ocrx_word' id='word_1_264' title='bbox 1831 2550 1906 2592; x_wconf 86' lang='lat' dir='ltr'><strong><em>La</em></strong></span> 
     </span>
     <span class='ocr_line' id='line_1_36' title="bbox 285 2607 1855 2665; baseline -0.001 -14"><span class='ocrx_word' id='word_1_265' title='bbox 285 2613 337 2651; x_wconf 90' lang='lat'><strong><em>11</em></strong></span> <span class='ocrx_word' id='word_1_266' title='bbox 382 2607 635 2653; x_wconf 86' lang='grc' dir='ltr'><strong><em>συνιόντων</em></strong></span> <span class='ocrx_word' id='word_1_267' title='bbox 673 2607 787 2653; x_wconf 85' lang='grc' dir='ltr'><strong><em>τότε.</em></strong></span> <span class='ocrx_word' id='word_1_268' title='bbox 834 2609 1022 2665; x_wconf 83' lang='lat' dir='ltr'><strong>reposui</strong></span> <span class='ocrx_word' id='word_1_269' title='bbox 1061 2622 1166 2652; x_wconf 84' lang='lat' dir='ltr'><strong><em>cum</em></strong></span> <span class='ocrx_word' id='word_1_270' title='bbox 1199 2607 1355 2652; x_wconf 80' lang='lat' dir='ltr'><strong>Gasda</strong></span> <span class='ocrx_word' id='word_1_271' title='bbox 1398 2622 1423 2653; x_wconf 82' lang='lat' dir='ltr'>e</span> <span class='ocrx_word' id='word_1_272' title='bbox 1455 2608 1855 2653; x_wconf 86' lang='lat' dir='ltr'><em>BMoLaIMPU</em></span> 
     </span>
     <span class='ocr_line' id='line_1_37' title="bbox 224 2664 1906 2727; baseline -0.001 -18"><span class='ocrx_word' id='word_1_273' title='bbox 224 2664 489 2711; x_wconf 88' lang='grc' dir='ltr'><strong><em>συνιόντων.</em></strong></span> <span class='ocrx_word' id='word_1_274' title='bbox 521 2666 623 2711; x_wconf 84' lang='grc' dir='ltr'><strong><em>τότε</em></strong></span> <span class='ocrx_word' id='word_1_275' title='bbox 653 2667 823 2723; x_wconf 85' lang='lat' dir='ltr'><strong>reliqui</strong></span> <span class='ocrx_word' id='word_1_276' title='bbox 853 2667 964 2710; x_wconf 87' lang='lat' dir='ltr'><strong>libri</strong></span> <span class='ocrx_word' id='word_1_277' title='bbox 995 2666 1086 2710; x_wconf 84' lang='lat' dir='ltr'><strong><em>edd</em></strong></span> <span class='ocrx_word' id='word_1_278' title='bbox 1224 2672 1278 2711; x_wconf 83' lang='lat'><strong><em>14</em></strong></span> <span class='ocrx_word' id='word_1_279' title='bbox 1321 2665 1515 2727; x_wconf 77' lang='grc' dir='ltr'><strong><em>ἀνδρείᾳ</em></strong></span> <span class='ocrx_word' id='word_1_280' title='bbox 1547 2667 1718 2711; x_wconf 87' lang='lat' dir='ltr'><strong><em>LaMI</em></strong></span> <span class='ocrx_word' id='word_1_281' title='bbox 1744 2665 1826 2708; x_wconf 84' lang='lat' dir='ltr'><strong><em>sed</em></strong></span> <span class='ocrx_word' id='word_1_282' title='bbox 1856 2665 1906 2708; x_wconf 88' lang='lat' dir='ltr'><strong><em>in</em></strong></span> 
     </span>
     <span class='ocr_line' id='line_1_38' title="bbox 222 2723 1903 2780; baseline -0.001 -13"><span class='ocrx_word' id='word_1_283' title='bbox 222 2724 311 2768; x_wconf 84' lang='lat' dir='ltr'><strong><em>hoc</em></strong></span> <span class='ocrx_word' id='word_1_284' title='bbox 343 2740 362 2768; x_wconf 83' lang='grc' dir='ltr'><strong><em>ε</em></strong></span> <span class='ocrx_word' id='word_1_285' title='bbox 396 2737 511 2780; x_wconf 78' lang='lat' dir='ltr'>eras,</span> <span class='ocrx_word' id='word_1_286' title='bbox 544 2726 635 2769; x_wconf 88' lang='lat' dir='ltr'><strong><em>edd</em></strong></span> <span class='ocrx_word' id='word_1_287' title='bbox 773 2729 826 2769; x_wconf 85' lang='lat'><strong><em>15</em></strong></span> <span class='ocrx_word' id='word_1_288' title='bbox 860 2723 1081 2770; x_wconf 77' lang='grc' dir='ltr'><strong><em>ἐπίπλατο</em></strong></span> <span class='ocrx_word' id='word_1_289' title='bbox 1114 2727 1190 2771; x_wconf 83' lang='lat' dir='ltr'><strong><em>La</em></strong></span> <span class='ocrx_word' id='word_1_290' title='bbox 1223 2726 1303 2770; x_wconf 85' lang='lat' dir='ltr'><strong><em>sed</em></strong></span> <span class='ocrx_word' id='word_1_291' title='bbox 1334 2726 1457 2769; x_wconf 73' lang='lat' dir='ltr'><strong>inter</strong></span> <span class='ocrx_word' id='word_1_292' title='bbox 1489 2726 1510 2770; x_wconf 84' lang='grc' dir='ltr'><strong><em>ἐ</em></strong></span> <span class='ocrx_word' id='word_1_293' title='bbox 1542 2727 1588 2769; x_wconf 74' lang='lat' dir='ltr'><strong><em>et</em></strong></span> <span class='ocrx_word' id='word_1_294' title='bbox 1618 2739 1654 2767; x_wconf 82' lang='grc' dir='ltr'><strong><em>π</em></strong></span> <span class='ocrx_word' id='word_1_295' title='bbox 1684 2736 1847 2767; x_wconf 81' lang='lat' dir='ltr'><strong>rasura</strong></span> <span class='ocrx_word' id='word_1_296' title='bbox 1881 2729 1903 2766; x_wconf 91' lang='lat'>1</span> 
     </span>
     <span class='ocr_line' id='line_1_39' title="bbox 221 2781 1845 2840; baseline 0.001 -16"><span class='ocrx_word' id='word_1_297' title='bbox 221 2781 301 2826; x_wconf 75' lang='lat' dir='ltr'><strong><em>litt</em></strong></span> <span class='ocrx_word' id='word_1_298' title='bbox 328 2785 334 2839; x_wconf 87' lang='grc' dir='ltr'>Ι</span> <span class='ocrx_word' id='word_1_299' title='bbox 362 2785 505 2839; x_wconf 81' lang='grc' dir='ltr'><strong><em>δῆμος</em></strong></span> <span class='ocrx_word' id='word_1_300' title='bbox 536 2784 638 2828; x_wconf 84' lang='lat' dir='ltr'><strong><em>Mor</em></strong></span> <span class='ocrx_word' id='word_1_301' title='bbox 660 2784 783 2828; x_wconf 77' lang='lat' dir='ltr'>Fabr</span> <span class='ocrx_word' id='word_1_302' title='bbox 905 2788 958 2827; x_wconf 90' lang='grc'>16</span> <span class='ocrx_word' id='word_1_303' title='bbox 990 2784 1188 2840; x_wconf 77' lang='grc' dir='ltr'><strong><em>ηὔξηντο</em></strong></span> <span class='ocrx_word' id='word_1_304' title='bbox 1222 2786 1267 2829; x_wconf 91' lang='lat' dir='ltr'><strong><em>V</em></strong></span> <span class='ocrx_word' id='word_1_305' title='bbox 1391 2788 1444 2827; x_wconf 79' lang='lat'><strong><em>17</em></strong></span> <span class='ocrx_word' id='word_1_306' title='bbox 1474 2784 1554 2828; x_wconf 84' lang='grc' dir='ltr'><strong><em>καὶ</em></strong></span> <span class='ocrx_word' id='word_1_307' title='bbox 1585 2784 1647 2840; x_wconf 86' lang='grc'><strong><em>(1)</em></strong></span> <span class='ocrx_word' id='word_1_308' title='bbox 1679 2796 1754 2826; x_wconf 90' lang='lat' dir='ltr'><strong><em>om</em></strong></span> <span class='ocrx_word' id='word_1_309' title='bbox 1776 2782 1845 2825; x_wconf 84' lang='lat' dir='ltr'><strong><em>Re</em></strong></span> 
     </span>
     <span class='ocr_line' id='line_1_40' title="bbox 221 2837 1906 2942; baseline -0.002 -57"><span class='ocrx_word' id='word_1_310' title='bbox 221 2845 279 2942; x_wconf 49' lang='lat'><strong><em>{8</em></strong></span> <span class='ocrx_word' id='word_1_311' title='bbox 303 2838 466 2942; x_wconf 48' lang='grc' dir='ltr'><strong><em>1ῖὶἴξεσέν</em></strong></span> <span class='ocrx_word' id='word_1_312' title='bbox 502 2843 545 2886; x_wconf 91' lang='lat' dir='ltr'><strong><em>V</em></strong></span> <span class='ocrx_word' id='word_1_313' title='bbox 568 2843 692 2886; x_wconf 80' lang='lat' dir='ltr'>Fabr</span> <span class='ocrx_word' id='word_1_314' title='bbox 723 2843 790 2887; x_wconf 82' lang='lat' dir='ltr'><strong><em>Re</em></strong></span> <span class='ocrx_word' id='word_1_315' title='bbox 873 2837 1015 2899; x_wconf 80' lang='grc' dir='ltr'><strong><em>ἦεσαν</em></strong></span> <span class='ocrx_word' id='word_1_316' title='bbox 1042 2845 1126 2887; x_wconf 90' lang='lat' dir='ltr'><strong><em>Mo</em></strong></span> <span class='ocrx_word' id='word_1_317' title='bbox 1210 2838 1328 2899; x_wconf 84' lang='grc' dir='ltr'><strong><em>ἦσαν</em></strong></span> <span class='ocrx_word' id='word_1_318' title='bbox 1370 2841 1539 2898; x_wconf 84' lang='lat' dir='ltr'><strong>reliqui</strong></span> <span class='ocrx_word' id='word_1_319' title='bbox 1577 2840 1687 2884; x_wconf 81' lang='lat' dir='ltr'><strong>libri</strong></span> <span class='ocrx_word' id='word_1_320' title='bbox 1717 2840 1819 2883; x_wconf 85' lang='lat' dir='ltr'><strong><em>Mor</em></strong></span> <span class='ocrx_word' id='word_1_321' title='bbox 1858 2841 1906 2883; x_wconf 73' lang='lat' dir='ltr'><strong><em>et</em></strong></span> 
     </span>
     <span class='ocr_line' id='line_1_41' title="bbox 245 2901 613 2944; baseline 0.005 -3"><span class='ocrx_word' id='word_1_322' title='bbox 245 2912 301 2941; x_wconf 79' lang='lat' dir='ltr'><strong><em>ue</em></strong></span> <span class='ocrx_word' id='word_1_323' title='bbox 356 2914 379 2942; x_wconf 89' lang='lat' dir='ltr'><strong>r</strong></span> <span class='ocrx_word' id='word_1_324' title='bbox 443 2901 613 2944; x_wconf 79' lang='lat' dir='ltr'><strong>int-enis</strong></span> 
     </span>
    </p>
   </div>
  </div>
 </body>
</html>
