2072 3162
693 161 921 206 LIBANII
952 160 1175 206 ORATIO
1207 161 1314 207 XIII
1778 161 1846 215 75

160 299 261 351 τὸν
297 305 392 367 τῆς
430 296 778 367 ἀναρρήσεως
817 296 1033 361 ἐδέξατο
1081 299 1258 364 νόμον
1302 296 1720 368 πρεπωδεστέρα
1758 311 1847 350 σοι

161 387 367 450 παντὸς
404 387 666 448 εἰωθότος
703 388 956 455 βήματος.
1018 386 1092 448 ὡς
1128 383 1441 455 καλὸνμὲν
1479 393 1583 440 σοῦ
1622 386 1683 439 τὸ
1722 387 1848 439 διω-

160 481 391 529 θεῖσθαι
427 475 528 543 τὴν
567 476 743 543 δόσιν,
779 475 1008 528 κάλλιον
1048 473 1097 527 δ’
1136 473 1362 528 ἐκείνων
1407 476 1468 528 τὸ
1506 477 1849 543 κατεπείγειν

160 565 262 633 τὴν
299 567 484 632 λῆψιν,
530 561 761 627 ἐπιεικὲς
809 563 870 616 δὲ
907 564 968 617 τὸ
1009 564 1134 634 περὶ
1178 571 1279 616 τοῦ
1324 563 1711 634 πεπραγμένου
1751 564 1848 616 τὸν
1893 585 1915 616 4

160 652 519 721 θυμούμενον
564 651 851 722 πραΰνειν,
898 651 1157 722 ἀνδρεῖον
1204 650 1264 705 δὲ
1322 653 1327 722 Ι
1384 653 1446 705 τὸ
1495 654 1567 722 μὴ
1614 653 1750 723 πρὸς
1786 664 1936 708 R416

160 743 290 809 βίαν
350 748 449 794 τοῦ
512 741 778 804 δοθέντος
839 740 1102 794 ἐκπεσεῖν.
1190 740 1276 794 35.
1347 740 1437 794 ὅτε
1498 742 1566 810 δὴ
1627 744 1849 794 πολλῶν

160 829 346 883 ἐθνῶν
395 831 616 900 μυρίοις
660 831 948 893 ταλάντοις
993 829 1082 884 ἐπὶ
1129 830 1190 883 σὲ
1234 829 1705 900 παρακληθέντων
1750 830 1849 883 τὸν

161 919 474 987 ἡγούμενον
528 920 714 973 αὐτῶν
775 919 980 991 ῥᾳδίως
1041 917 1181 972 ἑλὼν
1234 927 1298 989 τῇ
1352 928 1464 972 τῶν
1523 919 1850 989 κακούργων

158 1006 476 1076 περιέβαλες
515 1007 664 1076 αἰκία
711 1007 991 1059 διδάσκων
1039 1004 1102 1059 ἐν
1150 1014 1270 1069 ταῖς
1307 1009 1570 1075 πλευραῖς
1618 1006 1691 1075 μὴ
1736 1025 1849 1058 τοι-

160 1103 299 1148 αῦτα
335 1097 666 1166 κερδαίνειν,
708 1097 777 1147 σὺ
816 1095 918 1164 μὲν
952 1099 1082 1158 ἴσως
1113 1093 1301 1163 ἐγέλας
1336 1093 1846 1163 ἐπιβουλευόμενος,
1872 1117 1915 1150 10

159 1185 312 1253 ἡμεῖς
351 1181 412 1237 δὲ
450 1183 859 1254 ἐφροντίζομεν,
899 1184 948 1237 εἰ
985 1184 1074 1236 καὶ
1112 1190 1351 1255 θαρρεῖν
1388 1183 1650 1253 ὑπῆρχεν.
1726 1182 1755 1237 ὁ
1789 1180 1850 1236 δὲ

159 1274 338 1326 πάντα
376 1272 524 1342 ὁρῶν
562 1292 619 1326 τε
658 1271 750 1326 καὶ
782 1272 1003 1326 ἀκούων
1027 1271 1223 1336 ’Ήλιος
1255 1267 1426 1342 οἷδεν,
1467 1272 1500 1326 ἃ
1531 1273 1651 1325 τότε
1684 1271 1849 1341 ε’φρο-

159 1368 366 1428 νοῦμεν
409 1362 499 1414 καὶ
537 1364 597 1415 τί
629 1368 703 1434 τῷ
736 1361 955 1433 πολέμῳ
994 1362 1056 1433 τι)
1104 1361 1274 1431 πέρας
1318 1359 1573 1431 ᾐτοῦμεν.
1650 1353 1741 1414 οἷα
1787 1357 1850 1414 δὲ

161 1451 474 1520 φιλόδωρος
512 1451 644 1513 θεὸς
682 1449 856 1504 ἔδωκέ
889 1470 948 1503 τε
985 1451 1075 1503 καὶ
1113 1451 1343 1503 κάλλιον
1381 1451 1416 1518 ἥ
1453 1469 1537 1512 τις
1575 1448 1645 1502 ἂν
1690 1451 1848 1518 ἤλπι-

159 1552 270 1591 σεν.
347 1539 433 1592 36.
479 1539 545 1592 οὐ
583 1540 689 1609 γὰρ
729 1537 989 1609 ἐπέτρεψε
1028 1547 1330 1608 συμπεσεῖν
1368 1544 1578 1610 στρατῷ
1614 1539 1849 1606 στρατὸν
1872 1559 1915 1592 15

160 1626 293 1680 οὐδὲ
349 1637 636 1694 γυμνῶσαι
698 1629 932 1697 σίδηρον
994 1624 1126 1680 οὐδὲ
1187 1626 1240 1690 ἐξ
1304 1626 1555 1696 ἀλλήλων
1610 1628 1849 1689 οἰκείους

161 1714 479 1783 ἀριστεῦσαι
519 1712 652 1768 οὐδὲ
685 1721 1051 1785 φοινιχθῆναι
1081 1723 1187 1784 γῆν
1218 1717 1372 1787 φόνῳ
1408 1715 1686 1784 φιλτάτων
1718 1711 1848 1768 οὐδὲ

160 1807 490 1872 τελεσθῆναι
528 1806 691 1872 νίκην
728 1811 841 1866 τοῖς
880 1812 1076 1856 νικῶσι
1122 1804 1377 1873 λυπηρὰν
1416 1800 1547 1856 οὐδὲ
1584 1805 1715 1866 τοὺς
1753 1803 1850 1856 αὐ-

161 1893 291 1954 τοὺς
344 1890 435 1944 καὶ
480 1901 702 1961 κρατεῖν
747 1892 837 1945 καὶ
884 1893 1165 1961 δακρύειν,
1221 1890 1339 1944 ἀλλ’
1378 1891 1689 1960 ἀποστήσας
1736 1900 1850 1945 τῶν

159 1980 494 2049 πραγμάτων
532 1980 631 2033 τὸν
669 1979 875 2049 ἕτερον,
914 1974 957 2053 ᾧ
990 1981 1185 2050 καιρὸν
1224 1976 1370 2049 εἶχεν
1409 1979 1691 2050 ἀπελθεῖν,
1737 1980 1847 2034 ὑπὸ
1873 2002 1916 2034 20

160 2073 235 2140 τῷ
275 2069 489 2138 τεχνίτῃ
535 2076 635 2122 τοῦ
685 2069 1000 2136 βασιλεύειν
1048 2070 1115 2122 τὰ
1164 2069 1344 2121 πάντα
1389 2067 1663 2138 ἐποίησεν,
1711 2069 1849 2122 ὥστε

162 2157 259 2209 σοί
292 2176 350 2209 τε
388 2158 641 2227 καθαρὸν
679 2158 907 2226 αἵματος
944 2156 1208 2225 γενέσθαι
1246 2158 1308 2210 τὸ
1340 2158 1539 2227 κράτος
1570 2156 1758 2229 ἐκείνῳ
1791 2177 1848 2210 τε

282 2321 306 2359 6
332 2316 389 2359 cf.
407 2332 451 2373 p.
468 2321 538 2366 31.
557 2322 611 2360 21
623 2332 688 2374 sq.
714 2317 962 2361 Amm.XX
975 2321 1015 2373 9,
1029 2322 1069 2360 4.
1163 2321 1190 2361 8
1206 2316 1542 2361 Vadomarium
1558 2317 1616 2361 cf.
1634 2332 1679 2374 p.
1694 2320 1846 2372 26‚19.

160 2375 311 2418 Amm.
336 2374 443 2419 XXI
467 2380 508 2430 3,
534 2381 641 2432 5sq.
767 2381 818 2420 11
854 2375 937 2421 od.
964 2379 988 2420 λ
1015 2381 1098 2420 109
1129 2376 1181 2419 Π.
1208 2394 1234 2434 y
1260 2381 1343 2419 277

281 2527 308 2567 8
354 2520 605 2581 σημείωσαι
644 2521 714 2567 ὅτι
751 2522 780 2580 ἡ
818 2530 911 2568 τῶν
953 2523 1227 2581 κακούργων
1267 2521 1398 2568 αἰκία
1436 2523 1488 2567 τὸ
1527 2522 1611 2575 τὰς
1648 2522 1850 2578 πλευρὰς

162 2581 425 2626 τύπτεσθαι
456 2583 499 2626 V

285 2733 307 2772 1
356 2746 410 2787 γρ
452 2727 625 2786 κόσμον
670 2729 719 2772 in
749 2742 884 2786 marg
924 2729 1027 2773 Mor
1075 2732 1081 2786 Ι
1129 2727 1510 2786 πρεπωδεστέρας
1550 2729 1653 2774 VIS
1688 2729 1790 2773 Mor

163 2792 191 2830 2
238 2788 322 2844 μὲν
354 2789 454 2846 σοῦ]
489 2787 629 2844 μέσον
661 2789 745 2832 Mo
900 2793 924 2832 7
970 2797 1063 2833 τῶν
1096 2791 1158 2834 Μ
1312 2793 1337 2832 9
1383 2787 1675 2846 περιέβαλλες
1705 2789 1790 2832 Mo

167 2850 222 2889 12
256 2842 380 2892 εἶδεν
414 2848 459 2891 V
482 2861 586 2891 cum
618 2846 794 2891 scholio
825 2847 906 2891 καὶ
938 2846 1100 2898 οὕτως·
1142 2845 1299 2904 ἥλιος
1329 2843 1487 2892 οἶδεν
1519 2845 1623 2901 ἤτοι
1654 2846 1770 2904 ἔγνω
1802 2847 1850 2889 et

167 2904 253 2948 Mo
376 2910 430 2949 13
460 2906 513 2950 τὸ
546 2920 624 2950 om
648 2905 797 2950 SMor
918 2911 971 2949 15
1003 2905 1128 2950 εἴασε
1151 2906 1188 2951 S
1199 2906 1301 2949 Mor
1422 2910 1476 2949 16
1509 2903 1614 2950 οὐδ’
1641 2906 1677 2950 S
1698 2904 1790 2948 edd

169 2967 223 3006 18
256 2961 392 3020 νίκην
417 2977 492 3007 om
514 2964 617 3008 Mor
647 2964 730 3020 qui
752 2964 801 3007 in
824 2978 957 3021 marg
980 2964 1124 3009 habet
1148 2963 1285 3020 ,,ἰ’σως
1307 2962 1470 3020 νίκην“
1592 2968 1648 3007 20
1681 2961 1725 3007 οἶ
1748 2962 1850 3005 Mor
