2060 3162
226 136 335 188 460
761 135 990 179 LIBANII
1021 135 1246 180 ORATIO
1277 136 1384 180 XXI

229 271 420 342 ἰατρὸν
443 271 755 324 ἀντιθεῖναι
787 280 902 334 τοῖς
927 269 986 324 ἐκ
1009 279 1105 340 τῆς
1127 274 1511 342 ταλαιπωρίας.
1572 271 1662 325 καὶ
1695 271 1915 326 ἐδείκνυ

227 361 294 428 δὴ
353 359 530 427 λέγων
584 360 774 423 αὐτοῖς
835 353 920 423 οἷς
974 360 1250 430 εὐπόρουν
1302 362 1653 429 θνήσκοντας
1712 363 1844 424 τοὺς
1907 361 1914 432 1

140 463 177 505 R
199 465 285 504 690
317 449 591 519 εὐπόρους
625 451 934 512 καλοῦντας
975 447 1061 517 ἐφ’
1094 447 1325 512 ἑαυτοὺς
1353 451 1420 502 τὰ
1451 460 1563 503 τῶν
1594 451 1919 519 κακούργων

227 538 356 606 ξίφη
390 537 550 605 (καὶ)
585 547 697 590 τῶν
731 539 947 607 ἰχθύων
977 538 1072 600 τὰς
1103 536 1367 608 γαστέρας
1405 537 1526 592 ἀντὶ
1559 546 1736 608 ταφῆς
1767 540 1919 608 ἔχον-

183 648 201 680 5
227 645 333 688 τας.
396 625 425 680 ὁ
459 625 510 679 δ’
535 626 640 679 ἀπὸ
681 627 937 695 τοιαύτης
977 626 1142 695 ἀκοῆς
1181 625 1268 680 ἐπὶ
1299 627 1399 680 τὸν
1429 633 1647 697 θρῆνον
1679 626 1920 698 ὁρμήσας

226 715 321 777 τὰς
358 715 507 784 παρὰ
542 723 654 768 τῶν
686 716 868 768 ἄλλων
902 716 1115 783 δεήσεις
1152 713 1369 784 ἔφθασε
1407 724 1523 779 τοῖς
1559 714 1688 786 παρ’
1719 714 1919 770 ἑαυτοῦ

227 803 518 874 δάκρυσιν,
559 804 620 857 ἐν
659 797 743 866 οἷς
781 800 853 872 ἧν
890 813 1002 857 τῶν
1042 809 1308 873 λυπηρῶν
1345 804 1378 873 ἡ
1420 805 1591 868 λύσις.

338 892 423 945 21.
491 894 684 946 Πολλὰ
744 890 846 959 μὲν
901 888 1007 946 οὖν
1060 890 1122 946 σὲ
1175 894 1241 946 τὰ
1302 901 1580 963 περιφανῆ
1633 902 1922 963 ποιοῦντα,

231 982 515 1050 Καισάριε,
567 982 803 1050 μάλιστα
842 981 904 1035 δὲ
942 980 1090 1034 τοῦτ’
1122 981 1254 1035 αὐτὸ
1294 982 1356 1034 τὸ
1396 989 1517 1034 νῦν.
1595 983 1922 1051 σεσώσμεθα

162 1093 203 1124 10
228 1071 331 1140 γὰρ
381 1078 445 1140 τῇ
496 1070 763 1138 βασιλέως
807 1071 994 1142 ψήφῳ,
1050 1073 1262 1139 ἔρχεται
1312 1069 1377 1123 δέ
1420 1090 1472 1123 τι
1519 1073 1788 1141 σωτηρίας
1829 1069 1920 1124 καὶ

229 1157 314 1211 ἐπὶ
365 1160 468 1228 τὴν
518 1160 622 1228 σὴν
672 1160 911 1227 γνώμην.
990 1160 1162 1211 ἄλλου
1212 1155 1314 1228 μὲν
1365 1160 1468 1228 γὰρ
1523 1164 1652 1222 ἴσως
1702 1155 1772 1227 ἧν
1821 1167 1921 1213 τοῦ

227 1249 299 1316 μὴ
362 1249 497 1300 κατὰ
554 1248 614 1300 σὲ
668 1248 766 1301 τὸν
819 1250 1028 1318 τρόπον
1088 1251 1425 1317 χαρίσασθαι
1486 1254 1651 1320 θυμῷ
1707 1248 1923 1321 μεγάλῳ

229 1338 414 1404 λόγοις
452 1338 917 1406 προσερεθίζουσι
957 1335 1049 1389 καὶ
1087 1338 1157 1405 νὴ
1188 1339 1301 1389 Διά
1341 1357 1402 1406 γε
1442 1337 1544 1389 οὐκ
1582 1339 1716 1390 ὄντα
1753 1336 1926 1407 μέγαν

229 1433 455 1494 ποιῆσαι
517 1430 847 1494 τηλικοῦτον
906 1435 1128 1495 πικραῖς
1187 1445 1245 1479 τε
1305 1429 1657 1497 κατηγορίαις
1716 1426 1806 1479 καὶ
1863 1427 1924 1479 τὸ

163 1535 203 1567 15
228 1520 451 1584 πρᾶγμα
494 1519 756 1584 αἴρουσιν
793 1514 1023 1582 ὀνόμασι
1064 1516 1222 1587 φόβῳ
1261 1534 1319 1567 τε
1357 1523 1469 1568 τῶν
1509 1515 1733 1584 ὁμοίων,
1774 1516 1821 1568 εἰ
1851 1517 1924 1584 μὴ

231 1603 292 1655 τὸ
341 1601 555 1671 σπέρμα
608 1622 691 1665 τις
738 1602 943 1656 ἀνέλοι·
1002 1611 1105 1656 σοῦ
1154 1601 1202 1655 δ’
1235 1599 1304 1670 ἧν
1351 1602 1575 1657 ἀκούειν
1619 1606 1925 1675 πρᾳότητος

234 1690 495 1754 ἐπαίνους
548 1690 639 1744 καὶ
687 1694 895 1761 σοφίαν
941 1692 1080 1761 ὁρᾶν
1127 1691 1481 1761 ἀφαιροῦσάν
1525 1712 1577 1745 τι
1622 1701 1723 1746 τοῦ
1769 1692 1924 1762 μεγέ-

234 1785 378 1842 θους
415 1778 506 1833 καὶ
549 1784 847 1849 λογισμοὺς
887 1780 945 1834 ἐκ
984 1789 1079 1850 τῆς
1118 1790 1229 1833 τῶν
1263 1781 1655 1850 ἡμαρτηκότων
1694 1782 1925 1850 φειδοῦς

236 1870 335 1937 τὴν
373 1877 487 1922 τῶν
526 1870 709 1922 ἄλλων
750 1868 1132 1939 ἐγγυωμένους
1172 1870 1559 1940 σωφροσύνην.
1637 1870 1722 1922 22.
1779 1874 1922 1938 φιλῶ

167 1979 210 2011 20
236 1977 354 2045 μεν
377 1953 481 2010 οὖν
519 1957 610 2010 καὶ
650 1959 748 2011 τὸν
777 1957 1084 2027 Ἀθηναίων
1124 1959 1327 2029 ῥήτορα
1364 1966 1429 2028 τῇ
1462 1961 1755 2029 Μιτυλήνῃ
1795 1961 1924 2027 βοη-

352 2084 376 2122 3
410 2079 467 2124 cf.
494 2095 556 2124 or.
582 2081 793 2138 XXIIIp
799 2086 933 2137 4.96‚
954 2086 1007 2126 10
1022 2096 1088 2137 sq.
1242 2086 1267 2124 6
1310 2082 1372 2126 Io.
1400 2080 1557 2137 Chrys.
1592 2082 1652 2124 ad
1683 2096 1789 2138 pop.
1815 2081 1922 2125 Ant

235 2139 356 2183 hom.
382 2139 489 2214 XXI
512 2141 545 2183 13.
563 2140 605 2183 Π
628 2155 672 2196 Ρ.
690 2097 793 2183 2221)
785 2155 851 2195 sq.
976 2145 1031 2183 20
1063 2141 1206 2184 Thuc.
1233 2141 1296 2183 ΠΙ
1320 2145 1495 2184 41-48

353 2256 408 2294 20
457 2213 648 2309 ῥήτορα]
680 2251 763 2295 τὸν
795 2249 1027 2296 Διόδοτον
1060 2251 1194 2307 φησὶ·
1241 2247 1376 2300 οὗτος
1407 2249 1495 2306 γὰρ
1528 2251 1773 2294 διεκώλυσε
1804 2265 1923 2295 παν-

234 2311 368 2367 δημεὶ
409 2311 516 2361 τοὺς
547 2307 895 2366 Μιτυληναίους
937 2313 1269 2365 διαφθαρῆναι
1309 2308 1429 2353 κατὰ
1466 2308 1551 2365 τὴν
1589 2316 1671 2353 τοῦ
1712 2307 1924 2360 Κλέωνος

234 2366 537 2482 (ἒηὲτηγὲρῖίαν,
578 2367 728 2424 ὥσπερ
769 2369 913 2425 φησὶν
947 2367 971 2411 ὁ
1008 2367 1303 2424 Θουκυδίδης
1344 2368 1391 2412 ἐν
1422 2375 1476 2426 τῇ
1508 2366 1638 2427 τρίτῃ
1678 2376 1769 2413 τῶν
1802 2368 1924 2413 ἱστο-

356 2536 377 2573 1
414 2530 602 2586 ἰατροὺς
635 2533 703 2575 Va
824 2535 849 2573 2
882 2530 933 2575 δὲ
960 2531 1034 2574 La
1046 2531 1113 2574 Va
1127 2531 1194 2574 Re
1223 2533 1228 2585 Ι
1258 2531 1432 2574 αὐτοὺσ
1456 2533 1491 2574 Ι
1516 2530 1598 2574 sed
1622 2531 1649 2573 νὺ
1681 2529 1730 2572 111
1753 2542 1828 2572 ras
1852 2528 1925 2572 m²

240 2590 243 2647 ἰ
279 2588 567 2644 θνήσκοντες
588 2591 657 2634 Va
801 2594 826 2632 3
860 2587 1067 2644 ἀπόρους
1091 2591 1136 2633 Ρ
1164 2590 1246 2633 Sed
1270 2590 1300 2633 ἀ
1328 2603 1383 2633 ex
1409 2590 1459 2634 εὐ
1492 2604 1593 2633 corr
1615 2588 1686 2632 111ΞΕ
1713 2594 1718 2643 1
1747 2586 1923 2644 δημίων

245 2649 314 2692 Va
433 2653 459 2691 4
491 2649 571 2692 καὶ
601 2648 778 2692 inserui
819 2651 824 2704 Ι
868 2661 977 2691 voce
1010 2649 1116 2692 ἀντὶ
1148 2648 1322 2692 desinit
1352 2650 1428 2693 La
1466 2651 1471 2705 Ι
1516 2649 1695 2706 ἔχοντες
1727 2648 1790 2690 Μ
1797 2647 1866 2691 Va

238 2712 263 2750 5
297 2704 635 2753 56'P1BMV
690 2707 713 2751 ὁ
747 2706 799 2752 δὲ
822 2707 891 2750 Re
1013 2712 1037 2750 8
1070 2707 1127 2750 τὰ
1160 2707 1208 2752 σὲ
1230 2708 1299 2751 Re
1422 2712 1477 2750 10
1509 2666 1664 2766 <μὲν>
1698 2705 1785 2761 γὰρ
1818 2706 1922 2748 coni

235 2766 305 2810 Re
428 2771 480 2809 11
507 2766 624 2822 πρὸς
650 2767 717 2810 Va
745 2768 750 2822 Ι
777 2767 828 2810 τὸ
854 2765 969 2819 Mor
1002 2767 1083 2809 sed
1116 2783 1170 2839 γρ
1194 2774 1277 2810 τοῦ
1310 2767 1360 2809 111
1383 2779 1517 2823 marg
1576 2782 1659 2809 του
1692 2765 1796 2808 coni
1822 2763 1922 2807 Sin-

236 2825 357 2868 ssenis
540 2830 594 2867 14
625 2841 673 2869 τε
705 2840 781 2869 om
805 2827 850 2869 B
1033 2830 1087 2868 16
1117 2822 1188 2876 τίς
1217 2826 1446 2869 ΙΜοΒΜ
1474 2825 1576 2868 Mor
1617 2825 1622 2880 Ι
1664 2824 1923 2879 πραότητος

238 2884 508 2928 PIMoBM
626 2889 679 2927 19
714 2887 917 2940 φιλῶμεν
944 2886 1027 2928 Mo
1051 2884 1153 2927 Mor
1273 2888 1329 2926 20
1361 2885 1440 2928 καὶ
1465 2897 1540 2927 0111
1563 2883 1665 2926 Mor
1692 2885 1697 2938 Ι
1723 2889 1816 2926 τῶν
1839 2882 1924 2926 Mo

243 2943 247 3000 j
284 2943 522 2998 ἀθηναῖον
550 2944 591 2986 V
613 2945 618 2998 Ι
646 2943 719 3000 τῇ]
745 2943 828 2987 τὸν
854 2944 896 2987 V
