2060 3162
249 114 358 166 314
769 112 998 157 LIBANII
1029 112 1252 157 ORATIO
1283 112 1431 157 XVHI

247 251 461 317 βίβλοις
515 251 574 301 αἳ
623 249 721 301 τὸν
778 247 837 301 ἐκ
888 251 1263 317 Παλαιστίνης
1325 250 1628 320 ἄνθρωπον
1678 252 1818 304 θεόν
1873 270 1932 309 τε

248 338 336 390 καὶ
375 343 515 390 θεοῦ
555 338 726 390 παῖδα
762 345 1012 406 ποιοῦσι,
1059 338 1201 408 μάχῃ
1239 357 1297 391 τε
1335 344 1515 409 μακρᾷ
1559 339 1649 391 καὶ
1694 338 1932 409 ἐλέγχων

249 427 396 495 ἰσχύι
447 423 656 494 γέλωτα
710 425 1001 495 ἀποφήνας
1054 426 1144 480 καὶ
1195 427 1494 495 φλήναφον
1542 428 1609 480 τὰ
1657 428 1932 497 τιμώμενα

203 537 225 567 4
249 515 564 584 σοφώτερος
603 513 664 568 ἐν
695 524 807 578 τοῖς
847 515 1034 578 αὐτοῖς
1074 514 1316 569 δέδεικτο
1354 524 1453 569 τοῦ
1493 519 1701 587 Τυρίου
1741 515 1932 587 γέρον-

159 617 304 660 R582
353 622 460 666 τος.
537 604 695 666 ἵλεως
742 604 804 657 δὲ
850 599 1013 667 οὗτος
1060 603 1089 657 ὁ
1138 605 1335 674 Τύριος
1391 602 1398 675 Ι
1454 610 1536 673 εἴη
1583 603 1674 658 καὶ
1722 604 1932 674 δέχοιτό

248 711 309 759 γε
350 691 589 758 εὐμενῶς
627 693 687 745 τὸ
729 691 921 761 ῥηθέν,
961 693 1034 755 ὡς
1073 691 1142 746 ἂν
1181 691 1330 756 υἱέος
1367 693 1686 763 ἡττώμενος.

363 780 482 833 179.
546 781 713 834 Ταυτὶ
759 789 858 835 τοῦ
897 784 1105 851 μήκους
1142 791 1252 835 τῶν
1298 792 1516 836 νυκτῶν
1561 782 1933 836 ἀπολέλαυκεν

248 868 381 937 ἡμῖν
420 869 449 923 ὁ
488 871 767 937 βασιλεύς·
822 869 1027 940 ἑτέροις
1067 871 1128 924 δὲ
1166 869 1227 924 ἐν
1263 879 1381 933 ταῖς
1429 872 1775 940 τηλικαύταις
1821 880 1934 924 τῶν

241 955 560 1027 Ἀφροδίτης
592 957 867 1027 ἐμέλησεν.
931 959 959 1012 ὁ
994 960 1055 1012 δὲ
1085 967 1353 1013 τοσοῦτον
1384 959 1583 1029 ἀπέσχε
1614 967 1712 1013 τοῦ
1739 963 1933 1029 ζητεῖν,

184 1072 226 1104 10
251 1052 306 1098 εἴ
337 1066 411 1119 τῳ
450 1048 703 1117 θυγάτηρ
736 1047 769 1116 ’ἢ
802 1049 944 1117 γυνὴ
976 1051 1129 1117 καλή,
1169 1047 1294 1102 ὥστ’
1327 1050 1374 1102 εἰ
1412 1050 1483 1117 μὴ
1519 1054 1709 1121 θεσμῷ
1743 1049 1933 1117 γάμων

371 1198 392 1236 1
443 1190 535 1238 Οἷα
566 1192 709 1252 μαίνῃ
742 1195 822 1237 καὶ
853 1192 1040 1268 φθέγγῃ
1079 1197 1358 1251 παραληρῶν
1399 1193 1542 1244 ὄντως
1579 1195 1659 1239 καὶ
1698 1196 1934 1267 φλυαρῶν,

248 1251 576 1308 θεομισέστατε
615 1255 695 1297 καὶ
734 1254 909 1304 παντὸς
946 1240 1139 1311 γέλωτος
1175 1254 1257 1297 καὶ
1288 1254 1549 1326 ἐμπτυσμοῦ
1589 1253 1703 1307 ἄξιε,
1749 1251 1928 1297 κάκιστ’

249 1312 536 1368 ἀπολούμενε
567 1311 794 1366 κολάκων,
824 1316 957 1362 θεοῖς
987 1312 1236 1385 κιβδήλοις
1252 1313 1332 1356 καὶ
1362 1310 1548 1385 ἀσεβείᾳ
1575 1319 1842 1387 συνηγορῶν
1868 1311 1934 1357 V²

310 1371 381 1414 Σὺ
407 1369 472 1425 δέ,
498 1370 608 1430 βέβη
611 1374 671 1423 λε,
707 1370 845 1416 ὁπότε
867 1378 1063 1416 τοιαῦτα
1087 1370 1350 1430 ἐπαρῴνεις,
1382 1358 1565 1421 δίκαιος
1595 1389 1655 1416 αν
1679 1388 1733 1429 ης
1757 1374 1943 1446 σκηπτῷ

252 1429 527 1504 βεβλημένος
557 1424 904 1505 ἀπενεχθῆναι
911 1433 1010 1475 Lay
1143 1435 1171 1473 4
1202 1429 1482 1487 Πορφυρίου
1525 1432 1568 1475 V
1697 1435 1722 1474 5
1755 1431 1778 1475 ὁ
1810 1433 1935 1487 Πορ-

251 1490 437 1545 φύριος
469 1488 492 1533 ὃ
518 1490 568 1534 δὲ
586 1490 860 1547 Πορφύριος
885 1489 908 1533 ὁ
934 1490 1052 1534 κατὰ
1068 1498 1345 1548 χριστιανῶν
1362 1489 1549 1546 γράψας
1565 1493 1654 1534 κτλ.
1675 1492 1748 1547 (=
1767 1489 1935 1534 Suidas

251 1563 285 1592 s.
311 1550 367 1599 V.)
403 1549 440 1593 O

359 1605 458 1652 Ότι
489 1625 572 1665 μεν
605 1605 690 1653 οὖν
721 1610 802 1653 καὶ
829 1606 1082 1660 Ἰουλιανὸς
1111 1609 1192 1652 καὶ
1223 1608 1518 1665 Πορφύριος,
1557 1606 1612 1653 ὃν
1648 1608 1820 1663 Τύριον
1852 1625 1935 1651 κα-

251 1669 322 1710 λεῖ
357 1665 574 1724 γέρ,οντα
616 1667 753 1725 ἄμφω
787 1671 1106 1725 φιλοσκῶπται
1138 1663 1270 1724 ἦσαν,
1310 1667 1401 1712 υπὸ
1440 1674 1531 1711 τῶν
1571 1665 1755 1711 οἰκείων
1787 1665 1936 1724 λόγων

252 1685 525 1799 ἐλέγχονται.
565 1754 617 1759 -
663 1727 839 1779 ἐκεῖνος
876 1726 959 1784 μὲν
999 1727 1085 1784 γὰρ
1125 1727 1303 1785 πληγὰς
1342 1727 1391 1772 ἐν
1422 1725 1684 1787 Καισαρεία
1721 1732 1802 1782 τῆς
1833 1729 1935 1770 Πα-

252 1782 488 1842 λαιστίνης
519 1784 610 1830 ὑπό
649 1803 790 1831 τινων
821 1790 1114 1841 Χριστιανῶν
1155 1787 1353 1843 εἰληφὼς
1391 1786 1471 1829 καὶ
1509 1785 1569 1842 μὴ
1610 1772 1806 1842 ἐνεγκὼν
1851 1785 1936 1842 τὴν

253 1843 396 1901 ὀργὴν
428 1843 478 1888 ἐκ
509 1843 810 1919 μελαγχολίας
846 1846 928 1890 τὸν
960 1862 1043 1902 μεν
1080 1845 1427 1919 χριστιανισμὸν
1463 1844 1692 1899 ἀπέλειπε,
1733 1843 1854 1901 μίσει
1885 1843 1936 1889 δε

251 1910 344 1947 τῶν
388 1903 718 1960 τυπτησάντων
773 1905 917 1949 αυτὸν
964 1905 1029 1956 εἰς
1077 1905 1129 1948 τὸ
1178 1904 1425 1978 βλάσφημα
1479 1904 1598 1947 κατὰ
1643 1879 1935 1959 Χριστιανῶν

253 1961 453 2018 γράφειν
501 1962 724 2018 ἐξέπεσεν,
772 1964 833 2015 ὡς
879 1964 1021 2008 αὐτὸν
1069 1963 1293 2038 Εὐσέβιος
1338 1963 1362 2006 ὁ
1403 1961 1656 2019 Παμφιλου
1704 1962 1935 2018 ἐξήλεγξεν

254 2021 578 2073 ἀνασκευάσας
608 2039 717 2072 τους
746 2021 910 2079 λόγους
942 2023 1097 2066 αὐτοῦ.
1154 2022 1178 2066 ὃ
1205 2023 1256 2066 δὲ
1281 2022 1499 2094 βασιλεὺς
1523 2021 1639 2077 πρὸς
1668 2038 1778 2072 τους
1808 2021 1934 2064 ἰδιώ-

252 2095 336 2129 τας
372 2080 688 2135 ὑπεροπτικῶς
726 2081 845 2125 κατὰ
884 2089 976 2125 τῶν
1006 2085 1299 2154 Χριστιανῶν
1339 2081 1538 2139 ἐσχηκὼς
1581 2080 1630 2124 ἐκ
1668 2087 1749 2123 τοῦ
1790 2080 1934 2123 αὐτοῦ

253 2138 443 2190 πάθους
488 2140 554 2189 εἰς
582 2139 667 2196 τὴν
698 2138 977 2196 Πορφυρίου
1025 2137 1321 2198 βλασφημίαν
1361 2099 1617 2183 ἀπέκλινεν.
1682 2137 1935 2194 ἀμφότεροι

255 2195 339 2242 οὖν
386 2196 606 2248 ἑκουσίως
644 2198 1005 2274 δυσσεβήσαντες
1044 2200 1093 2243 ἐν
1138 2200 1303 2255 γνώσει
1351 2196 1577 2254 ἁμαρτίας
1614 2198 1665 2241 τὸ
1707 2195 1935 2254 ἐπιτίμιον

255 2257 455 2315 ἔχουσιν.
517 2257 676 2332 ἐπειδὴ
716 2258 766 2302 δὲ
807 2259 887 2302 καὶ
926 2257 950 2302 ὁ
984 2258 1204 2314 σοφιστὴς
1233 2256 1458 2330 Λιβάνιος
1496 2255 1801 2314 ἐπιχλευάζων
1841 2257 1935 2301 τὸν

256 2316 314 2360 ἐκ
333 2314 718 2373 Παλαιστίνης
742 2318 884 2373 φησὶν
902 2316 1211 2372 ἄνθρωπον
1235 2315 1373 2360 θεόν
1397 2332 1452 2360 τε
1476 2318 1570 2359 καὶ
1593 2319 1732 2360 θεοῦ
1758 2319 1936 2361 παῖδα

255 2382 546 2430 ποιοῦσιν,
581 2374 852 2431 ἐκλελῆσθαί
884 2393 961 2432 μοι
987 2379 1127 2429 δοκεῖ,
1161 2373 1284 2426 ὅπως
1317 2375 1455 2425 αὐτὸς
1486 2375 1562 2419 ἐπὶ
1592 2373 1708 2419 τέλει
1739 2382 1820 2418 τοῦ
1853 2376 1936 2418 αὐ-

255 2441 336 2477 τοῦ
368 2432 505 2491 λόγου
536 2435 617 2479 τὸν
644 2433 900 2479 Ἰουλιανὸν
933 2433 1174 2478 ἀπεθέωσε
1208 2434 1329 2478 Socr.
1355 2434 1431 2477 1.1.
1459 2449 1502 2490 p.
1523 2438 1606 2477 203

377 2571 399 2609 1
426 2567 506 2610 καὶ
526 2570 608 2612 Mo
731 2573 755 2610 2
789 2571 930 2628 μικρᾷ
948 2570 1031 2612 Mo
1153 2572 1178 2610 3
1209 2568 1442 2624 τιμώμενα
1465 2566 1652 2623 reposui
1676 2579 1701 2608 e
1721 2566 1944 2610 GBMoV

257 2626 433 2670 LaPU
457 2626 566 2669 Socr
655 2626 876 2684 λεγόμενα
900 2612 1116 2683 ⁴IM(Ba)
1149 2627 1239 2670 edd
1309 2627 1573 2683 ὑμνούμενα
1604 2625 1677 2669 vel
1706 2624 1935 2679 θρυλλού-

257 2700 374 2740 μενα
407 2685 509 2727 coni
538 2686 605 2729 Re
726 2691 752 2730 4
785 2684 1015 2731 ἐδέδεικτο
1042 2687 1085 2730 V
1139 2684 1371 2730 δέδεικται
1404 2685 1513 2728 Socr
1632 2689 1657 2727 5
1690 2681 1868 2739 δέχοιτο
1894 2684 1940 2726 Ρ

259 2743 340 2786 sed
365 2759 388 2786 ο
415 2745 475 2799 (1)
501 2743 570 2787 m²
602 2747 649 2788 eb
673 2762 690 2787 ι
714 2745 782 2788 m³
813 2745 862 2788 in
885 2757 960 2788 ras
1082 2749 1107 2787 6
1140 2762 1189 2800 γε
1221 2759 1297 2788 om
1323 2744 1432 2787 Socr
1459 2745 1464 2800 Ι
1492 2742 1642 2798 πατὴρ
1675 2744 1783 2785 ante
1814 2740 1939 2792 υἱέος

258 2801 382 2845 inser
405 2802 472 2845 Re
532 2802 657 2854 υἱέος
680 2817 736 2847 ex
759 2802 893 2856 υἱέως
918 2818 1018 2846 corr
1040 2803 1170 2846 I²P2
1230 2801 1364 2854 υἱέως
1381 2803 1441 2846 Μ
1466 2802 1583 2845 sed
1570 2817 1619 2844 m
1643 2815 1731 2853 raS‚
1765 2801 1809 2844 U
1827 2800 1938 2843 Socr

259 2860 350 2905 edd
514 2866 539 2903 8
585 2863 879 2919 τηλικαύταις
909 2863 981 2906 bis
1014 2863 1094 2905 sed
1127 2862 1324 2906 alterum
1356 2875 1455 2904 eras
1492 2861 1530 2906 G
1684 2864 1736 2903 10
1785 2858 1830 2903 εἴ
1855 2859 1936 2918 τῳ]

262 2916 347 2963 ὄτω
381 2921 425 2963 Β
486 2919 528 2963 εἰ
557 2924 621 2980 τῷ
650 2920 784 2965 Wolf
840 2921 889 2965 εἴ
915 2937 1006 2965 που
1040 2921 1160 2964 Fabr
1183 2922 1252 2964 Re
1279 2924 1284 2977 1
1312 2921 1340 2976 ἡ
1375 2923 1458 2965 Mo
