2060 3162
239 126 272 178 2
277 125 348 178 94
712 124 943 168 LIBANII
975 124 1197 169 ORATIO
1230 124 1379 169 XVIII

238 259 583 330 κεκτημένων
637 262 887 330 φρίττειν
947 260 1360 328 ἀναγκάζουσαν
1420 261 1510 314 καὶ
1571 262 1853 314 στενωπὸν
1910 260 1915 334 Ι

149 362 191 405 R
212 367 296 407 567
338 350 426 402 καὶ
478 349 732 417 φυλακὴν
770 346 860 400 καὶ
897 350 1076 401 πόλιν.
1151 349 1382 411 τούτους
1429 349 1496 417 δὴ
1546 351 1676 412 τοὺς
1714 349 1922 419 Κερβέ-

242 459 375 509 ρους
413 438 503 490 καὶ
542 438 959 506 πολυκεφάλους
998 438 1073 499 εἰς
1109 437 1329 500 ἰδιώτας
1360 435 1576 505 ἐξέβαλε
1606 439 1920 508 προσειπὼν

236 525 430 597 κέρδος
468 526 726 594 ἡγεῖσθαι
772 526 834 578 τὸ
885 527 956 595 μὴ
1003 526 1269 579 τεθνάναι
1317 527 1562 589 τούτους.
1642 525 1760 580 135.
1807 531 1919 597 τρί-

194 637 212 669 5
237 635 338 684 την
376 623 577 685 μοῖραν
615 615 940 685 κακούργων
978 614 1267 685 ὑπηρετῶν
1303 617 1645 669 κλεπτόντων
1690 616 1779 669 καὶ
1819 620 1921 669 λω-

235 704 632 757 ποδυτούντων
685 704 775 756 καὶ
828 712 941 756 πᾶν
993 702 1084 756 καὶ
1139 705 1415 772 λεγόντων
1468 705 1556 757 καὶ
1611 705 1921 758 ποιούντων

238 790 327 845 ἐπὶ
377 799 454 864 τῷ
505 795 695 860 λαβεῖν
742 802 855 845 τῶν
905 795 1198 862 βασιλείων
1249 793 1555 863 ὑπερώρισε
1601 799 1813 863 θυρῶν,
1868 796 1921 846 οἳ

237 882 333 944 τὰς
387 881 570 934 αὑτῶν
623 883 889 952 πατρίδας
941 889 1036 950 τῆς
1089 879 1215 951 παρ’
1259 882 1441 934 αὑτῶν
1502 880 1920 952 ἀπεστερηκότες

237 972 419 1040 χρείας
458 971 664 1039 βουλὰς
703 970 1041 1041 ἀποδράντες
1079 971 1170 1024 καὶ
1207 972 1412 1039 νόμους
1451 975 1807 1039 λειτουργιῶν
1843 972 1921 1033 εἰς

172 1080 215 1112 10
241 1057 678 1129 ἀγγελιαφόρους
715 1058 1028 1121 τελέσαντες
1068 1058 1342 1112 ἐωνοῦντο
1381 1055 1483 1126 μὲν
1515 1064 1789 1127 πευθῆνες
1826 1079 1919 1112 κα-

235 1155 499 1215 ταστῆναι
528 1146 620 1200 καὶ
651 1148 712 1200 τὸ
737 1155 915 1217 σχῆμα
945 1144 1015 1216 ἦν
1042 1148 1321 1216 φυλάκων,
1355 1148 1499 1210 ὅπως
1529 1144 1702 1216 μηδὲν
1727 1147 1921 1216 ἀγνοοῖ

236 1238 494 1304 βασιλεὺς
546 1246 657 1288 τῶν
706 1235 789 1290 ἐπ’
828 1236 999 1289 αὐτὸν
1049 1235 1479 1306 συντιθεμένων,
1531 1237 1591 1290 τὸ
1644 1233 1705 1289 δὲ
1755 1239 1921 1308 ἔργον

232 1327 508 1393 καπήλων.
590 1325 709 1378 136.
763 1326 944 1395 ὥσπερ
992 1326 1095 1394 γὰρ
1135 1324 1335 1378 ἐκεῖνοι
1381 1326 1476 1388 τὰς
1524 1326 1706 1394 θύρας
1743 1324 1922 1379 ἕωθεν

236 1413 556 1481 ἀνοίγοντες
604 1421 872 1467 σκοποῦσι
921 1414 1043 1485 περὶ
1090 1422 1186 1482 τῆς
1231 1412 1492 1483 ἐμπολῆς,
1547 1414 1721 1477 οὕτως
1766 1410 1920 1468 οὗτοι

169 1523 210 1556 15
236 1503 453 1572 κερδῶν
491 1501 790 1571 ἐμέμνηντο
829 1503 968 1573 πρὸς
1004 1504 1134 1565 τοὺς
1171 1504 1383 1556 τούτων
1419 1501 1824 1572 προσαγωγέας,
1868 1505 1924 1555 οἳ

234 1592 366 1653 τοὺς
403 1590 745 1660 χειροτέχνας
785 1601 1053 1659 σιγῶντας
1093 1592 1165 1654 ὡς
1202 1593 1598 1661 λοιδοροῦντας
1635 1592 1736 1660 τὴν
1766 1594 1920 1660 βασι-

235 1683 389 1733 λειάν
442 1676 726 1748 ἧγονὺπὸ
767 1681 862 1743 τὰς
909 1679 1135 1733 ἐκείνων
1183 1680 1469 1749 μάστιγας,
1522 1680 1623 1750 οὐχ
1671 1680 1763 1733 ἵνα
1809 1678 1920 1743 ξαί-

238 1870 547 1973 189:312317131.
566 1871 586 1913 Ι
607 1875 704 1924 120,
722 1875 762 1915 2.
794 1869 857 1914 IV
877 1874 944 1924 71,
964 1875 1003 1914 3.
1037 1870 1093 1914 cf.
1114 1870 1163 1914 Ο.
1182 1869 1450 1914 Hirschfeld
1473 1870 1574 1913 Act.
1601 1869 1749 1913 Berol.
1775 1869 1918 1913 Acad.

356 1965 366 1983 2
489 1944 554 1985 Sq-
1845 1969 1851 1975 .

357 2095 410 2134 10
441 2092 697 2149 πευθῆνες]
730 2090 1027 2146 μανδάτωρες
1057 2091 1125 2134 Β2
1158 2090 1213 2134 cf.
1242 2091 1408 2134 Suidas
1441 2105 1474 2134 s.
1501 2106 1540 2133 v.

358 2258 380 2296 1
414 2252 701 2310 κεκτημένων
733 2255 764 2297 Ι
793 2253 873 2296 sed
905 2270 932 2297 ν
964 2253 1012 2296 in
1036 2266 1111 2296 ras
1135 2253 1204 2296 m³
1333 2257 1357 2296 3
1398 2253 1478 2296 καὶ
1508 2251 1748 2311 <ῧδρους>
1780 2255 1919 2296 πολυ-

237 2312 473 2368 κεφάλους
503 2315 586 2356 aut
615 2313 695 2356 καὶ
725 2311 1077 2368 πολυκεφάλους
1108 2312 1230 2371 <γε>
1263 2311 1560 2355 scribendum
1591 2312 1696 2356 coni
1727 2311 1795 2355 Re
1822 2311 1828 2369 Ι
1856 2311 1924 2362 εἰς

236 2371 426 2424 ἰδιώτας
456 2372 580 2416 inser
603 2371 661 2415 1²
806 2377 834 2415 4
865 2370 1106 2416 τεθνάναι.
1141 2370 1324 2430 <μετὰ>
1355 2371 1549 2422 τούτους
1580 2370 1685 2414 coni
1715 2371 1783 2414 Re
1814 2384 1919 2426 pro-

235 2430 458 2474 babiliter
579 2435 603 2474 5
629 2431 908 2474 λωποδυτῶν
934 2431 1008 2474 La
1130 2434 1153 2472 7
1179 2430 1230 2474 τὸ
1257 2432 1331 2474 La
1452 2435 1476 2473 8
1507 2430 1660 2474 αὑτῶν
1685 2443 1742 2472 ex
1766 2429 1919 2472 αὐτῶν

237 2503 338 2532 corr
363 2490 434 2532 Ρ8
524 2491 678 2534 αὐτῶν
712 2489 936 2534 MoLaM
945 2490 990 2534 U
1011 2489 1113 2532 Mor
1135 2489 1259 2532 Fabr
1357 2489 1533 2534 ἑαυτῶν
1565 2491 1598 2532 Ι
1634 2491 1640 2545 Ι
1679 2489 1830 2532 αὐτῶν
1864 2501 1920 2530 ex

238 2592 391 2636 αὐτῶν
418 2607 518 2636 corr
533 2595 579 2637 P
590 2594 606 2618 ³
666 2593 818 2636 αὐτῶν
836 2593 969 2636 BMo
980 2593 1186 2636 VLaIM
1195 2594 1239 2638 U
1254 2592 1356 2636 Mor
1371 2592 1492 2636 Fabr
1519 2593 1524 2650 Ι
1552 2562 1921 2647 ἀπεστερηκότοῗξ

238 2694 324 2738 Mo
447 2700 500 2739 10
524 2667 815 2746 τελεξὶσαντες
839 2695 923 2739 Mo
951 2697 957 2751 Ι
987 2695 1239 2740 ἐπονοῦντο
1258 2695 1303 2738 Β
1320 2695 1422 2738 Mor
1437 2695 1559 2738 Fabr
1680 2699 1733 2736 11
1759 2694 1922 2749 ἀγνοεῖ

241 2753 323 2798 GP
344 2755 425 2796 sed
449 2753 498 2796 in
521 2754 609 2798 hoo
639 2755 689 2798 in
713 2755 880 2812 ἀγνοοῖ
902 2768 1002 2797 corr
1062 2755 1209 2811 ἀγνοῆ
1237 2755 1280 2798 V
1334 2755 1480 2811 ἀγνοῇ
1505 2752 1626 2796 Fabr
1748 2756 1801 2794 12
1835 2753 1917 2795 αὐ-

236 2812 318 2856 τὸν
351 2826 406 2856 ex
438 2814 589 2857 αὐτῶν
621 2828 722 2858 corr
745 2813 802 2858 12
978 2818 1030 2856 15
1062 2811 1390 2870 προσαγωγέας
1420 2814 1455 2855 Ι
1478 2813 1559 2855 sed
1589 2813 1697 2868 post
1728 2828 1758 2854 α
1788 2811 1916 2867 prius

238 2884 313 2914 ras
346 2876 370 2913 2
411 2871 490 2915 litt
589 2870 890 2930 προαγωγέας
920 2873 994 2916 La
1175 2877 1228 2915 17
1270 2870 1449 2916 ἐκείνου
1480 2873 1588 2915 LaI
1622 2870 1703 2913 sed
1742 2869 1791 2912 in
1829 2869 1917 2912 hoc

235 2946 295 2973 ov
327 2931 376 2973 in
400 2944 474 2974 ras
499 2930 579 2985 m',
612 2933 678 2988 (et
701 2933 794 2987 Ba)
823 2933 828 2987 Ι
857 2930 1069 2987 μάστιγες
1100 2931 1184 2976 Mo
