2060 3162
584 125 811 170 LIBANII
843 124 1067 170 ORATIO
1099 125 1248 170 XVIII
1660 126 1763 179 351

81 267 273 336 πλοίῳ,
319 264 530 316 πλοίων
569 259 629 314 δὲ
668 261 771 314 οὐκ
809 262 988 314 ὄντων
1026 262 1167 324 ἅπας
1205 257 1275 329 ἦν
1316 260 1376 314 ἐν
1415 261 1618 324 ὅπλοις.
1695 262 1769 324 ὡς

82 355 277 406 τοίνυν
308 351 441 405 οὐδὲ
471 351 688 420 σφόδρα
718 349 1081 419 βουλομένοις
1120 345 1190 416 ἧν
1227 347 1373 418 ἔχειν
1403 358 1541 412 ναῦς
1570 351 1770 402 τοσαύ-

80 461 201 510 τας,
253 438 418 503 ἔδειξε
470 439 530 492 τὸ
584 435 722 507 μηδὲ
768 439 864 501 τὰς
909 438 1369 506 ὑπολειφθείσας,
1417 440 1477 491 αἱ
1519 435 1580 491 δὲ
1626 435 1768 508 ἦσαν

83 529 470 583 πεντεκαίδεκα
536 536 801 598 γεφυρῶν
867 527 1050 581 εἵνεκα
1116 526 1561 595 πεφυλαγμέναι,
1630 527 1768 596 μηδὲ

81 619 280 681 ταύτας
317 615 542 684 ἀρκέσαι
575 625 762 669 σῶσαι.
838 618 1145 684 βιαιότερος
1176 617 1281 685 γὰρ
1315 616 1394 669 ὢν
1424 615 1515 668 καὶ
1548 626 1767 669 ναυτῶν
1814 635 1834 668 5

80 706 270 776 τέχνης
315 706 405 759 καὶ
451 713 547 774 τῆς
593 706 760 773 ἄλλης
805 707 1157 774 πολυχειρίας
1204 705 1232 758 ὁ
1280 707 1447 774 πόρος
1494 705 1663 767 αὐτάς
1710 723 1766 756 τε

85 795 91 866 Ι
131 793 220 848 καὶ
257 796 388 857 τοὺς
427 793 759 863 ἐμπλέοντας
797 794 876 856 εἰς
913 795 1008 856 τὰς
1037 803 1150 846 τῶν
1180 796 1458 860 πολεμίων
1489 802 1672 864 χεῖρας
1706 806 1747 849 R
1769 809 1849 848 611

79 881 348 952 ἐξέβαλεν,
403 881 529 936 ὥστ’
563 884 610 935 εἰ
658 884 742 935 δεῖ
794 891 1122 953 κατηγορεῖν
1173 881 1389 935 ἐκείνου
1439 890 1538 935 τοῦ
1592 883 1766 951 πυρὸς

77 974 206 1035 τοὺς
257 970 675 1041 ἐζημιωμένους,
731 970 759 1023 ὁ
811 970 1033 1041 Πέρσης
1083 970 1154 1023 ἂν
1204 972 1426 1034 εἰκότως
1477 970 1506 1023 ὁ
1557 973 1766 1039 μεμφό-

77 1079 242 1130 μενος
281 1066 378 1130 εἴη.
453 1060 544 1113 καὶ
582 1059 846 1122 πολλάκις
884 1080 963 1128 γε,
1005 1060 1076 1122 ὥς
1115 1072 1305 1128 φασιν,
1348 1058 1636 1128 ἐμέμψατο.
1790 1082 1832 1114 10

226 1149 349 1202 264.
406 1149 566 1202 Οὕτω
613 1146 714 1217 μὲν
759 1156 859 1201 τοῦ
907 1151 1173 1219 Τίγρητος
1217 1150 1473 1210 πίνοντες
1519 1147 1767 1218 ἐχώρουν

77 1237 191 1291 κατ’
224 1237 518 1307 ἀριστερὰν
579 1246 733 1307 χεῖρα
792 1238 891 1291 τὸν
951 1238 1197 1307 ποταμὸν
1251 1239 1468 1306 ἔχοντες
1528 1236 1618 1290 καὶ
1673 1238 1767 1290 διὰ

77 1329 256 1397 χώρας
301 1325 471 1396 ᾔεσαν
508 1334 604 1394 τῆς
641 1326 910 1396 προτέρας
949 1326 1261 1396 ἀμείνονος,
1314 1327 1450 1379 ὥστε
1491 1319 1574 1388 οἷς
1614 1321 1765 1395 εἶχον

78 1416 438 1485 αἰχμαλώτοις
487 1416 851 1485 θαρρούντως
900 1417 1320 1484 προσετίθεσαν.
1399 1414 1515 1468 ἐπεὶ
1563 1412 1623 1467 δὲ
1669 1422 1766 1483 τῆς

76 1505 178 1572 μὲν
230 1502 646 1573 πεφυτευμένης
706 1502 794 1557 ἐπὶ
848 1502 1007 1572 τέλει,
1069 1511 1164 1571 τῆς
1219 1501 1280 1556 δὲ
1341 1507 1506 1571 ψιλῆς
1554 1522 1612 1556 τε
1673 1502 1762 1556 καὶ
1790 1525 1831 1558 15

77 1593 245 1646 οὐδὲν
284 1591 628 1661 φαυλοτέρας
665 1588 807 1660 ἦσαν
854 1591 915 1644 ἐν
960 1591 1123 1664 μέσῳ,
1173 1593 1427 1662 κηρύττει
1476 1593 1620 1644 σιτία
1668 1591 1762 1660 φέ·
1787 1593 1826 1662 †

79 1687 278 1751 ρεσθαι
317 1683 416 1734 τὸν
457 1680 693 1749 στρατὸν
730 1680 948 1750 ἡμερῶν
987 1686 1178 1750 εἴκοσι,
1217 1682 1454 1749 τοσαύτη
1495 1682 1600 1749 γὰρ
1635 1681 1765 1744 ὁδὸς

78 1768 165 1822 ἐπὶ
197 1771 298 1838 τὴν
329 1769 558 1839 ἀρίστην
587 1789 646 1822 τε
675 1771 841 1822 πόλιν
870 1768 961 1823 καὶ
993 1771 1102 1836 ἅμα
1131 1779 1225 1839 τῆς
1248 1769 1509 1840 ἡμετέρας
1541 1771 1762 1839 ὅμορον.

77 1860 199 1910 τότε
247 1858 314 1926 δὴ
367 1867 586 1927 πρῶτον
640 1857 831 1927 ὁρᾶται
879 1860 1124 1928 Περσικὴ
1175 1857 1494 1928 παράταξις,
1548 1862 1765 1927 πλῆθος

79 1946 181 1998 οὐκ
220 1948 469 2014 ἄτακτον,
507 1945 599 1998 καὶ
630 1947 832 2015 χρυσὸς
862 1949 1034 2010 πολὺς
1066 1946 1127 2000 έν
1158 1956 1273 2010 τοῖς
1305 1947 1510 2010 ὅπλοις.
1567 1949 1762 2001 πεσόν·
1787 1970 1830 2002 20

76 2053 169 2097 τος
223 2035 284 2087 δὲ
338 2033 602 2105 ἡμετέρου
657 2036 806 2098 τινὸς
867 2036 1153 2106 προμάχου
1213 2035 1304 2089 καὶ
1367 2040 1763 2106 συμπεσόντων

77 2122 334 2176 ἁπάντων
388 2122 514 2176 οὔθ’
553 2124 747 2187 ἱππεὺς
793 2123 920 2178 οὔθ’
953 2124 1177 2194 ὁπλίτης
1230 2127 1426 2195 ἤνεγκε
1478 2127 1574 2189 τὰς
1626 2125 1755 2197 παρ’

195 2303 222 2342 4
254 2299 402 2343 Amm.
428 2298 526 2342 Zos.
552 2298 600 2344 ll.
625 2298 673 2342 ll.
842 2305 895 2343 12
930 2299 1026 2343 Soz.
1052 2300 1129 2343 1.1.
1155 2315 1198 2356 p.
1219 2302 1359 2343 218A
1526 2305 1578 2344 13
1611 2302 1760 2346 Amm.

77 2356 224 2400 XXIV
250 2362 289 2412 7,
309 2363 334 2400 6
455 2363 509 2401 21
543 2358 692 2402 Amm.
719 2357 846 2402 XXV
865 2364 961 2413 1,1.
997 2359 1184 2403 Zos.111
1209 2364 1279 2414 26,
1305 2365 1330 2402 5

197 2524 219 2562 1
246 2517 419 2564 πλοίων
445 2521 491 2564 Ρ
512 2519 593 2563 sed
616 2535 651 2564 π
673 2520 723 2564 in
747 2533 821 2564 ras
844 2521 915 2564 m⁸
941 2523 947 2578 Ι
976 2518 1024 2566 δ’
1043 2521 1112 2566 Re
1139 2522 1145 2580 Ι
1174 2520 1386 2572 ἐνόπλοις
1410 2523 1483 2566 La
1569 2526 1597 2564 4
1623 2520 1761 2566 ἕνεκα

79 2578 298 2623 GVLaM
321 2579 389 2623 Re
540 2582 567 2622 8
598 2577 835 2637 ἐξέβαλλεν
868 2581 942 2625 La
981 2582 987 2637 Ι
1029 2580 1160 2637 εἴπερ
1193 2582 1239 2626 Β
1390 2585 1414 2624 9
1446 2587 1544 2631 τοῖς
1574 2580 1761 2637 ἐζημιω-

77 2635 235 2693 μένοις
265 2637 333 2682 Re
493 2642 546 2681 12
579 2638 812 2696 ὃιαχώρας
842 2640 918 2683 La
1076 2644 1129 2683 13
1162 2637 1269 2684 ὥστ’
1299 2641 1374 2684 La
1422 2641 1428 2695 1
1479 2638 1595 2697 ἔχων
1627 2641 1702 2684 La

80 2700 135 2739 14
164 2699 456 2752 θαρροῦντες
479 2697 554 2740 La
581 2699 587 2753 1
615 2697 692 2742 ἐπὶ
716 2698 790 2742 La
851 2698 952 2742 ἐπεὶ
983 2697 1055 2757 δὲ]
1088 2698 1247 2755 ἐπειδὴ
1274 2701 1358 2743 Mo
1482 2702 1535 2742 15
1568 2698 1760 2744 ἐπιτέλει

80 2756 165 2799 Mo
286 2760 339 2799 16
371 2755 530 2814 οὐδὲν]
562 2756 680 2800 πολὺ
710 2756 782 2800 vel
812 2759 964 2801 πολλῶ
1003 2758 1107 2802 coni
1137 2758 1206 2802 Re
1273 2772 1384 2801 num
1423 2757 1643 2814 οὐδεμιᾶς
1673 2759 1760 2803 01'2‘?

81 2812 88 2871 Ι
122 2812 241 2869 μέσω
259 2816 294 2859 Ι
317 2815 399 2858 sed
423 2829 485 2859 σω
517 2814 567 2858 in
591 2828 666 2858 ras
690 2814 761 2858 m'
786 2816 793 2871 Ι
822 2803 1006 2870 „maiim
1037 2817 1117 2860 καὶ
1140 2816 1382 2873 κηρύττει“
1405 2815 1474 2860 Re
1531 2832 1535 2833 ⁷
1595 2822 1650 2861 18
1673 2817 1759 2861 πό-

8 2923 11 2925 ,
78 2874 151 2916 λιν
181 2871 230 2916 in
259 2886 394 2931 marg
426 2874 532 2919 Mo'
574 2876 580 2930 Ι
624 2871 808 2930 ὅμορον,
838 2872 940 2918 τότε
972 2876 1077 2919 coni
1107 2875 1175 2919 Re
1326 2879 1382 2918 20
1419 2875 1563 2927 πολὺς
1593 2876 1761 2934 χρυσὸς

79 2931 155 2974 La
274 2937 328 2975 21
362 2932 490 2984 τινὸς
520 2946 595 2976 om
622 2933 660 2978 Ο
678 2932 780 2975 Mor
