2072 3162
664 89 892 134 LIBANII
923 87 1146 133 ORATIO
1178 88 1264 133 XV

133 247 252 280 vera
283 246 439 293 neque
471 230 643 278 habita
673 246 830 292 neque
863 230 926 277 ad
948 230 1298 292 imperatorem
1328 228 1494 277 delata
1518 231 1606 291 est,
1640 230 1820 292 quippe

136 306 222 367 qui
266 305 403 367 prius
449 306 658 352 mortem
705 303 903 365 obierit,
958 306 1015 351 ut
1061 303 1296 351 Libanius
1342 305 1447 365 ipse
1492 305 1545 351 in
1590 303 1822 351 monodia

133 380 316 427 Iuliani
347 394 413 426 or.
438 377 583 425 XVII
612 395 659 439 p.
688 379 810 438 220,
830 380 898 426 10
913 392 981 439 sq.
1022 375 1115 442 ἐγὼ
1155 374 1244 441 μὲν
1282 375 1644 443 ἕδημιούργουν
1675 375 1822 442 λόγον

134 453 406 518 διαλλαγῶν
436 458 534 500 τῶν
564 450 687 516 πρὸς
717 450 808 515 τὴν
839 449 983 499 πόλιν
1015 451 1295 516 φάρμακον,
1335 450 1396 499 σὺ
1430 447 1482 499 δὲ
1513 446 1655 519 ᾤχου,
1695 451 1822 499 σεσί-

134 545 275 591 γηται
307 523 359 574 δὲ
389 524 442 575 τὸ
475 524 739 591 φάρμακον
769 527 995 573 testatur.
1057 524 1419 589 Argumentum
1443 541 1558 573 vero
1584 526 1821 573 orationis

132 601 232 648 tale
264 602 351 661 est,
388 601 446 647 ut
475 615 632 661 neque
674 599 733 647 ab
767 599 994 648 omnibus
1034 601 1087 646 in
1128 599 1314 647 deliciis
1354 598 1527 646 habita
1560 601 1625 647 sit
1663 615 1822 661 neque

131 678 235 722 tam
265 674 435 736 paucis
472 673 705 734 arriserit,
736 675 793 721 ut
825 669 1083 735 ‘corporis'
1113 673 1293 720 finibus
1325 675 1539 721 coercita
1569 673 1821 735 manserit,

132 748 214 796 sed
245 748 395 796 etiam
425 749 477 795 in
511 742 745 810 ‘eclogas’
775 750 974 809 recepta
998 749 1075 795 sit.
1130 747 1307 809 Itaque
1338 762 1569 795 numerus
1596 747 1818 795 codicum

132 822 449 884 superstitum
474 824 531 868 ut
553 822 711 870 multo
734 824 897 869 minor
919 837 1069 884 quam
1092 821 1144 868 in
1169 823 1597 888 Προσφωνητικῷ,
1630 823 1819 889 Μονῳ-

130 895 211 963 δίᾳ
258 898 307 942 et
348 889 644 964 Ἐπιταφίῳ,
689 898 763 943 ita
808 896 968 943 maior
1014 897 1088 943 est
1128 911 1276 957 quam
1314 896 1365 942 in
1406 895 1712 943 orationibus
1750 894 1822 954 εἰς

64 963 76 979 ”
124 964 397 1017 Ἰουλιανὸν
437 968 624 1017 ὕπατον
663 972 713 1017 et
742 966 864 1035 ὑπὲρ
898 969 1292 1034 Ἀριστοφάνους.
1368 970 1500 1017 Nam
1530 985 1629 1017 non
1661 970 1821 1017 solum

128 1045 178 1090 in
218 1043 394 1091 iisdem
432 1043 534 1091 fere
574 1043 821 1092 codicibus
860 1045 1106 1106 reperitur
1151 1045 1300 1106 atque
1339 1043 1432 1091 hae
1472 1044 1597 1091 duae
1637 1045 1819 1091 oratio-

127 1133 228 1171 nes,
269 1117 354 1165 sed
392 1117 541 1165 etiam
579 1118 630 1164 in
665 1117 999 1180 compluribus
1040 1118 1150 1166 aliis
1192 1119 1277 1180 qui
1318 1118 1512 1181 eclogas
1553 1118 1817 1166 continent.

131 1191 257 1238 Sunt
296 1193 462 1239 autem
499 1192 552 1239 hi
594 1193 685 1239 32:

243 1267 287 1312 1.
330 1264 647 1313 Chisianus
685 1265 902 1313 RVI43
939 1259 1033 1332 (=
1072 1259 1133 1332 O)
1174 1281 1297 1314 saec,
1330 1260 1529 1329 XIJXII
1559 1266 1643 1314 fol.
1673 1267 1819 1314 156&

126 1339 255 1386 Vide
293 1342 329 1386 t.
362 1339 388 1387 I
424 1357 470 1402 p.
508 1342 576 1388 10
594 1355 663 1405 sq.
743 1338 956 1387 Contuli.

240 1414 285 1460 2.
341 1413 714 1462 Monacensis
770 1430 848 1476 gr.
890 1415 1021 1474 483,
1076 1414 1191 1461 olim
1235 1413 1555 1477 Augustanus
1612 1407 1706 1479 (=
1746 1407 1819 1479 A)

125 1487 210 1534 fol.
232 1487 326 1534 78v
358 1502 480 1535 saec.
506 1487 792 1551 XIIIJXIV,
830 1486 943 1534 inde
976 1503 1006 1534 a
1036 1488 1156 1535 folio
1183 1487 1249 1535 82
1293 1503 1415 1535 saec.
1441 1487 1498 1533 X.
1568 1486 1694 1534 Vide
1726 1490 1760 1534 t.
1793 1487 1823 1534 I

127 1577 173 1622 p.
212 1562 277 1608 15
294 1577 365 1622 sq.
445 1559 659 1608 Contuli.

239 1635 284 1681 3.
324 1634 657 1682 Vaticanus
697 1634 1017 1682 Palatinus
1059 1651 1136 1698 gr.
1165 1635 1269 1682 282
1311 1627 1406 1701 (=
1439 1627 1501 1700 P)
1542 1649 1665 1682 saec.
1698 1634 1817 1682 XIV

125 1708 209 1754 fol.
246 1709 328 1756 59.
405 1707 533 1755 Vide
571 1710 606 1755 t.
639 1708 664 1755 I
702 1725 748 1770 p.
784 1709 853 1756 20
872 1723 940 1770 sq.
1022 1707 1233 1755 Contuli.

238 1784 285 1828 4.
341 1781 674 1830 Vaticanus
721 1798 800 1845 gr.
844 1783 910 1829 84
950 1797 1077 1830 anno
1121 1783 1261 1830 1425
1318 1784 1528 1844 scriptus
1574 1783 1658 1830 fol.
1696 1784 1816 1830 175

126 1854 252 1902 Vide
284 1857 320 1902 t.
344 1855 369 1901 I
407 1872 454 1916 p.
489 1857 593 1903 415
614 1871 684 1918 sq.

237 1930 281 1976 5.
322 1929 657 1977 Vaticanus
696 1946 774 1992 gr.
811 1931 912 1977 939
957 1945 1078 1977 saec.
1111 1930 1203 1976 XV
1241 1930 1325 1977 fol.
1363 1930 1480 1978 158.
1557 1926 1684 1978 Vide
1722 1932 1758 1978 t.
1791 1931 1815 1977 Ι

126 2018 172 2062 p.
200 2003 268 2050 44
283 2018 353 2064 sq.
396 2005 444 2050 et
478 2004 559 2051 69.

236 2077 280 2124 6.
353 2076 646 2125 Patmius
705 2079 807 2126 471
874 2092 995 2125 saec.
1043 2077 1160 2124 XIV
1223 2078 1306 2125 fol.
1351 2079 1432 2125 72.
1471 2120 1482 2131 ,
1518 2077 1643 2126 Vide
1703 2080 1739 2126 t.
1788 2079 1813 2125 I

121 2165 166 2211 p.
201 2152 266 2197 41
285 2166 354 2212 sq.
397 2154 445 2199 et
478 2152 560 2199 69.

74 2282 77 2285 ¹
237 2226 280 2271 7.
312 2224 756 2274 Laurentianus
781 2225 922 2272 LVII
943 2227 1010 2273 27
1030 2241 1156 2273 anno
1176 2226 1314 2273 1392
1335 2227 1562 2274 exaratus
1587 2226 1669 2273 fol.
1692 2226 1811 2274 287.

123 2296 250 2344 Vide
291 2300 325 2345 t.
358 2298 385 2345 I
421 2315 467 2360 p.
503 2300 571 2347 59
588 2314 656 2361 sq.
690 2302 740 2346 et
773 2300 856 2347 69.

234 2372 279 2419 8.
336 2371 936 2420 Wolfenbuttelanus
988 2389 1066 2436 gr.
1109 2375 1210 2421 511
1263 2387 1387 2422 saec.
1427 2373 1519 2420 XV
1575 2373 1661 2421 fol.
1704 2375 1805 2421 321

121 2444 397 2507 descriptus
438 2463 462 2492 e
501 2445 836 2494 Laurentiano
876 2446 1018 2494 LVII
1051 2449 1134 2494 27.
1210 2446 1337 2494 Vide
1375 2449 1410 2494 t.
1444 2447 1469 2494 I
1506 2464 1553 2509 p.
1589 2448 1656 2494 64
1671 2463 1742 2509 sq.

234 2521 279 2566 9.
335 2519 782 2568 Escurialensis
823 2520 1068 2569 T—H—-9
1111 2536 1234 2568 saec.
1274 2521 1393 2568 XVI
1439 2521 1712 2582 descriptus
1752 2537 1808 2569 ex

121 2591 335 2640 editione
375 2593 691 2642 Ferrarie‘nsi.
766 2593 894 2642 Vide
932 2597 967 2640 t.
1000 2594 1025 2640 I
1063 2611 1110 2656 p.
1146 2595 1229 2641 67.

234 2668 316 2714 10.
370 2666 628 2715 Urbinas
669 2683 748 2730 gr.
791 2667 894 2715 126
953 2662 1047 2733 (=
1079 2661 1148 2734 U)
1212 2683 1340 2715 anno
1399 2669 1538 2716 1316
1596 2670 1806 2730 scriptus

120 2738 203 2785 fol.
240 2741 358 2788 192.
419 2739 545 2787 Vide
585 2744 620 2788 t.
651 2740 678 2787 I
714 2757 762 2803 p.
798 2742 903 2790 216
922 2757 993 2802 sq
1073 2740 1283 2789 Contuli.

234 2816 316 2860 11.
355 2813 844 2861 Vindobonensis
874 2815 1016 2876 phil.
1049 2831 1127 2878 gr
1152 2814 1316 2862 XCIII
1348 2809 1440 2881 (τ-
1459 2809 1528 2881 V)
1561 2831 1684 2863 saec.
1710 2815 1806 2862 XII

120 2884 204 2931 fol.
240 2886 359 2933 287.
436 2886 562 2934 Vide
603 2890 638 2934 t.
670 2887 694 2934 I
731 2904 780 2950 p
815 2888 883 2938 35
901 2903 971 2950 sq
1050 2887 1262 2936 Contuli.

1479 2969 1539 3012 8²2:
