2060 3162
202 154 311 206 324
722 152 950 195 LIBANH
980 150 1203 196 ORATIO
1236 151 1383 195 XVffl

203 288 544 358 τεταγμένων
583 284 729 357 εἶχεν
767 287 853 340 ἀεί
888 306 1041 350 τινας
1081 286 1142 340 ἐν
1172 295 1287 350 τοῖς
1326 287 1649 357 ἀρχομένοις
1688 289 1886 355 δυσμε-

204 386 329 440 νεῖς.
406 375 510 444 ἐγὼ
567 376 628 429 δὲ
681 377 882 429 τούτου
936 377 1039 445 τὴν
1092 377 1274 429 αἰτίαν
1327 375 1388 429 ἐν
1441 385 1504 447 τῇ
1559 379 1742 446 μνήμῃ
1791 386 1914 446 τῆς

205 468 480 534 ὀδυνηρᾶς
525 464 646 535 ἐμοὶ
692 469 943 534 τελευτῆς
990 465 1200 534 φράσω.
1277 472 1384 519 νῦν
1430 465 1478 518 δ’
1510 464 1666 529 ἄξιον
1713 467 1887 519 εἰπεῖν

204 553 329 624 περὶ
382 564 494 607 τῶν
548 557 817 624 συνήθων
869 563 980 607 τῶν
1033 553 1248 607 ἐκείνου
1299 562 1583 623 τοσοῦτον,
1639 555 1722 608 ὅτι
1775 564 1887 608 τῶν
1924 598 1929 605 .

161 665 179 696 5
205 643 393 715 ἐκείνῳ
447 642 760 713 γενομένων
814 645 1081 712 συνήθων
1128 644 1185 696 οἷ
1226 639 1327 709 μὲν
1380 639 1520 711 ἦσάν
1572 663 1629 696 τε
1684 643 1888 712 ἀγαθοὶ

205 730 295 784 καὶ
335 731 587 800 ἐδόκουν,
627 733 680 798 οἱ
721 729 782 785 δὲ
821 731 1054 785 ἐδόκουν
1091 730 1210 800 μέν,
1249 727 1391 800 ἦσαν
1429 729 1491 784 δὲ
1529 732 1594 785 οὐ
1630 741 1888 786 τοιοῦτοι.

205 821 295 873 καὶ
333 823 463 883 τοὺς
500 818 602 890 μὲν
643 829 755 874 τῶν
793 821 1016 873 πάντων
1056 820 1224 873 οὐδὲν
1261 819 1543 889 μετέβαλε,
1590 823 1719 884 τοὺς
1758 821 1819 874 δὲ
1859 821 1918 879 ὁ,

205 911 401 980 χρόνος
441 909 738 978 διήλεγξεν.
814 910 938 962 201.
978 910 1051 972 ὡς
1090 910 1194 977 γὰρ
1228 907 1449 976 ἐλάβετο
1488 918 1583 979 τῆς
1613 911 1890 978 βασιλείας

206 1003 466 1068 καθαρῶς
518 996 611 1051 καὶ
655 999 848 1069 κύριος
895 997 1123 1066 κατέστη
1178 1007 1290 1050 τῶν
1342 1017 1400 1050 τε
1446 1004 1747 1067 θησαυρῶν
1800 999 1891 1051 καὶ

142 1109 183 1138 10
208 1095 317 1139 τῶν
364 1087 547 1140 ἄλλων
593 1087 693 1140 ὅσα
738 1088 836 1140 τὸν
881 1090 1126 1139 πλοῦτον
1170 1094 1315 1140 ποιεῖ
1359 1087 1459 1140 τὸν
1503 1085 1784 1155 βασιλέως,
1839 1088 1892 1139 οἱ

119 1188 268 1231 11590
316 1172 418 1245 μὲν
455 1176 655 1246 προῖκά
693 1195 750 1228 τε
789 1176 935 1247 αὐτῷ
970 1182 1218 1244 συνῆσαν
1251 1174 1258 1246 Ι
1292 1174 1383 1228 καὶ
1423 1175 1523 1228 οὐκ
1562 1174 1791 1228 ἐποίουν
1828 1177 1894 1227 τὰ

210 1265 391 1318 αὑτῶν
429 1267 589 1333 μείζω
636 1273 754 1328 ταῖς
807 1263 934 1334 παρ’
972 1262 1183 1318 ἐκεῖνον
1230 1265 1493 1334 εἰσόδοις,
1546 1262 1662 1316 ἀλλ’
1703 1264 1894 1316 ἱκανὸν

123 1385 125 1387 -
208 1346 447 1421 ἡγοῦντο
488 1352 682 1423 κέρδος
714 1356 900 1423 φιλεῖν
930 1372 989 1405 τε
1016 1351 1107 1406 καὶ
1139 1357 1428 1421 φιλεῖσθαι
1459 1351 1550 1405 καὶ
1581 1353 1681 1405 τὸν
1712 1352 1895 1405 αὑτῶν

210 1441 486 1510 ἐρώμενον
525 1442 663 1512 ὁρᾶν
702 1442 941 1512 ἄρχοντά
979 1461 1037 1494 τε
1075 1443 1176 1510 τὴν
1213 1442 1543 1510 τηλικαύτην
1593 1441 1767 1511 ἀρχὴν
1804 1438 1896 1493 καὶ

146 1552 186 1583 15
214 1533 319 1584 σὺν
358 1529 621 1601 ἐπιστήμῃ
659 1529 750 1583 καὶ
789 1531 1051 1593 πολλάκις
1097 1550 1158 1598 γε
1187 1531 1368 1599 αὐτοῦ
1407 1531 1726 1592 κελεύοντος
1765 1533 1896 1598 λαμ-

211 1619 404 1687 βάνειν
465 1618 555 1672 καὶ
616 1620 684 1687 νὴ
737 1621 852 1672 Δία
912 1639 974 1687 γε
1027 1620 1116 1672 καὶ
1172 1618 1436 1686 δεομένου
1499 1627 1619 1687 γῆν,
1680 1619 1897 1686 ἵππους,

215 1709 411 1776 οἰκίαν,
445 1707 731 1779 ἀργύριον,
763 1712 997 1777 χρυσίον
1024 1709 1286 1776 εὐπορεῖν
1317 1706 1568 1775 λέγοντες
1599 1706 1898 1776 διέφευγον

213 1798 307 1858 τὰς
347 1797 540 1859 δόσεις.
618 1797 741 1849 202.
781 1799 835 1850 οἱ
875 1797 1148 1865 βέλτιστοι
1186 1797 1288 1866 μὲν
1321 1797 1508 1859 οὕτως.
1578 1797 1632 1849 οῑ
1672 1793 1733 1849 δὲ
1772 1816 1899 1865 χρη-

214 1885 400 1950 μάτων
452 1887 619 1938 πάλαι
673 1886 773 1954 μὲν
824 1884 1251 1954 ἐπιθυμοῦντες,
1313 1885 1783 1954 προσποιούμενοι
1839 1884 1900 1937 δὲ

149 1994 191 2024 20
218 1982 604 2042 καταφρονεῖν,
650 1975 847 2043 καιρὸν
887 1971 947 2027 δὲ
986 1973 1348 2041 ἀναμένοντες
1394 1973 1630 2042 ἐχρῶντο
1671 1972 1900 2041 φανέντι

136 2052 144 2060 ’
217 2062 306 2113 καὶ
345 2059 518 2130 ᾔτουν
556 2062 646 2114 καὶ
684 2062 1058 2130 λαμβάνοντες
1094 2061 1268 2130 ᾔτουν
1306 2062 1474 2114 πάλιν
1513 2060 1602 2113 καὶ
1642 2063 1901 2128 λαβόντες

217 2150 318 2202 οὐκ
357 2151 573 2218 ἔληγον,
621 2148 740 2202 οὐδ’
771 2147 840 2217 ἦν
881 2150 909 2202 ὅ
950 2169 1000 2202 τι
1040 2151 1228 2212 αὐτοῖς
1274 2151 1396 2217 ἴστη
1444 2150 1545 2217 τὴν
1583 2149 1899 2216 ἀπληστίαν.

219 2238 247 2290 ὁ
304 2238 365 2290 δὲ
417 2240 794 2308 μεγαλοψυχίᾳ
847 2238 947 2306 μὲν
996 2240 1235 2307 προΐετο,
1291 2239 1558 2306 χρηστοὺς
1608 2234 1668 2289 δὲ
1719 2235 1893 2290 οὐκέτ’

219 2325 478 2392 ἐνόμιζεν.
556 2325 670 2378 ἀλλ’
702 2325 1044 2394 ἠπατημένος
1089 2326 1191 2394 μὲν
1235 2327 1413 2394 ἤλγει,
1466 2326 1562 2378 τὸν
1600 2327 1801 2395 χρόνον
1841 2323 1902 2377 δὲ

342 2491 363 2529 1
395 2486 503 2536 τοὺς
535 2487 643 2529 ani-‚e
667 2487 906 2542 δυσμενεῖς
924 2486 1017 2529 Ml
1042 2486 1123 2528 sed
1146 2485 1195 2528 in
1220 2485 1306 2528 hoe
1340 2485 1416 2528 del
1439 2485 1507 2528 m¹
1629 2490 1653 2528 6
1686 2485 1766 2528 καὶ
1797 2482 1901 2528 ἐδό-

220 2561 336 2589 κουν
384 2559 459 2588 om
489 2545 611 2587 Fabr
701 2543 917 2598 ἐδόκουν,
965 2543 1010 2587 οἱ
1041 2545 1091 2587 δὲ
1132 2559 1208 2588 om
1238 2544 1338 2587 Mor
1395 2547 1400 2599 Ι
1459 2545 1533 2602 οὐ]
1575 2540 1704 2588 οὗτοι
1742 2543 1843 2586 Mor

224 2608 277 2646 12
312 2603 462 2646 αὐτῶν
493 2605 540 2647 Ρ
567 2604 649 2647 sed
681 2604 730 2647 in
762 2603 914 2648 αὐτῶν
947 2617 1047 2646 corr
1070 2604 1153 2657 m⁸‚
1193 2603 1412 2647 MLaMo
1444 2603 1545 2647 Mor
1635 2609 1787 2646 αυτῶν
1821 2602 1865 2646 U
1893 2601 1899 2659 Ι

221 2660 508 2716 παρεκείνων
535 2663 608 2707 La
658 2665 664 2716 Ι
715 2662 894 2707 ἐκεῖνον
926 2675 981 2705 ex
1013 2660 1203 2707 ἐκείνων
1236 2677 1335 2706 corr
1359 2662 1415 2705 1²
1580 2666 1632 2704 13
1665 2661 1816 2704 αὑτῶν
1849 2674 1906 2704 ex

224 2722 375 2764 αὐτῶν
423 2735 522 2764 corr
560 2724 595 2765 Ι
601 2721 699 2766 ²P³
789 2722 940 2765 αὐτῶν
983 2721 1231 2766 VLaBMo
1269 2721 1371 2765 Mor
1410 2720 1530 2764 Fabr
1612 2719 1754 2763 αὐτὸν
1788 2719 1850 2761 Μ

228 2785 281 2822 14
325 2779 437 2834 ἐρᾶν
468 2780 569 2824 Mor
591 2780 728 2835 Fabr,
760 2780 884 2835 quod
917 2794 1018 2823 corr
1048 2780 1115 2823 Re
1296 2784 1350 2823 15
1391 2780 1469 2823 καὶ
1500 2780 1608 2822 ante
1639 2777 1906 2828 κελεύοντος

227 2852 327 2880 eras
360 2824 435 2882 La
564 2844 615 2882 17
650 2838 875 2896 διέφυγον
898 2838 967 2881 Re
1037 2839 1379 2896 διαφεύγοντας
1409 2838 1511 2881 Mor
1631 2841 1684 2879 18
1716 2836 1799 2888 τὰς
1829 2851 1905 2880 om

227 2897 328 2940 Mor
449 2902 501 2940 19
534 2898 897 2954 προποιούμενοι
930 2898 1005 2941 La
1125 2903 1178 2940 22
1215 2896 1282 2941 ὄτι
1311 2898 1551 2941 BMoMP
1667 2900 1722 2938 23
1755 2893 1802 2938 δ’
1831 2896 1905 2939 La

229 2957 293 2998 Re
416 2961 471 2999 24
504 2955 678 3012 ἐνόμιζε
712 2957 785 3000 La
813 2958 819 3012 Ι
847 2954 895 2999 δ’
924 2956 990 2999 Re
