2060 3162
695 129 923 174 LIBANII
953 128 1177 174 ORATIO
1210 129 1338 173 XVII
1747 128 1850 181 187
1899 180 1901 183 .

277 272 410 320 100*
448 268 569 335 ἔχων
608 287 680 328 τις
718 272 930 334 γυναῖκα
968 267 1051 318 καὶ
1090 266 1160 318 ὢν
1198 268 1296 319 ὑπὸ
1335 267 1481 334 πατρὶ

279 345 411 394 108v
447 342 755 433 φιλαργύρου
786 346 903 401 παῖς
934 341 1220 409 ἀριστεύσας
1251 339 1431 411 ᾔτησεν
1454 342 1523 402 εἰς
1546 342 1638 407 τὴν
1663 342 1852 408 δωρεὰν

279 420 380 466 117
443 415 595 480 νόμος
646 414 733 465 τὸν
785 416 1014 483 θορύβου
1067 415 1150 466 καὶ
1203 417 1412 477 στάσεως
1466 417 1565 466 des.
1604 417 1689 466 fol
1730 419 1851 478 126,

163 493 304 541 cuius
342 492 534 554 reliqua
571 506 688 553 pars
726 506 885 539 vacua
925 494 1010 539 est
1880 495 1887 524 '²

277 568 379 614 127
428 564 654 629 λιβανίου
693 571 933 627 σοφιστοῦ
980 564 1285 631 κοιαίστορος
1327 564 1597 629 ἐπιστολαί,
1645 580 1854 627 quarum

161 641 323 704 prima
355 632 434 706 (α)
468 636 802 705 ἀρισταινέτω
844 636 1106 702 ἐπανήκων
1129 635 1249 703 ἡμῖν
1282 632 1376 705 (=
1403 656 1476 701 ep.
1497 632 1644 706 334),
1675 640 1852 687 ultima

159 708 240 782 (ρ)
278 711 539 762 ἀνατολίω·
581 706 661 762 οὒκ
699 711 980 776 τετόλμηται
1020 706 1115 780 (=
1148 729 1222 775 ep.
1250 706 1381 779 551)
1423 715 1510 761 est.

276 788 377 836 186
434 793 522 835 τοῦ
575 784 729 835 αὐτοῦ
774 784 1031 849 ἐπιτάφιος
1085 785 1155 846 εἰς
1207 785 1293 836 τὸν
1346 784 1546 850 βασιλέα
1601 785 1852 836 ἰουλιανόν

158 862 259 910 des.
292 862 375 910 fol.
411 862 533 922 239,
573 862 711 908 cuius
748 861 933 925 pagina
973 876 1147 910 aversa
1184 876 1342 909 vacua
1380 864 1466 910 est.

273 937 381 983 240
435 941 538 983 τοῦ
577 932 761 983 αὐτοῦ
809 934 1072 997 μονωδία
1110 933 1194 992 εἰς
1232 933 1332 983 τὸν
1379 933 1559 984 αὐτὸν
1609 931 1851 998 βασιλέα

160 1008 489 1059 ἰουλιανόν.
566 1008 763 1056 Desinit
800 1009 921 1056 folio
955 1010 1060 1057 245
1108 1009 1313 1057 vocibus
1362 1006 1455 1056 οὐκ
1493 1006 1654 1074 ὅρνινε
1704 1006 1850 1066 τέλος.

275 1082 437 1132 Codex
467 1098 578 1131 cum
610 1082 774 1131 codice
804 1082 969 1131 Athoo
1000 1082 1177 1130 Iberon
1207 1084 1308 1131 193
1338 1076 1472 1149 (121)
1504 1098 1705 1144 prorsus
1739 1098 1852 1131 con-

165 1159 332 1218 sentit,
370 1157 469 1205 nisi
507 1157 639 1219 quod
676 1157 730 1204 in
766 1156 859 1204 hoc
896 1155 1127 1205 monodia
1166 1156 1314 1205 deest.

275 1230 503 1279 Oodicem
543 1246 668 1279 anno
706 1231 847 1279 1870
887 1230 1188 1291 examinavi3
1228 1231 1571 1294 apographum
1610 1230 1849 1293 epistulae

154 1324 222 1369 κη
261 1299 357 1372 (=
386 1299 552 1371 1427)
592 1304 743 1353 debeo
782 1304 1000 1352 Aemidii
1038 1305 1263 1352 Martinii
1301 1306 1564 1353 amicitiae.

272 1380 355 1427 38.
411 1378 857 1427 Escurialensis
887 1379 1098 1426 Σ-Ι-
1114 1381 1181 1426 14
1214 1372 1310 1444 (70
1349 1380 1403 1426 111
1434 1379 1662 1441 catalogo
1693 1379 1804 1425 Mss-
1853 1388 1937 1426 101

158 1447 276 1537 ieri)
325 1454 611 1501 chartaceus
658 1454 711 1500 111
749 1452 868 1500 folio
908 1453 1104 1500 saeculo
1142 1452 1234 1499 XV
1273 1468 1303 1500 a
1333 1453 1573 1500 Michaele
1610 1452 1849 1514 Apostole

158 1528 212 1575 in
250 1528 414 1575 insula
454 1525 602 1575 Creta
640 1529 867 1574 exaratus
907 1527 1129 1574 continet

270 1602 354 1649 fol.
392 1604 417 1648 1
462 1599 687 1664 λιβανίου
730 1605 969 1661 σοφιστοῦ
999 1595 1090 1647 καὶ
1121 1599 1441 1664 κοιαίστορος,
1485 1596 1695 1663 μελέταις
1735 1616 1849 1665 πρε-

157 1672 413 1738 σβευτικὸς
441 1673 565 1739 πρὸς
596 1671 710 1731 τοὺς
740 1680 898 1739 τρῶας
926 1670 1049 1738 ὑπὲρ
1081 1680 1168 1737 τῆς
1198 1670 1385 1736 ἕλένηςε
1425 1693 1483 1712 ω
1507 1671 1759 1737 μενέλαοςε
1792 1694 1849 1712 ω

273 1750 330 1795 4“7
390 1745 733 1811 πρεσβευτικὸς
785 1746 909 1812 πρὸς
961 1745 1078 1805 τοὺς
1129 1753 1286 1812 τρῶας
1346 1744 1469 1813 ὑπὲρ
1523 1754 1611 1811 τῆς
1665 1745 1848 1810 ἓλένης,

157 1818 419 1879 ὀδυσσεύςε

275 1897 340 1943 15
403 1892 677 1960 ἀριστείδου
714 1892 1057 1958 πρεσβευτικὸς
1094 1892 1218 1960 πρὸς
1255 1891 1418 1959 ἀχιλέα

275 1971 367 2017 20v
414 1967 662 2032 Λιβανίου
704 1961 836 2034 (add.
869 1985 1020 2015 manu
1056 1967 1343 2030 recentiore,
1380 1969 1578 2018 Nicolai
1617 1969 1850 2016 Tun-iani

155 2043 411 2105 scriptoris
459 2042 622 2106 graeci
668 2042 995 2090 bibliothecae
1033 2042 1413 2103 Escurialensis,
1462 2045 1520 2090 ut
1564 2044 1726 2091 visum
1775 2046 1849 2090 est

158 2116 334 2164 Garolo
368 2115 548 2177 Graux,
587 2116 672 2178 qui
702 2132 812 2164 mea
844 2131 992 2164 causa
1024 2117 1240 2164 codicem
1273 2133 1400 2165 anno
1430 2117 1570 2165 1876
1607 2110 1845 2182 inspexit)

155 2189 282 2256 πρὸς
319 2189 404 2239 τὸν
437 2186 682 2247 ὀδυσσέως
721 2187 773 2238 έν
804 2192 956 2248 λιταῖς
986 2189 1335 2255 πρεσβευτικὸν
1366 2187 1617 2255 ἀντιλογία
1648 2187 1847 2255 ἀχιλέως

272 2265 365 2311 32
417 2263 644 2328 πρεσβεία
683 2262 958 2329 πατρόκλου
995 2262 1120 2329 πρὸς
1165 2261 1356 2328 ἀχιλλέα
1402 2261 1658 2323 ἀξιοῦντος
1696 2262 1865 2318 αὐτὸν,

153 2335 372 2396 ἐξελθεῖν
410 2336 479 2395 εἰς
517 2336 602 2386 τὸν
640 2336 854 2400 πόλεμον

271 2413 338 2458 42
381 2409 618 2468 δύσκολος
656 2410 802 2458 λάλον
840 2409 1000 2475 γήμας
1039 2415 1251 2476 γυναῖκα
1290 2409 1466 2461 ἑαυτὸν
1503 2409 1846 2477 προσαγγέλλει

269 2485 336 2532 48
386 2482 503 2547 μετὰ
542 2482 633 2547 τὴν
671 2484 835 2549 τροίας
880 2483 1062 2533 ἅλωσιν
1107 2482 1190 2532 καὶ
1235 2482 1575 2550 ἀγαμέμνονος
1619 2484 1845 2548 τελευτὴν

153 2554 355 2622 ὀρέστης
393 2555 670 2616 ἀπεκτονὼς
708 2556 799 2619 τὴν
838 2555 1018 2622 μητέρα
1057 2558 1271 2623 κρίνεται
1310 2557 1474 2620 φόνου

270 2633 336 2679 56
378 2628 576 2680 ὃιέσωσέ
613 2649 685 2689 τις
719 2629 1009 2696 ἐμπρησμοῦ
1039 2629 1307 2696 γενομένου
1338 2631 1423 2682 τὸν
1454 2630 1630 2680 ἑαυτοῦ
1660 2629 1843 2696 πατέρα

269 2707 335 2752 67
377 2703 499 2769 ε’χων
536 2722 607 2762 τις
644 2707 856 2769 γυναῖκα
893 2701 975 2752 καὶ
1015 2701 1085 2753 ὢν
1122 2703 1221 2755 ὑπὸ
1259 2703 1405 2770 πατρὶ
1433 2703 1757 2795 ἀπεδήμησεν

271 2780 337 2825 72
380 2777 686 2843 φιλαργύρου
724 2781 841 2836 παῖς
871 2784 957 2826 τοῦ
995 2777 1176 2844 πατρὸς
1215 2777 1346 2827 αὐτῶ
1385 2778 1658 2842 κάμνοντος

272 2852 336 2898 78
378 2851 642 2919 μονωὸία
680 2848 774 2899 ἐπὶ
814 2849 1096 2900 ἰουλιανῶ
1137 2850 1528 2917 αὐτοκράτορι

270 2925 365 2971 8117
403 2923 622 2993 μονῳδία
661 2921 739 2972 ἐπὶ
776 2923 1065 2987 νικομηὸεία
