2060 3162
0 2521 10 2654 -w’u--r-
0 2410 7 2506 *nv-vr-
0 2378 4 2394 ν

664 115 892 160 LIBANH
925 114 1148 160 ORATIO
1180 114 1286 159 XXI
1706 114 1814 166 447

246 257 330 306 fol.
359 258 424 305 73
480 255 706 320 λιβανίον
754 254 1022 318 ἐπιστολαί,
1076 271 1288 317 quarum
1337 256 1498 318 prima
1545 248 1646 320 (α’)
1697 251 1817 302 ἀνα-

134 331 298 400 τολίῳ·
354 324 435 379 οἷα
479 329 760 393 τετόλμηται
801 323 895 396 (=
928 346 1001 391 ep.
1029 322 1175 395 551),
1226 330 1406 377 ultima
1446 322 1563 395 (πη)
1610 331 1686 376 3313
1723 322 1819 394 ἆρα

137 403 377 469 μέμνησαι
408 398 504 470 (=
529 420 601 466 ep.
624 397 804 470 1086),
841 404 915 451 ita
944 406 1113 451 tamen
1143 405 1201 450 ut
1230 403 1362 450 inter
1390 403 1542 451 verba
1574 403 1817 464 epistulae

136 476 211 538 οζ’
259 473 352 545 (=
385 494 457 540 ep.
493 472 622 543 548)
669 475 723 526 ἐν
770 476 875 526 ἰλίω
922 477 1100 539 quibus
1146 477 1323 526 folium
1370 477 1466 524 82v
1511 477 1715 538 desinit,
1770 479 1820 524 et

140 568 347 615 sequens
387 555 621 617 λαμπρῶν
652 552 940 600 interiectae
979 552 1080 600 sint
1108 553 1162 598 in
1192 551 1313 599 folio
1347 551 1414 599 83
1455 557 1542 599 τοῦ
1573 549 1819 615 χαρτοφύ-

135 631 281 686 λακος
312 625 605 691 βουλγαρίας
638 624 853 674 ἰωάννου
877 631 963 673 τοῦ
994 624 1286 687 πεδιασίμου
1312 625 1554 686 epistulae
1583 626 1815 686 quinque.

251 701 335 748 fol.
364 701 430 748 85
472 699 701 748 συνεσίου
740 698 1008 748 ἐπισκόπου
1047 698 1270 763 κυρήνησ
1309 696 1568 762 ἐπιστολαί,
1608 715 1820 760 quarum

135 777 298 837 prima
335 772 603 842 νικάνὸρῳ·
644 773 827 821 παῖδασ
864 770 957 838 ἐγὼ
999 766 1092 840 (=
1126 789 1200 835 ep.
1229 765 1302 839 1),
1340 772 1487 836 ὕμνοι
1500 767 1559 839 l),
1599 771 1734 837 λόγοι

246 849 330 896 fol.
368 849 470 895 144
525 847 801 911 λιβανίου
856 853 1145 909 σοφιστοῦ
1207 846 1290 904 εἰς
1343 845 1659 911 καισάριον
1714 845 1820 909 μά-

137 935 377 987 γιστρον

253 998 383 1044 145
442 994 565 1060 πρὸς
625 956 879 1060 ἐλλέβιχον.
962 995 1159 1042 Desinit
1210 996 1263 1041 in
1316 994 1426 1042 folii
1475 995 1606 1042 146
1657 994 1823 1042 media

135 1070 267 1118 linea
296 1073 358 1117 11
392 1069 553 1118 verbis
585 1076 747 1127 κακῶς
777 1072 936 1118 ποιεῖν
967 1066 1204 1134 ἠνέγκατο
1238 1062 1307 1135 (Ρ.
1334 1070 1456 1129 479,
1476 1063 1546 1135 3).
1609 1069 1821 1130 Reliqua

136 1160 252 1207 pars
290 1144 401 1192 folii
439 1159 596 1192 vacua
633 1144 808 1191 relicta
849 1146 935 1191 est.

247 1217 367 1265 Inde
407 1233 436 1264 a
475 1218 594 1266 folio
638 1219 740 1265 147
782 1220 1057 1280 sequuntur
1094 1218 1234 1264 varia
1273 1216 1546 1276 Aeschinis,
1586 1216 1820 1265 Isocratis

139 1285 318 1358 (208),
367 1291 583 1339 Socratis
623 1294 772 1353 atque
813 1291 1199 1352 Socraticorum,
1246 1290 1471 1355 Gregorii
1517 1291 1820 1338 Nazianzeni

140 1359 312 1432 (225),
366 1365 597 1427 Dionysii
649 1365 990 1414 Halicarnasei
1050 1365 1286 1426 opuscula
1339 1364 1584 1412 rhetorica
1646 1358 1821 1429 (226),

138 1439 429 1487 Philostrati
459 1439 560 1502 βίοι
590 1446 837 1500 σοφιστῶν
862 1433 1342 1505 (265),Ο31113131·3131
1364 1436 1622 1502 ἐκφράσεις
1647 1431 1820 1504 (284),

139 1513 374 1561 Aristidis
422 1514 668 1560 orationes
717 1507 896 1578 (285),
947 1513 1006 1560 de
1058 1513 1235 1574 quibus
1286 1514 1509 1560 conferas
1547 1512 1821 1560 Usenerum

139 1603 249 1635 ann.
282 1586 453 1650 philol.
484 1589 602 1646 107,
625 1587 726 1635 146
743 1602 814 1648 sq.
855 1589 904 1634 et
941 1587 1144 1649 Dionys.
1169 1585 1283 1634 Hal.
1309 1601 1470 1649 opusc.
1496 1586 1521 1633 I
1552 1603 1597 1648 p.
1623 1585 1707 1633 XI.

250 1660 450 1709 Contuli
489 1676 617 1708 anno
654 1661 807 1709 1870.

250 1733 411 1782 Codex
458 1734 507 1781 in
546 1733 754 1782 Libanio
799 1750 1105 1782 communem
1138 1739 1262 1782 ‘cum
1299 1733 1632 1782 Laurentiano
1672 1732 1760 1780 LV
1787 1734 1817 1780 6

140 1801 267 1874 (La)
319 1808 494 1855 habuit
545 1808 731 1856 fontem
782 1809 884 1856 iam
932 1808 1076 1855 valde
1130 1808 1406 1869 foedatum,
1469 1824 1614 1869 quem
1668 1809 1820 1856 etiam

139 1884 298 1945 magis
331 1897 479 1944 quam
517 1882 597 1929 hic
629 1882 769 1930 novis
810 1883 1019 1943 aspersit
1057 1883 1279 1942 maculis,
1318 1883 1371 1930 in
1408 1881 1613 1943 reliquis
1651 1897 1820 1929 mana-

140 1957 215 2003 vit
255 1972 279 2002 e
319 1955 652 2004 Laurentiano
692 1955 804 2003 LIX
831 1949 968 2022 152).

250 2029 323 2076 Ex
372 2030 450 2077 his
501 2030 665 2078 decem
715 2030 1017 2078 adhibendos
1074 2045 1176 2078 esse
1228 2031 1395 2078 censui
1453 2029 1643 2078 codices
1690 2027 1827 2076 OAP

138 2103 371 2151 IMoBM
387 2103 510 2151 VLa
523 2103 610 2164 Va,
660 2105 747 2166 qui
785 2105 838 2151 in
877 2103 999 2152 duas
1046 2103 1301 2152 discedunt
1346 2103 1563 2151 familias
1610 2119 1823 2165 quarum

137 2177 274 2240 prior
305 2177 552 2226 codicibus
580 2176 962 2238 CAPIMoBM,
1002 2178 1159 2226 altera
1191 2177 1438 2226 codicibus
1469 2177 1592 2226 VLa
1603 2178 1676 2225 Va
1709 2192 1821 2224 con-

139 2251 340 2300 tinetur.
409 2250 482 2299 Ac
507 2251 778 2300 communis
803 2251 1003 2314 quidem
1025 2252 1135 2300 fons
1159 2251 1410 2300 codicibus
1433 2251 1521 2312 PI,
1554 2251 1823 2312 exemplari

143 2325 271 2372 unde
302 2327 631 2373 manaverunt
654 2326 704 2373 B
736 2328 785 2373 et
808 2326 884 2387 M,
923 2326 1132 2388 denique
1157 2325 1314 2374 codici
1344 2325 1488 2372 valde
1519 2324 1820 2386 interpolato

138 2398 269 2446 unde
316 2402 544 2447 exaratus
592 2402 666 2447 est
714 2401 803 2447 Mo
855 2403 905 2448 et
950 2402 1195 2448 correctus
1244 2414 1398 2446 manu
1442 2400 1628 2446 recenti
1661 2391 1731 2464 (s)
1768 2397 1819 2446 Ο.

142 2472 408 2534 Exemplar
438 2472 566 2520 unde
596 2473 679 2521 La
711 2476 760 2521 ct
786 2474 860 2522 Va
898 2473 1088 2522 codices
1127 2473 1213 2536 qui
1245 2472 1440 2535 Synesii
1479 2487 1629 2533 opera
1667 2471 1822 2520 conti-

139 2548 259 2593 nent
288 2545 547 2606 fluxerunt,
579 2547 818 2596 secundae
849 2548 1068 2595 familiae
1099 2547 1197 2595 fuit
1206 2541 1248 2613 ⁸)
1282 2549 1331 2594 et
1363 2561 1660 2608 quamquam
1684 2546 1823 2594 vitiis

262 2688 302 2742 1)
336 2685 518 2741 Synesii
550 2686 776 2742 epistulis.
786 2686 1063 2743 hymnisque
1094 2688 1143 2731 in
1167 2687 1279 2731 folio
1305 2691 1385 2730 87
1409 2685 1612 2743 epistula
1635 2685 1821 2741 Lysidis

142 2745 203 2788 ad
233 2744 554 2802 Hipparchum
586 2746 659 2801 (=
685 2749 710 2788 3
736 2745 807 2789 ed.
832 2745 1054 2804 Hercher)
1084 2746 1331 2790 interiecta
1362 2747 1444 2789 est.

259 2807 304 2860 2)
337 2803 403 2847 Cf.
429 2803 684 2847 Usenerum
716 2803 850 2848 Dion.
875 2804 980 2849 Hal.
1007 2819 1163 2862 opusc.
1187 2804 1265 2849 1.1.

260 2865 303 2918 3)
334 2861 566 2906 Praebent
580 2864 634 2906 ut
651 2861 858 2907 Ῡέθέλοι
875 2865 984 2919 (11011
1000 2862 1149 2920 θέλοι)
1172 2879 1216 2920 p.
1229 2867 1412 2919 458,12,
1437 2833 1679 2921 ἐβούλοντο
1710 2863 1821 2919 (11011

142 2920 414 2978 ἠβούλοντο)
445 2937 489 2978 p.
515 2926 704 2976 459,12.
