2060 3162
206 122 317 175 424
761 121 990 165 LIBANII
1021 120 1243 165 ORATIO
1275 121 1360 165 XX

319 257 367 310 6.
417 261 545 320 Πῶς
585 253 688 310 οὗν
728 253 909 321 οὗτος;
949 257 1198 310 παιδεύει
1236 257 1337 323 μὲν
1374 260 1605 327 τιμωρίᾳ
1644 258 1751 310 τινὶ
1790 259 1894 327 τὴν

209 352 359 399 ἰάσιν
398 344 597 416 ἐχούσῃ
639 344 917 415 δυναμένῃ
957 345 1018 397 τὸ
1050 345 1403 414 πεπαυμένον
1440 354 1505 416 τῇ
1546 347 1689 416 λύπη
1725 347 1892 400 πάλιν

209 434 510 503 ἐλεύθερον
562 443 675 487 τῶν
735 434 1064 486 λυπούντων
1116 442 1340 502 ποιῆσαι
1399 433 1504 487 καὶ
1567 437 1645 503 μὴ
1707 434 1891 504 ἁμιλ-

209 523 475 576 λάσθων
531 524 742 591 ἵπποι,
805 522 955 591 μηδ’
994 524 1086 585 εἰς
1139 521 1423 592 θέατρον
1485 529 1592 576 ἴτω
1654 525 1808 592 μήτε
1862 523 1891 578 ὁ

165 610 460 682 ετέρπων
497 613 651 680 μήτε
697 611 726 664 ὁ
766 613 1157 682 τερπόμενος
1203 612 1307 664 καὶ
1353 620 1584 681 μικρᾶς
1625 611 1889 682 ὀνόματι

207 702 454 762 πόλεως
508 702 540 769 ἡ
588 700 828 768 μεγάλη
884 702 1220 768 κεκλήσθω
1274 699 1379 753 καὶ
1425 708 1533 769 τῆς
1584 699 1648 753 ἐκ
1699 705 1890 768 βαλα-

208 791 403 842 νείων
457 788 794 859 ἀπεχέσθω
849 797 1123 859 τρυφῆς,
1179 785 1259 843 ὧν
1305 787 1472 843 οὐδὲν
1522 791 1752 858 ἄλυπον,
1805 788 1891 843 ἐπὶ

213 878 275 931 δὲ
312 878 414 946 τὴν
453 876 617 931 ἐνίων
654 880 840 948 κρίσιν
876 877 1074 947 πέμπει
1109 875 1210 947 μὲν
1242 872 1324 941 οἷς
1354 877 1580 950 συνῄδει
1613 880 1892 932 δικαιοσύ-

169 987 189 1019 9
214 987 336 1035 νην,
377 965 600 1035 ἐλέγχου
642 967 703 1020 δὲ
733 970 964 1036 ποιήσας
995 969 1225 1037 κυρίους
1257 967 1402 1034 ὅμως
1433 967 1578 1039 αὑτῷ
1604 969 1664 1020 τὸ
1698 969 1894 1021 λοιπὸν

118 1067 266 1111 R656
307 1053 594 1124 ἐφύλαξεν,
629 1057 635 1124 Ι
671 1055 817 1118 ὅπως
857 1055 1063 1108 ὁπόσον
1103 1055 1325 1124 ἀφήσει,
1370 1055 1572 1108 ἅπασιν
1613 1060 1692 1123 εἴη
1733 1075 1892 1108 κατα-

209 1143 393 1214 φανές.
474 1144 520 1196 7.
574 1143 665 1196 καὶ
712 1145 764 1197 οἱ
814 1141 916 1211 μὲν
966 1144 1303 1214 ἀποροῦντες
1356 1144 1635 1214 ἀρνήσεως
1685 1146 1891 1197 ἔκειντο

208 1231 270 1285 ἐν
316 1239 391 1305 τῷ
441 1234 691 1301 οἰκήματι
745 1234 834 1286 καὶ
884 1241 1138 1302 παρῆσαν
1189 1234 1238 1285 οἱ
1287 1235 1500 1286 τούτων
1555 1235 1745 1286 οἰκεῖοι
1801 1234 1894 1286 διὰ

207 1330 319 1374 τῶν
365 1321 470 1390 πρὸ
517 1329 618 1373 τοῦ
665 1321 915 1373 θανάτου
964 1322 1284 1390 φιλημάτων
1337 1322 1438 1389 τὴν
1491 1319 1600 1387 μετ’
1634 1321 1895 1392 ὀδυρμῶν

208 1412 553 1479 χαριζόμενοι
585 1410 759 1479 χάριν.
831 1409 1028 1478 ἔπειθ’,
1069 1410 1200 1479 ὅπερ
1232 1411 1386 1478 ἥλιος
1417 1408 1692 1478 ἐργάζεται
1723 1419 1895 1463 νικῶν

143 1520 185 1552 15
209 1498 387 1551 ἀκτῖσι
428 1497 594 1567 νέφη,
644 1507 761 1566 φῶς
806 1495 938 1567 ἧκεν
984 1497 1274 1567 ἐπιστολῆς
1313 1497 1623 1550 ἀπελαῦνον
1669 1499 1729 1551 τὸ
1770 1501 1894 1552 σκό-

209 1607 326 1655 τος,
380 1585 470 1639 καὶ
516 1594 627 1639 πᾶν
672 1583 774 1655 μὲν
821 1588 1061 1655 στυγνὸν
1106 1585 1507 1656 ἐξεκεχωρήκει,
1560 1595 1670 1639 πᾶν
1717 1587 1778 1640 δὲ
1817 1576 1928 1650 εἰςι

211 1676 569 1746 εὐφροσύνην
608 1676 747 1743 ἄγον
779 1677 1125 1744 εἰσεληλύθει
1164 1674 1254 1728 καὶ
1286 1677 1664 1746 προσηγορίαν
1701 1695 1758 1727 τε
1792 1677 1895 1744 τὴν

209 1765 344 1833 πρὶν
383 1760 550 1826 αὖθις
590 1769 807 1834 εἴχομεν
845 1763 936 1818 καὶ
974 1765 1268 1831 θεαμάτων
1306 1765 1422 1832 εἴδη
1462 1763 1551 1816 καὶ
1586 1765 1894 1818 λούσασθαι

212 1853 279 1919 δὴ
319 1851 409 1905 καὶ
448 1853 549 1921 τὴν
585 1852 752 1921 αὑτῆς
790 1861 895 1922 γῆν
934 1854 966 1922 ἡ
1006 1855 1165 1915 πόλις
1203 1852 1294 1906 καὶ
1332 1854 1433 1921 τὴν
1472 1853 1641 1905 αὑτοῦ
1681 1855 1895 1922 τροφὴν

144 1962 189 1995 20
214 1940 243 1994 ὁ
289 1940 468 2008 πένης.
547 1941 593 1993 8.
649 1940 677 1994 ὁ
724 1942 826 2010 μὲν
872 1943 975 2010 γὰρ
1027 1941 1340 2010 Ἀσκληπιὸς
1394 1940 1481 1994 ἑνί
1522 1960 1632 1993 τινι
1683 1941 1895 2010 λέγεται

334 2062 356 2100 1
390 2057 452 2099 Io.
474 2055 631 2112 Chrys.
649 2057 771 2102 hom.
788 2057 847 2100 ad.
871 2071 977 2114 pop.
1004 2057 1109 2100 Ant.
1130 2056 1257 2101 XVII
1272 2072 1315 2113 p.
1330 2062 1413 2100 175
1430 2057 1467 2099 Ε
1588 2061 1612 2099 5
1646 2056 1709 2100 Io.
1736 2056 1891 2112 Chrys.

209 2114 287 2159 1.1.
321 2131 364 2171 p.
387 2115 604 2170 175Dsq.
639 2115 863 2159 Theodor.
889 2116 997 2159 hist.
1017 2115 1125 2160 eccl.
1145 2116 1187 2159 V
1206 2120 1258 2158 19
1381 2121 1406 2158 8
1441 2114 1707 2159 Caesarium
1739 2117 1786 2159 et
1816 2115 1894 2158 El—

209 2173 445 2218 lebichum
566 2179 621 2218 20
655 2174 711 2218 cf.
744 2190 787 2231 p.
810 2179 879 2229 77,
898 2180 951 2218 21

331 2289 386 2327 20
418 2282 488 2329 ἑνί
519 2286 631 2343 τινι]
651 2283 905 2344 Ἱππολύτῳ
929 2285 1001 2328 P²

332 2401 356 2438 2
384 2394 651 2452 δυναμένην
668 2395 842 2441 PURe
870 2398 875 2452 Ι
902 2394 1184 2451 τετρωμένον
1204 2397 1303 2439 Vet
1320 2395 1424 2438 coni
1441 2395 1508 2439 Re
1525 2396 1665 2439 Anim
1717 2411 1893 2451 πεπαρ-

212 2452 351 2510 μένον
367 2454 436 2497 Re
467 2454 664 2498 fortasse
689 2456 815 2498 recte
845 2454 1027 2511 (cf.11.s
1052 2456 1156 2509 399)
1190 2454 1270 2497 sed
1303 2454 1358 2497 of.
1385 2469 1429 2510 p.
1448 2459 1548 2510 441,
1567 2459 1622 2498 20
1744 2459 1769 2498 3
1801 2461 1893 2498 τῶν

211 2513 480 2558 λυπούντων
506 2528 580 2557 0111
605 2515 679 2558 Ρα
798 2517 826 2556 4
849 2510 958 2570 μηδ’
989 2513 1152 2569 scripsi
1178 2527 1282 2556 eum
1305 2512 1483 2557 Sinteni
1544 2511 1647 2570 μήτ’
1669 2513 1778 2557 libri
1802 2513 1893 2557 edd

274 2576 295 2614 7
323 2571 584 2630 ἀπέχεσθαι
608 2574 681 2616 Ρα
708 2574 714 2629 Ι
742 2572 910 2616 ἄλυτον
933 2573 968 2614 Ι
992 2572 1073 2615 sed
1096 2588 1121 2615 τ
1152 2572 1201 2614 in
1223 2586 1298 2615 ras
1323 2572 1405 2627 111²,
1430 2575 1504 2617 Pa
1625 2577 1648 2616 9
1683 2570 1803 2628 ὅμως
1824 2572 1892 2614 Re

273 2645 346 2673 om
380 2632 423 2674 V
488 2631 549 2682 ὡς
578 2631 746 2686 reliqui
778 2630 887 2675 libri
919 2631 1020 2674 Mor
1047 2631 1051 2689 Ι
1081 2631 1204 2689 αὐτῷ
1228 2632 1473 2676 APTUM
1500 2632 1601 2674 Mor
1662 2630 1774 2674 αὐτὸ
1807 2631 1842 2673 Ι

216 2694 270 2733 10
304 2687 480 2745 ὁπόσην
508 2691 551 2734 V
587 2692 591 2746 Ι
627 2689 826 2746 ἀφήσειν
850 2692 924 2734 Pa
984 2687 1182 2746 ἀφίησιν
1215 2691 1318 2733 coni
1345 2691 1412 2733 Re
1474 2705 1584 2734 num
1615 2691 1832 2746 ἀφῆκενὶ)

217 2752 271 2791 14
305 2747 545 2804 ἐργάζηται
570 2750 615 2793 Β
638 2751 650 2821 Ι
676 2756 819 2794 νικῶν
843 2749 995 2792 ἀκτῖσι
1017 2748 1136 2805 νέφη
1162 2763 1237 2792 0111
1264 2750 1305 2792 T
1421 2753 1473 2791 16
1508 2747 1827 2806 ἐξεκεχωρήκει
1851 2748 1897 2790 Ρ

215 2807 296 2850 sed
330 2823 349 2851 ε
382 2809 442 2863 (2)
474 2807 543 2849 1112
571 2808 576 2865 Ι
605 2811 634 2852 ὃ
678 2808 746 2850 Re
892 2812 944 2851 18
979 2809 1163 2862 „malim
1194 2811 1421 2851 λοῦσθαι“
1454 2808 1521 2851 Re
1665 2811 1717 2850 19
1751 2807 1894 2862 αὐτῆς

214 2867 397 2910 ΙΤΒΜ
420 2867 425 2922 Ι
454 2871 539 2921 γῆν
571 2867 619 2909 in
651 2880 784 2922 marg
815 2865 882 2910 Α2
909 2869 913 2922 Ι
943 2867 1086 2910 αὐτοῦ
1118 2867 1375 2911 ΙΡαΤΒΜ
1493 2872 1547 2910 20
1589 2868 1695 2922 post
1726 2866 1892 2921 ἀσκλη-

215 2924 322 2976 πιὸς
351 2925 520 2968 lacuna
553 2930 577 2968 6
610 2925 689 2969 list,
723 2926 767 2970 U
