2060 3162
234 132 344 183 266
735 131 965 175 LIBANH
997 131 1220 175 ORATIO
1253 131 1402 175 va

235 269 356 319 δεῖν
410 263 471 318 δὲ
526 268 656 328 τοὺς
710 266 960 333 ἀγαθοὺς
1013 265 1103 319 καὶ
1158 268 1424 336 τιμωρίαν
1477 262 1557 320 ὧν
1613 269 1926 321 πεπόνθασι

144 369 185 412 Π
209 372 292 411 545
334 355 650 422 λαμβάνειν,
694 355 700 422 Ι
745 351 878 423 ἦγεν
917 353 1004 407 ἐπὶ
1044 356 1144 423 τὴν
1182 364 1294 408 τῶν
1331 357 1608 422 πολεμίων
1649 357 1926 409 διδάσκων

234 441 325 495 καὶ
366 442 558 511 λέγων,
599 443 672 506 ὡς
712 445 888 513 βραχὺ
927 444 989 495 τὸ
1023 445 1348 511 λειπόμενον
1379 442 1470 496 καὶ
1500 446 1683 514 τρυφὴ
1716 448 1926 511 μᾶλλον

233 530 265 598 ἢ
306 533 500 599 πόνος,
551 531 624 594 ὡς
671 530 916 584 ἐοίκασιν
963 533 1016 584 οἱ
1062 532 1336 602 βάρβαροι
1381 535 1562 604 θηρίῳ
1609 532 1924 605 βεβλημένῳ

188 642 208 673 ε)
234 618 325 672 καὶ
367 618 631 687 δευτέραν
669 618 1017 689 περιμένοντι
1055 622 1286 689 πληγήν.
1365 621 1448 673 69.
1495 621 1585 673 καὶ
1626 621 1728 674 οὐκ
1768 620 1926 685 ἐψεύ-

234 723 389 761 σατο·
446 709 760 776 διαβάντων
806 709 910 777 γὰρ
952 709 1005 761 οῖ
1051 709 1153 777 μὲν
1192 708 1252 762 ἐν
1299 710 1483 779 ἡλικίᾳ
1529 717 1796 777 γυναῖκας
1834 708 1925 762 καὶ

232 795 397 850 τέκνα
441 805 560 859 ταῖς
607 796 764 859 ὕλαις
817 796 1243 864 ε’γκαταθέμενοι
1294 798 1595 866 φεύγοντες
1643 797 1925 867 ἐσώζοντο,

234 885 263 938 ὁ
306 882 366 937 δὲ
405 885 537 954 πυρὶ
577 882 679 952 μὲν
719 885 977 954 ἀνήλισκε
1015 886 1112 948 τὰς
1157 886 1364 954 κώμας,
1415 884 1568 954 ἐξῆγε
1617 883 1675 939 δὲ
1714 895 1826 939 πᾶν
1863 887 1924 939 τὸ

233 972 629 1044 κεκρυμμένον,
684 974 772 1026 καὶ
812 975 878 1026 τὰ
926 973 1130 1044 δένδρα
1177 975 1279 1027 οὐκ
1326 973 1553 1042 ἐκώλυε,
1606 972 1698 1027 καὶ
1743 982 1926 1044 παρῆν

169 1087 211 1118 10
237 1062 431 1114 αὐτίκα
491 1065 754 1131 πρεσβειά
813 1065 1108 1125 ταπεινοὺς
1169 1061 1524 1131 φθεγγομένη
1581 1064 1781 1131 λόγους
1833 1061 1924 1116 καὶ

233 1149 546 1220 πρέποντας
598 1158 714 1212 τοῖς
765 1158 1005 1220 παροῦσι
1059 1160 1259 1213 κακοῖς.
1337 1152 1390 1204 οἱ
1445 1148 1506 1204 δὲ
1559 1147 1702 1220 ἦσαν
1752 1152 1923 1205 αὐτοῦ

234 1246 430 1306 στῆναι
470 1239 558 1291 καὶ
600 1237 836 1306 λήξαντα
874 1246 974 1291 τοῦ
1016 1241 1276 1309 φθείρειν
1315 1244 1556 1308 χρῆσθαι
1594 1247 1693 1292 τοῦ
1726 1242 1924 1292 λοιποῦ

234 1328 433 1396 φίλοις.
513 1326 802 1379 σπένδεται
858 1329 949 1395 δή,
1011 1329 1102 1380 καὶ
1154 1336 1267 1380 τῶν
1321 1329 1583 1380 σπονδῶν
1643 1330 1841 1397 χρόνος
1895 1328 1924 1382 ὁ

233 1415 435 1483 χειμὼν
466 1417 661 1483 μόνος,
700 1413 827 1484 παρ’
860 1410 927 1468 οὗ
959 1414 1051 1468 καὶ
1084 1417 1344 1469 σπονδῶν
1376 1417 1508 1468 ἄνευ
1548 1417 1706 1485 τύχοι
1740 1436 1824 1479 τις
1855 1416 1925 1469 ἂν

169 1527 211 1561 15
237 1509 367 1565 ἴσως
399 1503 770 1566 ἀναπαύσεως.
844 1503 926 1556 70.
966 1513 1083 1566 τοῖς
1114 1501 1216 1572 μὲν
1247 1500 1350 1557 οὖν
1382 1503 1700 1573 ἡττημένοις
1731 1512 1925 1557 τοσοῦ-

234 1611 334 1644 τον
373 1593 601 1659 ἔδωκεν,
646 1591 810 1655 αὐτὸς
857 1589 917 1645 δὲ
956 1592 1058 1654 οὐκ
1107 1591 1302 1661 ἠξίωσε
1347 1598 1661 1661 καθῆσθαι,
1715 1591 1832 1645 ἀλλ’
1864 1592 1925 1646 ἐν

235 1688 462 1747 χειμῶνι
501 1679 647 1751 μέσῳ
679 1688 843 1733 τοῦτο
876 1678 1301 1752 μὲνΞΦρακτοὺς
1340 1683 1567 1750 χιλίους,
1608 1674 1693 1744 οἷς
1722 1682 1925 1735 ταύτὸν

234 1769 312 1830 εἰς
351 1768 562 1836 ἡδονὴν
601 1769 736 1837 χιών
774 1788 832 1822 τε
871 1770 961 1822 καὶ
1001 1771 1174 1837 ἄνθη,
1220 1770 1404 1836 κώμας
1443 1771 1596 1832 τινὰς
1640 1775 1923 1840 πορθοῦν-

235 1876 353 1922 τας,
406 1852 483 1908 ὧν
523 1855 583 1909 ἐν
621 1856 767 1928 μέσῳ
808 1859 1084 1928 φρούριον
1122 1855 1345 1926 ἔρημον,
1384 1858 1924 1928 περιστοιχισάμενος

352 2020 378 2058 8
410 2017 558 2059 Α111111.
585 2016 614 2059 l.
633 2017 662 2059 l.
684 2021 707 2058 7
833 2022 886 2060 13
918 2018 1067 2060 Amm.
1094 2017 1222 2061 XVII
1249 2022 1286 2071 1,
1308 2022 1360 2060 12

356 2169 378 2206 1
412 2162 463 2207 δὲ
495 2167 594 2208 δεῖν
618 2166 650 2207 I
678 2164 761 2207 sed
792 2164 811 2208 ὲ
846 2165 893 2207 et
924 2171 994 2208 εῖν
1025 2163 1074 2206 in
1098 2178 1173 2207 ras
1198 2164 1268 2207 m²
1304 2166 1309 2217 Ι
1345 2161 1409 2206 ὧν
1444 2163 1481 2208 0
1509 2163 1590 2206 sed
1622 2181 1649 2207 ν
1681 2163 1729 2206 in
1753 2177 1829 2206 ras
1853 2163 1923 2206 m²

237 2235 294 2265 ex
327 2239 357 2275 ι,
390 2224 443 2265 ut
466 2222 663 2277 videtur,
698 2237 798 2266 corr
918 2227 942 2265 2
974 2222 1059 2278 τὴν
1092 2237 1168 2266 om
1191 2222 1293 2266 Mor
1316 2222 1438 2266 Fabr
1465 2224 1471 2278 Ι
1498 2229 1589 2266 τῶν
1621 2221 1669 2264 in
1700 2236 1775 2265 ras
1806 2224 1842 2265 I
1848 2223 1863 2247 2

233 2281 359 2324 inser
385 2283 446 2325 Μ
456 2281 472 2305 ²
592 2287 620 2324 4
650 2280 789 2326 πόνοι
813 2283 858 2326 Ρ
883 2283 888 2337 Ι
916 2282 996 2324 καὶ
1027 2282 1088 2331 ὡς
1112 2282 1183 2335 Μ,
1215 2282 1412 2324 fortasse
1443 2282 1568 2324 recte
1597 2282 1601 2339 Ι
1630 2280 1921 2341 βεβλημμένῳ

234 2341 310 2384 La
342 2340 424 2383 sed
454 2340 582 2396 prius
615 2357 645 2395 μ
677 2353 792 2393 eras,
826 2342 873 2383 et
905 2340 1026 2382 Fabr
1161 2345 1187 2383 ὅ
1219 2339 1278 2395 μὴ
1311 2340 1391 2383 καὶ
1424 2339 1579 2383 Gasda
1709 2345 1762 2383 11
1795 2339 1840 2383 οἱ
1872 2340 1922 2383 in

235 2397 289 2441 οῖ’
315 2412 415 2441 corr
440 2398 510 2441 1³2
537 2400 543 2457 Ι
572 2397 616 2444 δ’
646 2399 714 2442 Re
742 2401 748 2455 Ι
777 2399 920 2442 αὐτοῦ
952 2400 998 2442 Ρ
1027 2398 1109 2441 sed
1141 2415 1196 2442 ov
1228 2412 1284 2442 ex
1309 2415 1391 2452 οις,
1422 2400 1476 2440 ui:
1499 2398 1696 2451 videtur,
1729 2412 1830 2442 corr
1851 2398 1922 2440 m²

298 2462 349 2498 12
390 2456 606 2511 λήξαντες
635 2458 738 2501 Μο1·
767 2458 856 2511 Re,
898 2456 1023 2512 quod
1062 2470 1162 2499 corr
1187 2457 1310 2500 Fabr
1342 2459 1388 2500 et
1421 2457 1624 2500 Sintenis
1680 2459 1687 2515 1
1743 2460 1921 2500 τουλοι-

235 2522 328 2558 ποῦ
355 2517 504 2559 ΡΜΒ
565 2516 617 2560 τὸ
650 2516 814 2560 λοιπὸν
839 2517 882 2559 V
999 2519 1052 2558 13
1087 2513 1331 2560 σπένδεται
1358 2518 1416 2560 M
1447 2517 1528 2559 sed
1561 2533 1610 2558 αι
1643 2529 1782 2572 supra
1807 2531 1827 2558 ε
1853 2515 1922 2558 1112

300 2578 352 2616 16
388 2571 432 2616 δ’
454 2575 522 2617 Re
585 2581 721 2630 „post
745 2575 884 2624 αὐτὸς
915 2573 967 2618 δὲ
997 2574 1175 2619 videtur
1198 2581 1282 2619 aut
1312 2575 1435 2633 αὐτῷ
1460 2581 1544 2619 aut
1565 2575 1722 2632 λαβεῖν
1747 2575 1919 2618 deesse“

235 2632 304 2675 Re
332 2639 337 2682 ι
365 2630 530 2687 ἠξίωσε
561 2637 809 2689 καθῆσθαι
840 2633 1003 2688 scripsi
1036 2646 1060 2675 e
1095 2634 1178 2676 VP
1207 2634 1288 2677 sed
1319 2634 1368 2676 in
1398 2634 1487 2677 hoc
1520 2650 1540 2677 ε
1572 2646 1628 2675 ex
1659 2648 1708 2676 εν
1741 2646 1842 2675 corr
1874 2634 1920 2676 et

236 2693 485 2745 καθῆσθαι
517 2692 641 2735 inser
663 2692 734 2736 m²
794 2690 989 2747 ἠξίωσεν
1021 2693 1290 2747 (καθῆσθαι
1313 2694 1402 2747 orn)
1435 2691 1604 2747 reliqui
1635 2691 1744 2734 libri
1769 2691 1860 2734 edd

238 2753 291 2790 17
328 2748 568 2806 Φράγγους
598 2750 900 2794 Kellerbauer
931 2750 1085 2794 annal.
1118 2751 1280 2806 philol.
1314 2750 1464 2807 suppl.
1489 2750 1552 2794 IX
1577 2754 1662 2792 200
1695 2751 1745 2793 ab
1776 2749 1832 2793 cf.
1857 2750 1920 2793 ΠΙ

237 2811 337 2861 317,
357 2811 381 2849 9
407 2807 448 2850 R
570 2813 623 2852 19
651 2810 820 2865 ἔρημον
848 2809 886 2854 C
905 2809 986 2851 sed
1010 2826 1065 2864 γρ
1083 2810 1282 2866 ἐρυμνὸν
1305 2810 1585 2863 infrascr.m‚
1646 2807 1694 2850 in
1719 2808 1920 2863 ἐρυμνὸν

237 2879 339 2908 corr
372 2866 432 2908 M
443 2866 459 2890 ²
491 2868 540 2909 at
579 2867 635 2910 cf.
669 2869 817 2910 Amm.
843 2867 971 2910 XVII
988 2872 1066 2918 2,1
1108 2869 1399 2912 munimentis
1441 2869 1616 2912 duobus
1657 2881 1771 2922 quae
1812 2868 1919 2911 olim

234 2926 474 2969 exinanita
505 2932 613 2970 sunt
653 2928 659 2980 ff
701 2925 1167 2983 περιστοιχησάμενος
1203 2928 1246 2970 V
