2060 3162
250 130 358 182 498
772 129 999 173 LIBANII
1032 129 1256 174 ORATIO
1289 130 1436 173 XXIII

251 273 519 318 τοσοῦτον
572 269 789 334 πλῆθος
842 266 1133 334 ἠπείγοντο
1189 275 1299 318 τῶν
1353 277 1550 320 κακῶν.
1637 267 1684 320 6.
1740 266 1830 321 καὶ
1886 270 1939 322 οἱ

250 364 458 424 πρῶτοι
498 354 589 406 διὰ
626 354 840 407 τούτων
879 353 1223 417 ἀπολωλότες
1262 357 1391 417 τοὺς
1422 356 1624 419 ἄλλους
1657 356 1759 409 οὐκ
1791 355 1941 414 ἐπαί-

251 443 436 510 δευον,
477 440 594 495 ἀλλ’
628 440 848 512 ἑτέρους
880 442 1055 512 ἕτεροι
1089 444 1503 511 κατελάμβανον
1539 442 1618 497 ἐπ’
1654 450 1810 513 ἴσοις,
1850 445 1940 499 καὶ

249 532 315 584 τὰ
353 532 766 600 παραδείγματα
814 540 1128 600 σωφρονεῖν
1175 531 1277 584 οὐκ
1315 530 1557 601 ἔπειθεν,
1610 533 1746 587 ἀλλὰ
1786 536 1942 598 σκιὰς

204 641 224 674 5
250 620 590 688 φοβούμενοι
637 630 944 690 συμφορῶν
982 622 1060 683 εἰς
1104 621 1200 683 τὰς
1244 623 1501 688 μεγίστας
1549 620 1780 685 ἑαυτοὺς
1826 622 1940 676 ἐνέ-

250 711 472 777 βαλλον.
549 709 602 760 οἱ
653 709 714 761 δὲ
761 708 1118 777 ἀνοητότατοι
1164 718 1281 772 ταῖς
1327 708 1544 777 γυναιξὶ
1597 713 1941 781 παρηκολού-

249 803 411 850 θουν.
489 792 568 850 ὧν
607 797 890 868 ἀμφότερα
929 799 1227 867 καταγνοίη
1267 818 1350 861 τις
1390 800 1475 866 ἄν,
1524 798 1619 852 εἴτ’
1652 798 1810 852 αὐτοὶ
1847 801 1943 863 τὰς

250 894 515 954 γυναῖκας
563 884 809 955 ἐφόβουν
857 886 963 939 εἴτε
1008 887 1185 955 μάτην
1233 886 1583 956 φοβουμένας
1634 888 1734 940 οὐκ
1773 887 1941 958 ἐθάρ-

253 995 442 1043 ρυνον.

184 1085 225 1117 1o
363 1065 409 1116 7.
465 1066 742 1132 Ζήτησις
788 1064 906 1134 γὰρ
946 1060 1047 1132 ἦν,
1099 1065 1258 1133 φησί,
1308 1064 1414 1117 καὶ
1461 1067 1612 1127 τοὺς
1657 1064 1940 1134 ἡμαρτη-

249 1154 441 1215 κότας
485 1149 649 1220 ἦσαν
688 1153 751 1205 οἱ
797 1154 1214 1223 θηρεύοντες.
1292 1153 1501 1206 οὐκοῦν
1539 1155 1668 1216 τοὺς
1705 1153 1941 1223 ἡμαρτη-

249 1243 428 1308 κότας,
467 1239 582 1294 ἀλλ’
617 1241 682 1294 οὐ
721 1242 818 1304 τὰς
856 1241 1216 1312 ἁμαρτούσας.
1294 1242 1420 1294 οὔτε
1467 1242 1571 1312 γὰρ
1609 1243 1944 1311 ἠδικήκεσαν

249 1337 505 1398 γυναῖκες
545 1331 671 1383 οὔτε
711 1328 947 1384 ἐδόκουν
985 1328 1104 1383 οὐδ’
1138 1326 1259 1383 εἶπέ
1304 1350 1386 1393 τις
1432 1330 1564 1383 οὐδὲ
1609 1332 1812 1399 ἤκουσε
1850 1332 1942 1385 καὶ

248 1426 515 1486 γυναῖκας
569 1424 933 1488 συνεφῆφθαι
995 1428 1107 1471 τῶν
1163 1417 1250 1471 ἐπὶ
1304 1427 1399 1488 τῆς
1453 1423 1687 1488 χαλεπῆς
1740 1419 1942 1490 ἡμέρας

182 1527 223 1562 15
248 1505 457 1576 ἐκείνης
495 1507 528 1575 ἢ
567 1507 870 1578 εἰρημένων
912 1507 945 1576 ἢ
984 1507 1398 1577 πεπραγμένων.
1477 1507 1524 1560 8.
1576 1510 1633 1561 τί
1676 1504 1780 1560 οὖν
1828 1510 1942 1561 ἔδει

160 1609 200 1651 κ
223 1607 368 1652 11298
408 1594 497 1648 καὶ
541 1605 822 1664 γυναικῶν
861 1593 1205 1666 ἐρημοῦσθαι
1270 1599 1275 1660 Ι
1340 1596 1441 1664 τὴν
1486 1597 1666 1664 πόλιν,
1722 1592 1801 1648 ὧν
1839 1597 1940 1649 οὐκ

250 1684 436 1752 ὀλίγας
475 1679 544 1752 ἦν
583 1683 721 1754 ὁρᾶν
759 1683 1086 1752 ἐγκύμονας;
1128 1685 1176 1737 εἰ
1207 1685 1311 1754 γὰρ
1346 1685 1413 1752 δὴ
1453 1685 1541 1737 καὶ
1574 1686 1704 1747 τοὺς
1736 1686 1942 1755 ἄνδρας

249 1774 361 1826 ἔδει
399 1793 451 1825 τι
497 1774 668 1826 κακὸν
715 1776 903 1840 λαβεῖν
950 1771 1040 1826 καὶ
1080 1781 1220 1826 νοῦν
1267 1773 1454 1835 αὐτοῖς
1500 1767 1646 1842 εἶχεν
1692 1773 1724 1842 ἡ
1772 1775 1940 1843 φυγή,

247 1870 367 1923 ταῖς
406 1880 467 1929 γε
507 1862 575 1929 δὴ
615 1859 870 1929 γυναιξὶν
917 1861 1238 1931 οὐδαμόθεν
1285 1858 1355 1929 ἦν
1394 1863 1570 1929 λόγος.
1647 1859 1763 1914 ἀλλ’
1796 1861 1940 1931 ὅμως

183 1972 226 2003 20
249 1956 357 2003 νῦν
387 1947 488 2016 μὲν
521 1950 622 2003 οὐκ
654 1948 928 2018 ἐλάττους,
968 1957 1076 2002 νῦν
1108 1947 1169 2002 δὲ
1201 1948 1291 2002 καὶ
1321 1951 1545 2012 πλείους
1576 1960 1687 2003 τῶν
1719 1950 1941 2019 ἀνδρῶν

252 2035 477 2109 ἐξῄεσαν
517 2038 582 2091 οὐ
625 2039 804 2107 δήπου
842 2058 902 2106 γε
932 2038 1231 2105 μέλλουσαι
1261 2039 1756 2107 παραδοθήσεσθαι
1789 2040 1938 2091 δικα-

252 2128 453 2197 στηρίῳ
501 2125 592 2179 καὶ
639 2127 902 2196 μάστιγας
949 2125 1039 2179 καὶ
1089 2127 1295 2196 δεσμὸν
1342 2126 1654 2195 ὑπομενεῖν.
1732 2127 1779 2179 9.
1829 2146 1938 2179 τοι-

251 2221 462 2284 γαροῦν
503 2215 596 2267 διὰ
633 2216 732 2268 τὸν
771 2215 1003 2284 μάταιον
1035 2213 1257 2267 τουτονὶ
1299 2215 1480 2284 φόβον
1520 2215 1548 2268 ὃ
1582 2211 1733 2283 εἶχον
1771 2215 1939 2284 ἀργύ-

253 2322 392 2373 ριον,
454 2303 652 2373 μικρὸν
706 2299 766 2354 δὲ
820 2303 927 2371 ἄρα
975 2301 1120 2355 τοῦτ’
1160 2297 1246 2370 ἦν,
1306 2301 1642 2370 άνηλωκυῖαι
1696 2304 1940 2365 παιδίοις

185 2413 227 2447 26
252 2392 421 2460 ἄρτον
461 2393 712 2444 αἰτοῦσιν
750 2390 851 2459 οὐχ
899 2383 1015 2443 οἶαί
1049 2410 1106 2443 τε
1146 2386 1307 2443 οὖσαι
1348 2391 1547 2443 δοῦναι
1594 2392 1940 2461 δακρύουσαι

175 2503 181 2510 ·
252 2489 523 2533 πεινῶντα
569 2479 932 2546 κατέθαπτον,
980 2473 1094 2531 εἶτα
1141 2477 1198 2531 ἐκ
1245 2488 1356 2531 τῶν
1404 2479 1586 2532 αὐτῶν
1629 2478 1936 2548 ἐπαπέθνη-

254 2583 403 2621 σκον.
480 2568 611 2621 οὐδὲ
649 2568 755 2638 γὰρ
796 2569 1225 2637 προσαιτούσαις
1263 2564 1333 2635 ἦν
1373 2567 1675 2637 εὐπορῆσαι
1714 2575 1936 2638 τροφῆς.

373 2702 397 2740 5
432 2697 650 2757 ἐνέβαλον
684 2698 876 2755 VBong
1056 2702 1080 2740 6
1115 2696 1159 2741 δ’
1189 2698 1256 2740 Re
1437 2702 1462 2740 8
1497 2697 1581 2741 οὐκ
1614 2695 1817 2755 ἐφόβουν
1850 2699 1885 2740 Ι

256 2761 309 2799 12
342 2755 699 2813 ἁμαρτανούσας
732 2758 775 2802 V
936 2760 989 2799 13
1023 2755 1072 2799 αἱ
1104 2763 1319 2812 γυναῖκες
1344 2758 1401 2800 M
1451 2760 1456 2813 Ι
1500 2753 1628 2814 οὐδ’]
1662 2755 1766 2800 οὔτε
1799 2755 1890 2798 edd
1926 2756 1931 2814 Ι

255 2811 383 2859 εἶπεν
408 2817 454 2859 Α
480 2818 486 2871 Ι
515 2816 618 2859 οὔτε
651 2815 741 2859 edd
769 2818 774 2872 Ι
802 2816 882 2859 καὶ
913 2830 989 2859 om
1014 2817 1076 2859 M
1194 2820 1247 2858 15
1281 2813 1459 2871 ἐκείνης
1490 2813 1665 2871 ἡμέρας
1697 2815 1758 2858 Μ
1785 2815 1875 2857 edd

255 2879 309 2917 22
341 2874 588 2930 ὑπομενεῖν
622 2874 786 2930 scripsi
817 2888 921 2917 cum
947 2872 1119 2917 Cobeto
1146 2873 1257 2917 Con.
1279 2879 1359 2917 131
1424 2872 1672 2929 ὑπομένειν
1703 2872 1813 2916 libri
1845 2873 1936 2917 edd

314 2937 368 2975 25
402 2934 569 2976 δοῦναι
601 2933 832 2990 omessong
953 2937 1006 2975 27
1041 2933 1095 2976 οὐ
1124 2933 1183 2975 Μ
