2060 3162
654 131 882 177 LIBANII
913 131 1137 176 ORATIO
1170 132 1319 176 XXIV
1732 133 1836 186 511

263 274 335 321 Ex
366 274 459 322 hoc
498 274 785 338 apographa
823 274 959 321 facta
998 274 1116 321 sunt
1153 274 1271 321 duo:
1310 289 1466 321 unum
1506 289 1535 321 a
1573 273 1842 322 Patricio

153 348 347 397 Iunio:

265 424 347 470 20.
397 420 740 484 Cantabrig.
774 421 984 469 Trinit.
1027 420 1171 470 Gale
1213 420 1551 470 Collection
1600 419 1655 470 O.
1683 423 1729 469 2.
1758 422 1841 469 54.

152 495 278 544 Vide
318 497 352 542 t.
377 495 403 542 I
441 512 487 557 p.
523 497 628 543 232
648 510 718 557 sq.
759 498 809 543 et
847 511 998 557 supra
1035 512 1082 557 p.
1112 496 1232 555 156,

263 569 475 618 alterum
515 585 544 617 a
584 568 847 618 Gerardo
886 569 1285 634 Langbainio:

265 645 347 691 21.
388 644 551 691 Bodl.
584 643 910 706 Langbain.
950 643 1191 692 Advers.
1221 646 1290 693 20
1329 660 1441 708 pag.
1470 646 1516 691 4.
1593 644 1720 692 Vide
1758 644 1844 692 t.I

150 735 197 780 p.
227 719 332 766 230
346 733 416 780 sq.

266 793 348 839 22.
393 793 475 839 23.
537 791 699 839 Huius
747 792 1090 855 apographum
1142 791 1219 839 bis
1265 793 1621 854 transcriptum
1667 794 1762 840 est:
1815 808 1845 840 a

153 864 441 914 Godfrido
505 863 746 914 Oleario
803 859 940 932 (vide
993 869 1027 912 t.
1061 865 1086 912 I
1131 883 1178 928 p.
1215 860 1345 933 231)
1402 868 1452 913 et
1506 866 1567 914 ab
1621 866 1843 914 Ioanne

153 939 587 1002 Christophoro
637 939 876 999 Wolfio,
932 941 1069 987 cuius
1116 941 1460 1003 apographum
1514 942 1739 989 servatur
1791 941 1845 988 in

150 1014 451 1063 bibliotheca
509 1015 667 1062 civica
718 1013 1159 1078 Hamburgensi
1219 1014 1514 1062 lectionibus
1565 1015 1845 1077 discrepan-

151 1088 284 1136 tibus
318 1089 594 1152 apographi
618 1087 874 1136 Oleariani
906 1104 936 1136 a
958 1088 1186 1136 Fabricio
1218 1089 1531 1137 instructum.
1608 1089 1736 1136 Vide
1766 1091 1803 1136 t.
1820 1088 1845 1136 Ι

189 1201 198 1211 .
235 1164 336 1210 231
351 1179 421 1224 sq.

152 1180 184 1226 p
267 1238 349 1284 24.
383 1235 828 1285 Laurentianus
852 1235 993 1283 LVII
1007 1237 1077 1284 44
1103 1229 1197 1303 (=
1215 1229 1312 1304 La)
1339 1251 1463 1285 saec.
1478 1237 1601 1284 XIII
1625 1237 1843 1286 f01.156.

152 1310 280 1359 Vide
310 1312 346 1358 t.
371 1310 396 1357 I
434 1328 480 1373 p.
509 1312 614 1358 224
630 1326 698 1372 sq.
779 1309 990 1358 Contuli.

267 1386 350 1432 25.
391 1384 832 1432 Laurentianus
864 1383 1053 1431 XXXII
1080 1386 1146 1432 13
1181 1400 1303 1433 saec.
1322 1385 1439 1431 XIV
1463 1379 1549 1433 fol.
1570 1386 1677 1433 92¹1
1718 1383 1846 1432 Vide

154 1462 188 1506 t.
214 1460 237 1506 I
276 1475 325 1520 p.
359 1460 462 1506 227
483 1474 554 1521 sq.
595 1461 645 1506 et
686 1459 805 1507 236.

268 1533 350 1580 26.
391 1532 704 1580 Parisinus
743 1549 821 1595 gr.
850 1533 991 1580 3016
1027 1547 1150 1580 saec.
1176 1532 1269 1579 XV
1307 1533 1391 1581 fol.
1422 1534 1540 1581 139.
1602 1533 1728 1581 Vide
1760 1532 1847 1580 t.1

155 1624 202 1670 p.
238 1608 306 1654 53
326 1622 396 1668 sq.

266 1681 402 1728 Inter
433 1681 522 1729 hos
556 1680 745 1728 codices
778 1695 1026 1742 quaenam
1055 1682 1185 1728 ratio
1216 1681 1507 1743 intercedat,
1536 1697 1637 1729 uno
1670 1681 1847 1729 obtutu

156 1770 418 1819 cognosces
458 1771 482 1802 e
516 1756 774 1803 stemmate
809 1754 939 1816 quod
971 1754 1050 1802 t.I
1073 1771 1118 1817 p.
1140 1756 1244 1802 237
1279 1755 1628 1803 delineandum
1661 1755 1846 1803 curavi.

155 1829 343 1877 Eadem
398 1829 530 1876 enim
583 1830 690 1876 fata
741 1829 863 1877 haec
917 1828 1077 1877 oratio
1123 1843 1271 1891 passa
1318 1831 1392 1878 est
1438 1831 1587 1892 atque
1635 1828 1848 1878 secunda

157 1918 283 1964 quae
323 1905 397 1950 est
435 1900 556 1967 πρὸς
588 1901 702 1961 τοὺς
734 1901 893 1968 βαρὺν
931 1901 1083 1952 αὐτὸν
1114 1900 1422 1962 καλέσαντας.
1498 1904 1629 1951 Nam
1660 1905 1717 1951 ut
1747 1919 1847 1951 non

158 1971 414 2038 ‘corporis'
455 1975 634 2024 finibus
674 1977 1045 2039 circumscripta
1076 1978 1275 2038 mansit,
1312 1979 1387 2026 ita
1425 1979 1478 2025 in
1510 1978 1707 2026 easdem
1745 1978 1847 2025 fere

158 2053 306 2112 atque
351 2051 441 2098 illa
488 2051 681 2114 eclogas
728 2053 926 2112 recepta
973 2053 1068 2111 est,
1125 2053 1244 2112 quin
1296 2053 1447 2100 etiam
1497 2053 1549 2100 in
1594 2052 1846 2100 nonnullis

158 2141 326 2173 earum
338 2118 379 2191 1)
418 2125 495 2172 illi
533 2125 632 2185 ipsi
670 2126 945 2174 antecessit.
1023 2125 1188 2188 Atque
1227 2127 1286 2173 ut
1315 2126 1463 2188 pauci
1502 2126 1692 2174 codices
1733 2127 1850 2173 sunt

157 2200 245 2260 qui
282 2199 424 2246 illam
462 2200 731 2259 continent,
771 2202 989 2248 nostram
1028 2215 1128 2247 non
1166 2201 1303 2260 item,
1341 2201 1414 2247 ita
1446 2216 1572 2248 unus
1605 2194 1847 2266 (Athous)

159 2274 246 2334 qui
284 2275 519 2333 nostram,
556 2273 697 2320 illam
736 2289 835 2320 non
872 2275 1006 2321 item.

268 2347 382 2394 Non
419 2348 577 2410 igitur
615 2349 690 2395 est
727 2363 814 2395 cur
852 2349 1063 2395 stemma
1109 2348 1237 2395 illud
1273 2348 1366 2396 hoc
1404 2348 1511 2396 loco
1550 2349 1848 2410 repetamus.

162 2419 293 2467 Satis
348 2421 444 2468 erit
489 2420 670 2468 dixisse
717 2421 934 2469 codicem
980 2421 1200 2470 Athoum
1245 2421 1542 2483 Batopaedii
1582 2414 1711 2489 (Ba)
1760 2423 1848 2483 qui

158 2494 299 2541 illam
346 2495 620 2542 orationem
665 2510 764 2542 non
811 2497 1052 2556 continet,
1104 2511 1159 2542 ex
1200 2495 1369 2544 eodem
1416 2511 1512 2558 quo
1550 2496 1586 2542 Ι
1620 2510 1847 2544 manasse

160 2567 325 2615 codice
342 2569 429 2629 qui
446 2567 509 2615 ad
525 2567 656 2615 idem
672 2570 822 2630 atque
849 2570 893 2617 U
915 2569 1118 2617 redierit
1141 2570 1391 2631 exemplar
1417 2563 1516 2636 (p).
1569 2567 1641 2617 Of.
1659 2585 1705 2631 p.
1722 2570 1845 2618 469.

271 2640 456 2689 Prioris
488 2643 655 2688 autem
685 2642 906 2690 familiae
935 2645 1086 2691 testes
1119 2643 1322 2690 adhibui
1350 2642 1609 2704 CAPBM,
1642 2644 1848 2691 alterius

281 2827 322 2881 1)
356 2823 789 2871 Cf.Laur.LV1144.
823 2827 1219 2877 Laur>.XXX1113.
1260 2827 1363 2871 Par.
1379 2828 1843 2872 3016.*Barocc.2l9.

160 2884 213 2950 In
238 2883 344 2987 aliis
369 2884 534 2988 (IZatm.
550 2885 672 2930 Mon.
690 2888 792 2942 101)
817 2900 921 2930 cum
944 2887 1165 2930 monodia
1188 2886 1524 2943 epitaphioque
1546 2886 1716 2931 Iuliani
1741 2900 1849 2930 con-

159 2957 269 2986 mne
291 2957 320 2987 a
351 2957 398 2987 es
426 2978 434 2987 .
