2060 3162
243 74 353 126 210
757 75 985 119 LIBANII
1016 76 1240 121 ORATIO
1272 77 1400 121 XVII

242 229 406 276 μενος
466 211 645 263 πολύν
699 229 757 262 τε
810 209 901 263 καὶ
957 211 1210 280 σφοδρὸν
1262 212 1353 264 καὶ
1408 213 1691 265 ἄπαυστον
1747 214 1942 281 ἔσβεσε

243 298 344 366 μὲν
382 305 493 367 πῦρ
537 299 704 366 ἱερόν,
752 297 943 367 ἐπέσχε
984 299 1045 352 δὲ
1083 304 1303 352 θυσιῶν
1342 300 1568 369 ἡδονήν,
1615 302 1835 367 βωμοὺς
1875 301 1941 355 δὲ

243 385 410 455 ἐφῆκε
449 387 797 450 λακτίζουσιν
837 386 1180 455 ἀνατρέπειν,
1229 389 1347 458 ἱερὰ
1387 389 1448 440 δὲ
1485 389 1576 441 καὶ
1623 389 1760 451 νεὼς
1805 391 1935 452 τοὺς

241 475 340 540 μὲν
395 476 627 542 ἔκλεισε,
683 477 813 537 τοὺς
867 472 928 527 δὲ
981 475 1309 544 κατέσκαψε,
1364 479 1495 539 τοὺς
1550 477 1611 529 δὲ
1664 479 1938 545 βεβήλους

196 583 214 614 5
241 562 529 631 ἀποφήνας
576 565 805 631 πόρνοις
855 562 1094 616 ἐνοικεῖν
1145 565 1337 632 ἔδωκε,
1392 563 1679 632 ξύμπασαν
1726 562 1787 617 δὲ
1833 567 1936 633 τὴν

238 649 363 720 περὶ
417 651 558 718 ὑμᾶς
612 653 902 720 διατριβὴν
948 653 1257 715 καταλύσας
1306 661 1506 722 νεκροῦ
1555 673 1705 715 τινος
1751 639 1937 722 θήκην

148 751 298 795 R510
339 741 415 802 εἰς
469 740 566 792 τὸν
619 739 886 809 ὑμέτερον
948 739 1304 809 ἐγκατέστησε
1357 745 1575 811 κλῆρον.
1669 742 1716 794 8.
1760 739 1766 812 Ι
1809 742 1927 795 ἀλλ’

239 828 382 896 ὅμως
434 823 596 890 οὗτος
651 828 679 881 ὁ
721 831 1058 895 Σαλμωνεὺς
1107 828 1139 897 ἢ
1182 833 1509 900 Λυκοῦργος
1559 828 1649 882 καὶ
1696 833 1832 900 πρός
1871 850 1933 898 γε

240 913 320 968 ἔτι
353 917 676 985 Μελιτίὸης,
719 914 850 970 οὐδὲ
890 919 993 986 γὰρ
1034 925 1137 970 νοῦ
1179 927 1423 987 μετεῖχεν
1463 918 1595 971 οὐδὲ
1628 921 1770 971 πολὺ
1809 920 1932 985 βελ-

172 1028 214 1059 10
237 1005 371 1056 τίων
409 1013 519 1056 τῶν
561 1003 621 1057 ἐν
659 1014 777 1067 ταῖς
816 1015 1055 1074 γραφαῖς
1094 1001 1164 1073 ἦν
1204 1006 1236 1074 ἢ
1279 1015 1390 1058 τῶν
1428 1009 1693 1075 πηλίνων,
1744 1021 1933 1060 τεσσα-

238 1092 477 1161 ράκοντα
518 1095 607 1161 ἔτη
649 1092 909 1162 κατέσχεν
946 1094 1017 1162 ἣν
1058 1093 1300 1161 ἐλωβᾶτο
1341 1102 1447 1163 γῆν
1485 1093 1575 1146 καὶ
1612 1097 1770 1162 μόλις
1801 1093 1932 1148 ποτε

237 1179 454 1249 ἀπῆλθε
501 1183 661 1253 νόσῳ.
739 1181 786 1233 9.
837 1182 864 1235 ὁ
907 1182 971 1234 δέ
1007 1202 1069 1250 γε
1111 1183 1295 1250 ἱεροὺς
1343 1182 1792 1251 ἀνανεωσάμενος
1838 1186 1931 1236 νό-

235 1289 374 1334 μους
412 1268 503 1322 καὶ
543 1271 610 1322 τὰ
649 1272 786 1323 καλὰ
827 1269 948 1322 ἀντὶ
988 1280 1100 1323 τῶν
1147 1281 1332 1324 κακῶν
1372 1274 1448 1333 εἰς
1487 1270 1640 1334 τάξιν
1692 1270 1931 1340 ἀγαγών,

236 1355 448 1426 ἐγείρας
508 1358 610 1424 μὲν
671 1358 970 1428 ὑμετέρους
1032 1364 1244 1427 οἴκους,
1307 1363 1509 1428 στήσας
1572 1357 1630 1412 δὲ
1692 1361 1930 1428 βωμούς,

170 1469 211 1501 15
239 1444 431 1515 ἱερέων
471 1446 532 1499 δὲ
571 1445 703 1515 γένη
745 1445 1083 1514 συγκαλέσας
1115 1446 1176 1500 ἐν
1209 1449 1383 1519 σκότῳ
1417 1450 1782 1518 κρυπτόμενα,
1822 1450 1930 1500 λεί-

234 1542 382 1596 ψανα
436 1534 496 1586 δὲ
536 1534 864 1604 ἀγαλμάτων
903 1534 1324 1604 ἐπανορθώσας,
1378 1537 1559 1598 θύσας
1606 1537 1667 1588 δὲ
1715 1535 1928 1604 ἀγέλας,

236 1623 418 1684 θύσας
459 1623 520 1675 δὲ
559 1625 813 1692 ποίμνια,
868 1625 934 1676 τὰ
971 1625 1073 1690 μὲν
1112 1621 1237 1692 ἔξω,
1285 1625 1351 1676 τὰ
1393 1621 1453 1676 δὲ
1492 1622 1676 1692 ἔνδον,
1724 1625 1790 1677 τὰ
1828 1622 1929 1690 μὲν

355 1801 379 1838 3
412 1796 577 1840 Aesch.
603 1797 690 1854 Ag.
718 1802 803 1841 384
985 1803 1010 1841 6
1042 1798 1104 1842 Io.
1133 1798 1289 1853 Chrys.
1318 1812 1380 1841 or.
1408 1798 1466 1842 de
1499 1797 1541 1840 S.
1567 1797 1729 1853 Babyl.
1766 1799 1929 1841 contra

233 1855 316 1898 Iul.
335 1855 377 1898 II
399 1870 444 1910 p.
465 1860 548 1898 551
561 1870 626 1911 sq.
685 1855 806 1900 Socr.
833 1857 896 1899 III
915 1862 981 1901 18.
1039 1857 1267 1901 Sozom.V
1287 1861 1354 1900 19.
1402 1857 1594 1900 Philosss.
1613 1857 1657 1900 h.
1678 1856 1883 1901 eocLVII
1900 1861 1927 1899 8

296 1918 350 1956 10
382 1914 521 1957 Arist.
548 1915 668 1958 Ran.
697 1919 796 1959 538.
922 1921 973 1958 11
1009 1916 1158 1959 Amm.
1185 1916 1291 1959 XXI
1317 1919 1383 1968 15,
1412 1921 1437 1959 3

355 2072 376 2110 1
413 2066 518 2124 σίγα
550 2067 711 2126 βέβηλε
744 2069 908 2112 σκαιὸν
941 2070 1150 2113 ἐκπτύων
1177 2069 1325 2113 ὕθλον
1349 2071 1393 2112 Α
1456 2067 1532 2112 οἷα
1566 2072 1718 2125 ληρεῖς
1750 2069 1924 2112 ἀθλιώ-

233 2141 338 2169 τατε
372 2127 469 2181 (καὶ
500 2125 794 2183 ματαιόφρον
828 2127 922 2170 add
949 2128 1113 2183 V)AV

354 2285 376 2322 1
410 2296 458 2324 τε
483 2294 557 2323 om
575 2280 735 2324 PMor
856 2285 880 2322 2
908 2280 1140 2338 βωμοὺςΙ
1157 2281 1238 2324 sed
1257 2281 1337 2330 οὺς
1367 2279 1416 2322 in
1431 2293 1507 2323 ras
1525 2280 1594 2322 m²
1715 2286 1740 2323 3
1768 2281 1923 2336 ἀφῆκε

234 2341 278 2384 Α
311 2339 454 2401 sed-oc
487 2353 543 2382 ex
575 2355 595 2382 ε
628 2352 728 2382 corr
758 2339 793 2393 f,
834 2340 877 2382 B
969 2356 1023 2396 γρ
1049 2340 1210 2394 ἀφῆκα
1242 2339 1291 2381 in
1321 2352 1455 2395 marg
1486 2339 1587 2382 Mor
1637 2343 1641 2394 l
1694 2339 1743 2383 δὲ
1777 2353 1851 2382 om
1876 2342 1922 2384 B

293 2404 318 2441 6
352 2399 470 2454 ὑμᾶς
492 2399 527 2440 Ι
553 2399 634 2441 sed
665 2399 692 2441 ὑ
725 2398 774 2440 in
797 2410 872 2441 ras
895 2397 964 2440 m2
1025 2397 1146 2453 ἡμᾶς
1172 2398 1316 2441 VMB
1349 2398 1503 2440 sedin
1527 2398 1615 2442 hoc
1646 2399 1673 2441 ὑ
1707 2411 1923 2454 suprascr

234 2456 316 2511 m2,
349 2459 396 2500 ef,
428 2457 532 2500 coni
563 2457 666 2500 Mor
693 2459 697 2512 Ι
726 2470 855 2500 τινοσ
890 2457 926 2501 0
955 2456 1036 2500 sed
1069 2470 1122 2499 οσ
1153 2455 1201 2497 in
1233 2469 1307 2498 ras
1341 2470 1396 2500 ex
1428 2474 1457 2499 α
1492 2471 1592 2500 corr
1615 2458 1649 2511 f,
1683 2459 1730 2500 et
1760 2456 1862 2500 Mor

232 2532 305 2558 τιν
329 2529 436 2558 oum
459 2529 621 2559 rasura
647 2521 671 2558 2
697 2515 776 2558 litt
803 2516 847 2559 U
898 2531 1003 2558 τινα
1034 2514 1204 2568 reliqui
1227 2514 1337 2558 libri
1365 2517 1370 2570 Ι
1397 2515 1554 2571 θήκην
1587 2529 1611 2559 e
1638 2515 1794 2571 φήμην
1820 2529 1922 2558 corr

233 2574 300 2618 Α2
333 2576 380 2617 et
410 2574 477 2617 Re
554 2573 712 2630 φήμην
742 2573 912 2628 reliqui
943 2573 1052 2616 libri
1077 2573 1178 2616 Mor
1311 2579 1333 2616 7
1370 2574 1434 2625 εἰς
1466 2574 1541 2617 del
1565 2575 1610 2617 A
1638 2575 1643 2632 Ι
1672 2575 1698 2617 ὑ
1731 2574 1780 2616 in
1811 2572 1918 2629 ὑμέ-

231 2649 365 2687 τερον
397 2632 445 2674 in
475 2646 551 2675 ras
583 2632 683 2677 1³²1
691 2632 767 2676 ²M
827 2630 1048 2687 ἡμέτερον
1082 2633 1125 2675 V
1158 2633 1204 2675 et
1237 2632 1340 2675 coni
1372 2632 1473 2676 Mor
1505 2632 1660 2675 Gasda
1810 2635 1835 2673 8
1869 2629 1915 2687 γ’

233 2692 331 2736 PU
346 2691 414 2734 Re
573 2695 597 2734 9
631 2690 890 2746 μελιτι’ὃης
921 2705 1026 2733 cum
1056 2703 1218 2733 rasura,
1253 2696 1275 2734 1
1308 2691 1388 2734 litt
1423 2692 1467 2736 U
1508 2691 1513 2749 Ι
1557 2690 1695 2735 οὐδὲν
1724 2691 1802 2736 ΟΛ
1835 2691 1918 2733 sed

232 2750 282 2792 in
312 2751 510 2804 utroque
542 2767 568 2794 ν
601 2763 784 2793 erasum
835 2751 840 2805 Ι
890 2766 944 2806 γρ
969 2747 1199 2807 μετείληχε
1231 2750 1280 2792 in
1311 2762 1444 2807 marg
1473 2751 1535 2794 M
1653 2753 1706 2792 13
1740 2749 1804 2799 εἰς
1834 2748 1918 2804 τὴν

231 2807 362 2909 Ξάξιν
394 2807 462 2850 Re
524 2865 540 2890 2
586 2813 639 2852 14
671 2806 918 2865 ἡμετέρους
951 2809 994 2851 V
1019 2810 1065 2850 eb
1098 2809 1202 2851 coni
1227 2807 1382 2851 Gasda
1506 2813 1559 2850 15
1593 2806 1752 2862 ἱερέων
1776 2808 1811 2850 Ι
1836 2807 1918 2850 sed

286 2881 334 2908 1n
365 2880 440 2909 ras
471 2882 518 2908 m
