2072 3162
199 129 276 183 86
738 127 965 172 LtssANn
996 126 1219 172 ORATIO
1250 127 1357 171 ΧΠ

197 271 437 319 lectiones
484 271 587 317 eius
627 284 657 316 a
695 267 861 317 Gasda
908 270 1132 317 enotatas
1181 268 1240 316 ab
1281 270 1525 332 apparatu
1572 269 1742 318 critico
1788 269 1889 317 fere

204 345 405 392 exclusi.

314 417 538 465 Pretium
589 417 846 478 utriusque
900 416 1121 464 familiae
1176 409 1338 482 (OAP
1379 418 1429 464 et
1477 410 1739 484 VIBMT)
1788 418 1890 465 fere

202 508 295 554 par
333 493 419 552 est,
469 491 519 539 U
548 491 628 538 hic
669 506 863 552 quoque
900 491 1083 538 mixtae
1120 491 1414 538 recensionis
1452 491 1636 539 indicia
1673 491 1889 554 praebet.

314 565 448 612 Duos
502 565 634 612 locos
689 566 864 613 citavit
912 563 1165 612 Ioannes
1213 562 1506 613 Siceliota
1555 565 1890 627 Doxapatri

202 641 256 686 in
288 640 638 687 commentario
673 637 735 686 ad
764 638 1089 702 Hermogenis
1128 635 1238 702 περὶ
1275 635 1509 703 εὑρέσεων
1539 639 1736 700 librum,
1774 654 1890 687 usus

201 713 288 761 ille
329 713 528 774 quidem
575 713 738 761 codice
779 714 865 774 qui
902 713 1122 775 proxime
1162 712 1350 760 accedit
1389 712 1451 760 ad
1488 712 1548 774 U,
1594 713 1679 761 sed
1716 729 1894 776 parum

200 788 450 848 accurate,
500 789 560 835 ut
603 787 722 835 fides
770 789 873 834 eius
918 802 1098 848 parva,
1146 787 1363 848 pretium
1409 787 1560 835 etiam
1604 788 1766 835 minus
1814 789 1892 848 sit,

201 862 438 923 quoniam
477 861 627 909 codex
664 861 794 909 unde
834 862 1243 909 commentarium
1278 860 1526 922 descripsi,
1563 861 1891 910 Baroccianus

203 953 278 998 gr.
322 927 497 1002 1751),
557 936 742 982 indicia
801 935 1142 999 neglegentiae
1202 936 1444 982 maximae
1505 950 1624 997 prae
1677 951 1728 983 se
1781 936 1890 983 sert.

205 1009 366 1057 Multo
405 1010 568 1071 plures
607 1010 739 1058 locos
773 1010 1013 1071 excerpsit
1052 1008 1216 1057 codice
1248 1009 1486 1056 secundae
1518 1009 1738 1056 familiae
1777 1024 1893 1058 usus

198 1084 491 1132 Maximus
530 1082 831 1145 Planudes
881 1084 935 1131 in
976 1082 1296 1131 Collectaneis
1344 1083 1524 1131 codicis
1563 1083 1783 1132 Palatini
1821 1100 1892 1147 gr.

204 1160 311 1206 129
353 1158 437 1205 fol.
473 1151 611 1223 382),
659 1157 744 1206 sed
793 1157 846 1204 hi
882 1158 984 1205 fere
1022 1157 1194 1219 pusilli
1232 1158 1347 1204 sunt
1384 1173 1658 1219 parumque
1703 1157 1894 1221 integre

199 1231 399 1294 fideque
439 1233 684 1294 exscripti,
723 1232 780 1279 ut
817 1232 1062 1279 monstrat
1100 1228 1251 1296 γονὰς
1280 1247 1370 1293 pro
1403 1230 1592 1294 θεσμὸν
1622 1249 1669 1293 p.
1698 1233 1819 1293 109,
1845 1233 1892 1278 4.

314 1305 537 1352 Primum
587 1306 746 1354 oratio
795 1305 931 1367 typis
985 1306 1069 1354 sed
1115 1304 1482 1354 mendosissime
1531 1305 1769 1367 impressa
1819 1307 1895 1354 est

199 1380 419 1427 editione
458 1380 759 1428 Ferrariensi
797 1380 880 1427 fol.
915 1380 1245 1440 201—208v,
1294 1395 1442 1440 quam
1486 1380 1720 1440 repetivit
1771 1396 1893 1441 pau-

196 1454 414 1502 cissimis
447 1455 675 1502 correctis
699 1454 932 1502 Morellus
964 1455 998 1501 t.
1024 1453 1076 1500 II
1105 1470 1152 1515 p.
1173 1454 1479 1501 210—226.
1541 1453 1701 1500 Multa
1725 1469 1894 1501 earum

202 1529 330 1576 vitia
361 1528 562 1576 sustulit
593 1528 861 1576 divinando
893 1528 1121 1576 Reiskius
1143 1526 1307 1574 Anim.
1332 1527 1378 1573 V
1406 1528 1711 1588 143—153,
1748 1527 1894 1589 plura

201 1617 318 1650 usus
367 1602 613 1650 codicibus
652 1600 702 1649 A
749 1604 798 1650 et
836 1602 1292 1651 Wolfenbuttelano
1339 1603 1392 1648 in
1439 1601 1651 1649 editione
1703 1595 1890 1667 (priore

201 1693 249 1738 p.
276 1677 587 1738 186—1983
627 1677 784 1724 altera
822 1678 857 1723 t.
882 1676 908 1723 I
938 1692 986 1737 p.
1020 1667 1352 1741 424—-450),
1393 1675 1529 1723 cuius
1570 1675 1628 1723 de
1667 1676 1802 1723 vitiis
1842 1677 1893 1723 et

201 1749 575 1814 typographicis
615 1752 664 1798 et
702 1751 931 1799 Reiskiae
980 1752 1078 1812 ipsi
1122 1749 1395 1797 tribuendis
1434 1749 1728 1797 conferenda
1778 1750 1893 1796 sunt

203 1840 331 1886 quae
363 1839 512 1885 supra
543 1818 602 1890 (t.
627 1824 652 1871 I
682 1841 729 1886 p.
759 1818 850 1891 76)
885 1824 998 1871 dixi.
1062 1823 1226 1872 Pauca
1257 1839 1425 1871 eorum
1457 1823 1667 1871 correxit
1696 1823 1892 1871 Boisso-

194 1898 379 1945 ‘nadius
420 1913 510 1959 ope
534 1898 728 1962 ‘codicis
767 1898 982 1946 Parisini
1021 1915 1090 1962 gr.
1126 1898 1283 1959 3017,
1322 1898 1468 1959 plura
1505 1890 1736 1964 Gasda3),
1774 1912 1890 1945 usus

201 1972 287 2019 1116
336 1971 533 2032 quidem
579 1972 825 2019 codicibus
871 1971 1174 2032 Monacensi,
1213 1970 1602 2033 Vindobonensi,
1650 1971 1890 2031 Parisino,

196 2046 442 2092 nonnulla
481 2045 786 2095 divinatione
827 2044 1043 2093 Sintenis
1084 2047 1132 2092 et
1173 2043 1398 2093 Cobetus.

326 2203 369 2259 1)
396 2201 462 2245 Of.
481 2201 720 2258 Melanges
739 2200 895 2244 Graux
918 2215 961 2256 p.
984 2203 1081 2243 630.
1115 2199 1180 2243 St.
1200 2198 1473 2253 Gloeckner,
1493 2197 1699 2251 Quaestt.
1718 2197 1889 2242 rhetor.

196 2260 468 2317 (Breslauer
496 2260 663 2304 Philol.
690 2259 1048 2304 Abhandl.V1H
1073 2261 1116 2316 2)
1148 2274 1193 2315 p.
1223 2263 1289 2301 12.

325 2323 369 2378 2)
403 2319 468 2363 cf.
502 2321 535 2364 t.
561 2320 581 2363 1
612 2335 656 2376 p.
678 2324 731 2362 73
747 2333 813 2374 sq.

324 2381 368 2436 3)
399 2379 515 2423 Krit.
541 2379 760 2436 Beitr'age
791 2393 848 2422 zu
878 2377 1098 2422 Libanios
1121 2377 1165 2420 H
1195 2392 1238 2433 p.
1266 2380 1393 2420 8—9.
