2060 3162
228 134 335 188 166
760 133 987 177 LIBANH
1017 133 1241 180 ORATIO
1273 134 1379 179 XVI

225 269 507 338 ἀδίκημα
551 267 888 339 ἡμέτερον,
943 270 998 322 εἰ
1052 273 1206 339 μήτε
1256 271 1495 324 ἔδωκεν
1546 271 1671 324 ὅσα·
1712 287 1915 343 προσ-

223 366 383 427 ῆκεν
421 359 453 427 ἡ
493 366 568 427 γη
608 358 718 421 τάς
755 377 821 411 τε
859 357 1173 428 ἐμπορίας
1221 356 1462 412 ἔπαυσε
1508 360 1582 412 τὰ
1619 358 1767 429 περὶ
1805 361 1917 424 τάς

224 448 410 515 τιμὰς
459 455 585 500 τῶν
636 447 848 500 ὠνίων
887 447 1445 518 νεωτερισθέντα;
1497 448 1525 501 ὁ
1566 445 1627 501 δὲ
1665 456 1916 512 τοιοῦτος

230 537 391 603 λόγος
431 534 769 604 ἀτυχοῦντας
817 536 1120 604 δείκνυσιν,
1162 537 1209 589 εἰ
1255 533 1428 605 μηδὲν
1468 536 1789 600 ἀδικοῦντες
1825 557 1915 606 με-

182 645 202 677 5
228 609 518 692 μισήμεθα.
577 622 705 676 ὥστ’
737 623 789 688 ἐξ
823 623 1148 695 ἀμφοτέρων
1173 626 1543 678 συνεστάλθαι
1567 625 1657 678 καὶ
1681 631 1916 695 θρηνεῖν

227 719 368 765 νοῦν
406 710 644 781 ἐχόντων
682 711 850 781 ἐστίν,
904 711 1001 765 εἴτ’
1039 710 1346 782 ἐξεπίτηδες
1396 714 1632 783 ἄρχοντα
1678 715 1915 784 χρηστὸν

226 800 559 869 ἠδικήκαμεν
599 799 692 854 εἴτ’
734 798 902 854 οὐδὲν
939 802 1313 872 ἡμαρτηκότας
1352 803 1564 869 δαίμων
1594 822 1677 866 τις
1715 802 1916 874 ἐχθρὸς

224 889 394 958 ταύτῃ
454 889 810 960 περιβέβληκε
871 898 935 960 τῇ
993 889 1135 960 δόξῃ.
1233 890 1314 942 16.
1377 889 1494 944 ἀλλ’
1541 889 1726 960 ἐπειδὴ
1781 890 1910 961 παρ’

226 977 382 1045 ὑμῶν
418 974 521 1047 μὲν
558 979 620 1032 τὸ
661 975 835 1047 μηδὲν
872 978 1191 1048 ἠδικηκέναι
1229 980 1395 1048 πολύ,
1433 978 1560 1049 παρ’
1597 978 1812 1033 ἐκείνου
1853 978 1915 1033 δὲ

155 1088 204 1120 ,ιο
229 1065 289 1118 τὸ
329 1067 396 1118 τὰ
432 1064 661 1134 μέγιστα
697 1068 1018 1137 ἠδικῆσθαι,
1056 1068 1319 1136 τοιαύτην
1357 1065 1458 1137 μὲν
1489 1069 1591 1121 οὐκ
1629 1067 1699 1121 ἂν
1739 1066 1914 1131 εὐξαί-

226 1173 336 1223 μην
375 1156 545 1222 ἔγωγε
586 1156 864 1225 διακρῖναι
906 1157 1084 1225 δίκην,
1125 1157 1286 1226 ἄμφω
1327 1158 1429 1226 γὰρ
1469 1158 1630 1225 φίλω,
1670 1155 1760 1210 καὶ
1791 1158 1826 1226 ἥ
1856 1177 1913 1210 τε

224 1243 419 1312 πατρὶς
457 1245 640 1311 τίμιον
686 1244 715 1297 ὅ
755 1264 813 1298 τε
859 1246 1118 1312 βασιλεὺς
1171 1244 1452 1313 αἰδέσιμος
1497 1244 1587 1298 καὶ
1635 1247 1770 1299 κατὰ
1814 1248 1914 1316 τὴν

225 1332 397 1385 αὑτοῦ
430 1333 625 1402 φωνὴν
657 1332 868 1404 ἑταῖρος
900 1335 1008 1402 καί,
1047 1335 1108 1387 τὸ
1140 1333 1414 1402 μέγιστον,
1448 1333 1551 1387 ἀπὸ
1591 1343 1702 1387 τῶν
1733 1337 1914 1403 λόγων

225 1419 323 1483 οὓς
360 1420 635 1490 ἀδελφοὺς
675 1420 781 1490 ἐγώ
822 1441 879 1474 τε
917 1422 1168 1485 κάκεῖνος
1204 1425 1470 1491 τίκτομεν.
1534 1423 1600 1476 οὐ
1640 1425 1749 1492 μὴν
1787 1422 1905 1477 ἀλλ’

161 1529 205 1563 15
228 1507 415 1578 ἐπειδὴ
455 1511 539 1563 δεῖ
575 1510 754 1563 πάντα
795 1510 1000 1581 ὕστερα
1032 1519 1131 1580 ’τῆς
1169 1511 1433 1580 ἀληθείας
1471 1508 1613 1565 εἶναι
1651 1511 1742 1565 καὶ
1780 1524 1912 1583 προ»

225 1605 403 1667 εῖπον,
454 1598 527 1661 ὡς
576 1595 743 1652 οὐδὲν
790 1599 1254 1669 ὑποστειλάμενος
1304 1599 1337 1653 ἃ
1377 1610 1568 1671 φρονῶ
1620 1599 1771 1670 λέξω,
1821 1600 1911 1654 καὶ

224 1689 559 1756 καταστήσας
621 1685 759 1751 ἅπαξ
823 1686 885 1741 ἐν
944 1675 1042 1761 τῷΔ
1077 1690 1478 1757 συμβουλεύειν
1539 1688 1774 1756 ἐμαυτὸν
1836 1691 1914 1752 εἰς

134 1786 177 1830 R
200 1791 286 1830 490
334 1774 579 1844 ἀνάγκην
625 1775 1038 1846 κατακέκλειμαι
1087 1775 1094 1847 Ι
1143 1785 1242 1830 τοῦ
1281 1778 1383 1846 τὴν
1420 1785 1614 1848 ψῆφον
1652 1777 1911 1847 ἐνεγκεῖν,

227 1862 446 1916 λεκτέον
485 1865 519 1916 ἄ
557 1884 619 1932 γε
657 1864 925 1934 φαίνεται.
1898 1858 1901 1862 ’

158 1972 201 2004 20
338 1950 422 2003 17.
480 1950 614 2004 Οὐδ’
652 1954 700 2005 εἰ
752 1953 900 2006 πάνυ
950 1954 1237 2022 πολλάκις,
1293 1951 1334 2007 ὦ
1375 1956 1572 2025 ἄνδρες
1608 1953 1909 2029 Ἀντιοχεῖς,

229 2040 403 2108 φαίην
440 2039 616 2108 μάτην
654 2040 787 2107 ὑμῖν
827 2040 1078 2108 ἐγκαλεῖν
1116 2043 1213 2095 τὸν
1251 2041 1495 2111 βασιλέα,
1536 2043 1810 2109 δυναίμην
1841 2041 1910 2093 ἂν

223 2129 369 2195 πλὴν
405 2126 563 2196 ὑμῶν
600 2131 788 2181 πεῖσαί
823 2149 959 2182 τινα.
1035 2131 1069 2197 η’
1116 2149 1173 2182 τε
1219 2131 1322 2198 γὰρ
1373 2131 1494 2199 περὶ
1541 2132 1710 2191 θεοὺς
1757 2128 1907 2182 εὐσέ-

343 2262 368 2301 2
396 2257 566 2302 ἔπαυσε
582 2285 633 2290 -
658 2263 683 2302 3
709 2256 861 2302 ὠνίων
887 2260 1004 2303 citat
1026 2259 1113 2302 lex.
1132 2259 1331 2302 Darmst.
1358 2259 1389 2302 f.
1410 2264 1519 2302 217v
1544 2275 1627 2303 ΒΝ.
1653 2258 1802 2315 τιμή·
1828 2260 1909 2303 καὶ

222 2315 276 2360 τὸ
308 2313 501 2373 τίμημα·
542 2316 624 2368 τὰς
653 2325 745 2362 τῶν
777 2316 927 2363 ὠνίων
958 2319 1094 2374 τιμὰς
1125 2316 1311 2362 ἐκόλασε
1448 2323 1472 2360 3
1505 2325 1713 2368 τοιοῦτος
1744 2318 1908 2374 scripsi

222 2418 330 2448 cum
356 2404 536 2448 Sinteni
563 2418 588 2449 ο
608 2407 709 2450 Vet
725 2407 771 2448 P
799 2406 879 2461 qui
910 2405 1054 2449 habet
1082 2394 1299 2456 τοὸοῦτος
1358 2414 1576 2456 τοσοῦτος
1598 2407 1768 2462 reliqui
1787 2406 1908 2451 ‚libri

222 2463 315 2507 edd
434 2470 463 2507 4
497 2465 768 2516 ἀδικοῦντες
798 2466 832 2508 Ι
857 2465 939 2508 sed
970 2466 1046 2508 δικ
1077 2465 1125 2507 in
1148 2479 1223 2508 ras
1247 2464 1317 2508 m²
1437 2470 1462 2509 5
1494 2466 1756 2522 μισούμεθα
1787 2466 1909 2509 Fabr

285 2527 308 2564 7
342 2521 627 2579 ἠδικήσαμεν
658 2524 781 2568 Fabr
902 2528 926 2567 9
958 2523 1085 2580 ἡμῶν
1121 2525 1192 2569 UI
1220 2528 1226 2580 Ι
1253 2523 1335 2580 μὲν
1367 2538 1442 2568 om
1468 2526 1531 2568 M
1559 2525 1565 2583 Ι
1594 2522 1754 2583 ἐκείνῳ
1785 2524 1908 2568 Fabr

287 2584 340 2623 10
371 2581 423 2624 τὸ
456 2595 531 2624 om
555 2582 678 2637 Fabr
704 2583 714 2657 Ι
737 2581 794 2626 τὰ
826 2596 902 2626 om
928 2583 1012 2627 Mo
1039 2583 1044 2641 Ι
1073 2582 1155 2639 μὲν
1187 2597 1262 2627 om
1287 2583 1377 2626 edd
1405 2586 1410 2639 Ι
1440 2586 1624 2639 „malim
1656 2581 1906 2639 δεξαίμην“

226 2639 294 2681 Re
312 2639 450 2682 Anim
571 2645 623 2683 11
658 2644 775 2697 φιλω
801 2642 967 2698 scripsi
991 2643 1180 2686 auctore
1203 2643 1271 2685 Re
1333 2645 1450 2698 φιλῶ
1474 2642 1584 2686 libri
1608 2645 1742 2700 (φιλῷ
1766 2643 1802 2701 Ι
1825 2642 1907 2685 sed

226 2701 263 2756 ᾧ
279 2698 328 2740 in
345 2711 419 2741 ras
436 2698 520 2756 111²)
539 2700 630 2743 edd
744 2705 796 2744 13
816 2701 960 2744 αὑτοῦ
978 2701 1142 2757 scripsi
1197 2701 1340 2745 αὐτοῦ
1356 2701 1466 2744 libri
1483 2701 1575 2744 edd
1689 2706 1743 2744 14
1768 2699 1909 2757 ἔγωγέ

222 2772 273 2800 τε
300 2757 362 2799 M
381 2757 502 2800 Fabr
624 2763 676 2801 15
708 2758 898 2813 ὕστερον
917 2761 1001 2804 Mo
1028 2762 1034 2816 Ι
1061 2765 1143 2815 τῆς
1165 2760 1288 2803 inser
1311 2760 1368 2803 1³
1429 2775 1504 2803 om
1528 2760 1639 2803 ΒΜ
1748 2762 1802 2802 1-6
1827 2759 1907 2802 καὶ

224 2828 303 2857 om
328 2815 412 2859 Mo
536 2821 587 2858 17
622 2817 687 2869 εἰς
710 2817 761 2860 τὸ
789 2819 871 2863 VB
995 2823 1048 2862 18
1080 2817 1460 2875 κατακέκλεισμαι
1483 2820 1576 2863 ΑΡ
1605 2818 1686 2862 sed
1709 2818 1758 2861 in
1781 2818 1907 2860 hiso

225 2873 352 2917 inser
382 2873 463 2927 m²‚
500 2875 631 2920 VUB
691 2875 1016 2932 κατακίκλιμαι
1050 2878 1134 2921 Mo
1264 2881 1316 2920 19
1348 2879 1456 2933 post
1487 2874 1706 2932 φαίνεται
1736 2876 1906 2919 lacuna

222 2936 256 2973 4
288 2931 367 2976 lit-t
398 2932 447 2975 in
482 2934 519 2977 Ο
635 2939 688 2976 22
721 2935 826 2989 περὶ
856 2936 965 2986 τοὺς
994 2937 1138 2986 θεοὺς
1170 2936 1254 2980 Mo
1895 2961 1900 2967 ·
