2060 3162
234 144 341 195 568
746 143 974 186 LIBANII
1007 142 1231 187 ORATIO
1263 143 1392 187 XXV

234 300 361 347 ται,
419 280 498 342 ὡς
551 281 867 349 κρείττων
920 298 989 347 γε
1042 279 1242 349 ταύτῃ
1297 286 1412 332 τοῦ
1467 279 1733 343 εἵλωτος
1787 278 1929 334 ἐσό-

233 388 450 437 μενος,
512 366 590 436 ἢν
644 367 764 420 ἀπὸ
819 369 1021 436 μόνης
1075 370 1423 438 νεωτερίζῃ
1477 376 1587 437 τῆς
1641 368 1929 432 ἀσπίδος.

232 457 721 526 μεμηχάνηνται
777 457 851 525 δὴ
909 455 1015 509 καὶ
1070 458 1334 519 κλεῖδας
1389 456 1459 519 ἃς
1514 462 1770 510 οἴονται
1820 465 1930 526 τῆς

232 543 378 615 παρ’
423 543 695 598 ἐκείνων
771 544 1160 614 ἐπιβουλῆς
1238 546 1666 616 ἰσχυροτέρας
1743 542 1930 600 εἶναι.

190 655 209 687 5
236 633 319 686 64.
380 632 534 687 ταυτὶ
574 633 622 686 δ’
655 633 724 687 ἂν
771 639 853 702 εἴη
894 635 1314 687 συνοικούντων
1359 654 1416 687 τε
1464 636 1622 706 φόβῳ
1669 636 1760 688 καὶ
1798 633 1923 704 μηδ’
2001 621 2006 625 ”

235 722 503 776 ἀναπνεῖν
558 722 813 790 ἐωμένων
865 723 974 776 ὑπὸ
1029 732 1142 776 τῶν
1195 721 1257 775 εἶν
1311 732 1430 785 ταῖς
1484 722 1664 777 ἐλπίσι
1716 725 1931 778 δεινῶν.

234 811 331 874 οὓς
378 808 483 864 οὖν
529 811 1095 882 ἀριστοποιουμένους
1137 811 1228 865 καὶ
1276 813 1657 876 καθεύδοντας
1701 812 1793 866 καὶ
1842 812 1924 866 ἐπ’

234 903 367 954 ἄλλο
409 922 461 954 τι
501 902 822 970 βαδίζοντας
859 902 921 955 τὸ
957 902 1118 970 δεῖμα
1152 911 1265 954 τῶν
1295 903 1524 955 οἰκετῶν
1556 902 1778 970 ὁπλίζει,
1816 912 1932 965 πῶς

235 989 304 1043 ἂν
337 985 498 1043 οὗτοί
520 1010 599 1058 γε,
633 987 674 1043 ὦ
706 998 806 1043 παῖ
829 992 1240 1060 Καλλαίσχρου,
1272 995 1525 1060 καθαρᾶς
1556 990 1931 1044 ἀπολαύσειαν

170 1099 211 1132 ιο
235 1087 330 1148 τῆς
369 1078 714 1149 ε’λευθερίας;
767 1072 851 1142 οἷς
891 1079 1156 1132 ἐπέθεντο
1196 1076 1297 1146 μὲν
1335 1081 1469 1148 μετὰ
1508 1087 1608 1132 τοῦ
1649 1081 1932 1133 Ποσειδῶ-

235 1188 334 1231 νος
374 1169 433 1220 οἱ
469 1169 682 1237 δοῦλοι,
723 1169 920 1236 δεῖγμα
960 1165 1021 1221 δὲ
1060 1167 1468 1237 ἐξενηνόχεσαν,
1509 1169 1582 1231 ὡς
1622 1168 1683 1222 ἐν
1721 1168 1934 1237 ὁμοίοις

235 1266 447 1326 καιροῖς
487 1256 650 1326 ὅμοια
690 1257 1011 1327 δράσουσιν.
1087 1257 1269 1327 ὥσπερ
1311 1252 1416 1310 οὗν
1455 1258 1508 1310 οἱ
1554 1260 1799 1325 βασιλεῖς
1838 1258 1932 1311 αὐ-

236 1355 351 1408 τοῖς
391 1346 457 1398 οὐ
498 1346 642 1415 μάλα
680 1342 823 1414 ἦσαν
869 1344 1159 1416 ἐλεύθεροι
1210 1354 1325 1409 τοῖς
1364 1344 1589 1415 ἐφόροις
1628 1345 1932 1415 δεδομένου

237 1435 404 1502 δῆσαί
460 1454 518 1487 τε
578 1434 810 1504 βασιλέα
868 1433 960 1487 καὶ
1015 1443 1249 1503 κτεῖναι,
1313 1434 1457 1488 οὕτω
1517 1435 1828 1502 σύμπαντες
1881 1436 1931 1488 οἱ

170 1543 211 1576 15
237 1527 581 1594 Σπαρτιᾶται
627 1524 730 1593 τὴν
768 1522 1097 1593 ἐλευθερίαν
1137 1521 1423 1595 ἀφῄρηντο
1473 1527 1740 1588 συζῶντες
1780 1527 1933 1594 ἔχθει

235 1619 311 1684 τῷ
344 1613 491 1682 παρὰ
530 1622 642 1666 τῶν
681 1614 922 1667 οἰκετῶν.

349 1701 433 1754 65.
461 1700 647 1764 Ἵλεως
687 1699 748 1754 δὲ
787 1699 924 1754 ἔστω
964 1702 1053 1754 καὶ
1095 1701 1123 1755 ὁ
1164 1703 1307 1765 Διὸς
1339 1699 1611 1773 “Ηρακλῆς
1649 1711 1765 1765 τοῖς
1806 1700 1929 1754 ἑπο-

236 1788 425 1858 μένοις
476 1798 541 1861 τῇ
591 1792 738 1861 παρὰ
787 1800 900 1843 τῶν
953 1800 1198 1860 ποιητῶν
1253 1792 1581 1861 διδασκαλίᾳ
1635 1791 1932 1844 δουλεῦσαι

148 1892 190 1934 R
212 1891 327 1935 1188
368 1881 606 1950 λεγούσῃ
645 1881 744 1932 τὸν
777 1878 1050 1950 “Ηρακλέα
1087 1882 1190 1948 τήν
1227 1899 1284 1932 τε
1323 1880 1567 1948 μεγάλην
1601 1881 1606 1949 Ι
1642 1880 1935 1950 Εὐρυσθεῖ

172 1989 215 2021 20
240 1969 502 2021 δουλείαν
550 1967 641 2021 καὶ
690 1967 882 2037 ἑτέραν
932 1967 994 2022 ἐν
1032 1970 1243 2040 Λυδίᾳ,
1294 1969 1384 2021 καὶ
1433 1969 1462 2022 ὁ
1507 1971 1645 2031 Ζεὺς
1697 1971 1933 2036 ἔστενεν,

239 2056 337 2110 ὅθ’
370 2055 476 2110 ἑὸν
515 2059 715 2126 φίλον
752 2058 902 2110 υἱὸν
943 2057 1142 2129 ὁρῷτο
1182 2065 1466 2110 πονοῦντα
1498 2056 1559 2110 ἐν
1590 2066 1706 2119 τοῖς
1737 2057 1933 2118 ἄθλοις

341 2191 384 2230 ,3
431 2187 573 2232 Arist.
605 2187 788 2231 Thesm.
823 2193 907 2231 421
920 2202 986 2243 sq.
1171 2193 1197 2231 9
1245 2189 1301 2231 cf.
1335 2189 1368 2230 t.
1394 2187 1458 2231 IV
1475 2192 1559 2230 447
1572 2201 1662 2242 sq.3
1696 2191 1796 2241 448,
1816 2192 1871 2230 25

241 2250 295 2289 10
328 2246 471 2290 Thuc.
489 2246 511 2289 Ι
537 2251 635 2302 128,
655 2252 677 2289 1
705 2248 752 2291 et
779 2251 875 2290 101.
931 2246 1145 2290 Paus.1V
1162 2251 1232 2300 24,
1251 2252 1358 2302 bsq.
1484 2251 1538 2289 13
1563 2246 1746 2289 Thu0.1
1773 2250 1871 2300 131,
1891 2251 1930 2289 2.

238 2306 683 2362 Xen,rep.Lac.8,4.
709 2305 831 2349 Plut.
848 2304 1099 2349 Cleom.10.
1125 2306 1475 2349 1socr.Panath.
1495 2310 1614 2358 §181
1709 2309 1764 2348 20
1790 2304 1928 2361 Soph.

239 2365 402 2408 Trach.
430 2370 515 2409 248
530 2380 596 2420 sq.
721 2370 774 2408 21
808 2365 858 2408 Il.
884 2381 908 2408 τ
936 2369 1019 2407 132

360 2489 383 2527 1
434 2499 484 2541 γε
516 2484 565 2526 in
587 2497 663 2527 ras
689 2483 761 2527 P³
810 2484 816 2541 Ι
867 2481 1051 2534 εἴλωτος
1081 2484 1127 2527 P
1156 2482 1237 2526 sed
1265 2480 1275 2494 ‘
1314 2482 1364 2525 in
1392 2479 1404 2495 ³
1442 2496 1555 2538 corr,
1589 2483 1674 2526 Mo
1705 2482 1787 2525 sed
1813 2479 1824 2497 ⁶
1863 2495 1888 2525 e
1916 2478 1929 2495 ’

241 2556 343 2586 corr
372 2543 443 2585 m²
503 2542 688 2592 εἴλωτος
719 2543 764 2587 Α
886 2547 912 2585 3
944 2540 1262 2599 μεμηχάνηται
1294 2543 1340 2586 Β
1369 2546 1373 2596 Ι
1403 2540 1582 2585 οἴονται
1616 2542 1660 2585 V
1684 2542 1766 2585 sed
1797 2557 1852 2585 ov
1882 2541 1933 2583 in

239 2614 315 2644 ras
377 2601 523 2646 οἴεται
548 2603 594 2645 Β
715 2606 741 2644 5
773 2601 907 2645 ταυτὶ
932 2601 1017 2645 Mo
1049 2600 1130 2643 sed
1163 2618 1193 2644 α
1225 2614 1281 2643 ex
1313 2617 1336 2644 ο
1370 2615 1471 2643 corr
1492 2600 1563 2643 m²
1590 2603 1596 2657 Ι
1625 2599 1695 2657 εἴη
1726 2600 1777 2643 in
1799 2613 1934 2656 marg

243 2659 350 2704 Mo²
472 2666 498 2704 8
531 2663 696 2717 δεῖγμα
722 2663 807 2705 Mo
928 2665 953 2703 9
986 2657 1268 2716 καλαίσχρου
1295 2662 1379 2704 Mo
1393 2661 1573 2705 UIBM
1690 2664 1742 2702 11
1775 2659 1827 2703 δὲ
1857 2673 1931 2702 om

248 2719 293 2762 U
348 2716 394 2764 δ’
415 2720 484 2763 Re
607 2725 660 2763 12
687 2718 913 2775 δράσουσι
928 2719 998 2763 Re
1121 2724 1174 2762 13
1200 2717 1453 2775 δεδομένον
1471 2717 1616 2763 Cobet
1631 2717 1826 2762 Miscell.
1847 2722 1931 2760 144

303 2783 358 2821 14
391 2776 536 2828 οὕτως
558 2780 692 2824 AMO
815 2782 869 2822 15
902 2784 1181 2832 σπαρτιᾶται
1208 2780 1269 2822 M
1327 2777 1606 2833 σπαρτιάται
1629 2777 1799 2832 reliqui
1822 2775 1933 2819 libri

240 2837 308 2880 Re
431 2841 487 2880 20
519 2836 656 2882 avola
686 2838 722 2881 Ι
747 2838 829 2881 sed
860 2838 946 2880 λυδ
976 2836 1028 2879 in
1057 2850 1132 2880 ras
1164 2837 1234 2879 m³
1293 2839 1371 2880 λια
1403 2837 1612 2880 αητθοθᾶ.
1637 2850 1712 2879 ras
1740 2841 1766 2878 2
1790 2835 1870 2878 litt
1894 2835 1939 2879 U

287 2895 333 2953 ὁ]
360 2896 455 2948 ebs?
639 2901 692 2939 21
728 2895 872 2953 ὁρῷτο
905 2895 1073 2951 scripsi
1150 2895 1289 2951 ὁρᾶτο
1325 2897 1475 2940 MoM
1502 2896 1585 2939 sed.
1615 2895 1665 2938 in
1697 2895 1785 2938 hoc
1816 2893 1851 2938 ὡ
1883 2893 1932 2936 in

241 2967 390 3012 marg,
422 2955 489 2998 Re
551 2956 700 3010 ὡρᾶτο
733 2954 904 3010 reliqui
933 2954 1044 2997 libri
