2072 3162
251 107 354 160 108
781 106 1010 150 LIBANII
1041 106 1265 151 ORATIO
1298 107 1404 151 XIV

245 247 485 311 κλῆσθαι
533 244 598 294 τὰ
648 243 814 310 μικρὰ
862 243 1177 312 τεκμήριον;
1230 247 1441 310 μᾶλλον
1491 243 1594 312 γὰρ
1645 243 1787 305 εἰκὸς
1836 244 1942 296 τὸν

246 333 313 385 οὐ
368 330 495 401 παρ’
546 331 727 382 ἄλλων
783 331 1043 399 εἰληφότα
1099 331 1236 399 μηδὲ
1289 338 1452 384 τοῦτο
1509 335 1699 399 λαβεῖν
1752 330 1785 399 ἢ
1839 332 1942 384 τὸν

245 427 408 472 τοῦτο
447 419 813 485 θαυμάσαντα
851 429 963 472 τῶν
994 421 1256 488 μειζόνων
1289 419 1645 489 ἀποσχέσθαι.
1707 419 1793 472 58.
1832 427 1943 483 πᾶς

246 509 367 577 γάρ,
409 504 449 560 ὦ
489 510 744 576 βασιλεῦ,
784 510 1190 578 φιλοχρήματος
1227 509 1427 578 μικρὸν
1466 505 1633 561 οὐδὲν
1673 507 1726 572 ἐξ
1764 509 1937 576 Αἰγύ-

201 618 221 650 5
245 615 385 649 πτου
426 596 664 666 φέρεται.
743 596 826 666 ῥεῖ
876 597 979 666 γὰρ
1021 597 1222 649 αὐτόθι
1268 597 1401 664 μετὰ
1446 604 1545 649 τοῦ
1584 599 1794 649 Νείλου
1845 595 1937 649 καὶ

244 686 311 737 τὰ
363 685 552 755 κε’ρδη,
606 683 697 737 καὶ
752 685 964 737 τούτων
1014 685 1115 737 οὐκ
1167 683 1397 753 ἀφανεῖς
1443 686 1498 737 αἱ
1545 687 1727 753 πηγαί.
1806 685 1834 739 ὁ
1876 682 1937 738 δὲ

246 773 420 836 οὕτως
459 770 528 842 ἧν
560 775 757 836 ἄθλιος
794 772 886 826 καὶ
924 774 1214 842 χρημάτων
1252 793 1310 826 τε
1348 774 1526 841 ἥττων
1564 775 1652 826 καὶ
1684 782 1783 827 τοῦ
1815 793 1936 844 κερ-

245 864 458 915 δαίνειν
527 863 776 932 ἄπειρος,
854 860 993 915 ὥσθ’
1051 861 1210 915 ἕνεκα
1286 863 1585 915 διακοσίων
1654 865 1943 933 στατήρων

246 952 513 1020 αἰσχύνην
543 952 845 1013 κινδύνους
878 953 1114 1019 ἔχουσαν
1145 950 1444 1019 ὑπομένειν
1475 949 1681 1021 ᾑρεῖτος
1720 951 1807 1004 59.
1846 950 1937 1004 καὶ

178 1062 222 1093 ιο
245 1041 354 1108 μὴν
393 1045 443 1092 εἰ
480 1037 579 1109 μὲν
620 1039 909 1106 ἐπιθυμῶν
947 1043 1141 1108 λαβεῖν
1187 1036 1281 1092 εἶτ’
1322 1040 1423 1092 οὐκ
1470 1037 1609 1109 ἔχων
1648 1041 1724 1102 εἰς
1762 1042 1822 1092 τό
1861 1060 1943 1112 τῳ

246 1129 617 1198 συμπράττειν
670 1130 911 1195 δύναμιν
961 1125 1093 1181 οὐδὲ
1143 1129 1241 1181 τὸν
1287 1130 1538 1181 δώσοντα
1589 1125 1750 1198 εἶχεν,
1805 1128 1939 1182 ἀπο-

246 1220 441 1286 λογίαν
494 1219 602 1286 ἔχει
656 1218 757 1286 τὴν
818 1217 1117 1270 ἀσθένειαν
1171 1217 1369 1286 αὐτήν·
1433 1219 1479 1270 εἰ
1535 1216 1584 1269 δ’
1617 1219 1696 1270 ὢν
1748 1218 1945 1284 κύριος

154 1319 303 1362 R446
341 1308 689 1375 πολλαχόθεν
747 1304 752 1375 Ι
810 1312 1142 1375 μισθαρνεῖν
1192 1306 1294 1358 οὐκ
1344 1304 1538 1376 ἐχρῆτο
1587 1315 1651 1376 τῇ
1707 1306 1941 1372 δυνάμει

244 1395 382 1465 πρὸς
420 1397 614 1465 πόρον,
664 1405 777 1457 πῶς
817 1394 885 1447 ἂν
924 1399 1135 1461 μᾶλλον
1173 1397 1372 1463 φανείη
1424 1398 1687 1464 κρείττων
1737 1395 1942 1464 χρημά-

179 1505 221 1538 15
244 1503 381 1552 των;
435 1483 467 1551 ἢ
514 1487 597 1546 τίς
645 1483 714 1536 ἂν
763 1486 1022 1552 βασιλεὺς
1067 1484 1243 1555 τούτῳ
1293 1484 1582 1554 πράγματα
1637 1482 1945 1552 ἐγχειρίσας

247 1572 418 1625 αὑτὸν
458 1573 784 1637 αἰτιάσαιτο;

358 1661 443 1713 60.
471 1658 698 1729 ΡΉσθην
730 1660 794 1713 δέ
825 1681 977 1723 τινος
1016 1663 1263 1724 εἰπόντος
1303 1660 1364 1714 ἐν
1403 1659 1555 1731 μέρει
1594 1663 1939 1730 κατηγορίας,

246 1749 318 1812 ὡς
358 1745 517 1812 οὗτός
557 1749 669 1802 ε’στι
703 1749 1074 1818 διειλεγμένος
1114 1749 1300 1820 ἑταίρᾳ
1330 1748 1441 1803 τινὶ
1472 1760 1584 1803 τῶν
1616 1749 1704 1803 ἐπὶ
1737 1757 1946 1818 σκηνῆς

245 1847 540 1905 γυναικῶν.
603 1839 668 1891 οὐ
710 1840 813 1907 γὰρ
856 1835 999 1907 οἶδα,
1037 1841 1190 1901 τίνας
1229 1838 1299 1892 ἂν
1337 1839 1442 1908 πρὸ
1476 1839 1689 1891 τούτων
1721 1837 1939 1907 ἐζήτησε

179 1948 224 1980 20
248 1927 464 1994 λόγους,
506 1928 551 1978 εἰ
593 1928 902 1996 συνήγορος
939 1924 1022 1995 ἦν.
1087 1927 1170 1979 61.
1212 1927 1346 1996 φέρε
1379 1928 1503 1997 γάρ’
1544 1929 1592 1980 εἰ
1624 1926 1729 1994 ἐγὼ
1761 1935 1940 1979 ποιῶν

235 2012 616 2083 Ἀριστοφάνει
654 2015 830 2084 τούτῳ
877 2023 983 2067 νῦν
1031 2014 1303 2083 ἐγκώμιον
1353 2017 1484 2081 μετὰ
1531 2016 1628 2067 τὸν
1675 2015 1779 2067 ἀπὸ
1827 2024 1944 2067 τῶν

248 2104 430 2155 ἄλλων
470 2106 699 2156 ἔπαινον
739 2102 826 2155 ἐπὶ
866 2103 963 2155 τὸν
1007 2110 1103 2170 τῆς
1150 2101 1463 2172 ἐγκρατείας
1513 2104 1808 2170 προελθὼν
1854 2104 1943 2155 τό-

370 2313 397 2351 6·
427 2307 534 2352 Her.
560 2307 603 2350 H
628 2312 682 2351 28
807 2311 830 2350 7
862 2306 947 2350 Iul.
976 2320 1045 2363 ep.
1066 2311 1121 2350 74

372 2505 396 2542 2
432 2499 580 2543 ἄλλων
606 2499 698 2556 (τὰ
723 2497 893 2558 μείζω)
919 2496 1141 2554 εἰληφότα
1167 2497 1323 2541 Gasda,
1444 2502 1468 2540 6
1499 2495 1543 2541 δ’
1565 2498 1632 2541 Re
1754 2502 1779 2541 8
1805 2498 1941 2542 ἄπει-

251 2574 330 2613 ρος
362 2559 407 2601 Ρ
435 2559 516 2601 sed
549 2577 578 2601 α
610 2559 659 2601 in
681 2572 758 2601 ras
782 2559 851 2601 m⁵
996 2562 1019 2600 9
1053 2557 1236 2613 signum
1270 2557 1650 2613 interrogationis
1683 2571 1707 2601 e
1734 2559 1777 2602 V
1801 2557 1938 2614 posui

313 2621 366 2659 10
398 2616 449 2660 τό
481 2634 543 2675 τῳ
583 2616 892 2673 συμπράττειν
937 2617 1102 2672 scripsi
1171 2623 1306 2660 τοῦτο
1347 2615 1655 2672 συμπράττειν
1698 2616 1808 2660 libri
1847 2616 1939 2659 edd

250 2676 444 2731 excepto
485 2677 609 2731 quod
641 2676 692 2719 τὸ
726 2678 835 2719 ante
874 2683 1009 2720 τοῦτο
1042 2677 1166 2718 inser
1196 2676 1230 2718 I
1237 2674 1253 2699 ²
1292 2676 1340 2718 et
1370 2691 1437 2718 ειν
1477 2675 1527 2718 in
1567 2691 1711 2719 ουσαν
1745 2690 1845 2719 corr
1868 2674 1938 2718 B2

311 2740 423 2788 „aut
461 2734 525 2785 εἰς
566 2742 701 2778 τοῦτο
743 2734 1128 2790 συμπράττουσαν
1171 2740 1255 2778 aut
1296 2734 1360 2785 εἰς
1396 2734 1448 2778 τὸ
1493 2734 1828 2791 συμπράττειν“
1867 2733 1936 2776 Re

248 2792 410 2847 Anim‚
458 2793 523 2842 εἰς
560 2793 611 2836 τὸ
653 2792 828 2851 ὁτῳοῦν
868 2793 1174 2849 συμπράττειν
1215 2793 1318 2836 coni
1361 2793 1410 2835 in
1442 2793 1551 2836 edit.
1736 2797 1786 2836 11
1830 2793 1940 2847 post

251 2849 509 2908 ἀπολογίαν
540 2865 615 2894 ras
650 2857 702 2894 12
743 2851 839 2895 fere
878 2851 957 2894 litt
981 2854 1012 2895 1
1189 2856 1242 2894 16
1288 2851 1431 2895 αὑτὸν
1464 2852 1627 2907 scripsi
1660 2865 1684 2895 e
1726 2852 1839 2896 VIB
1871 2851 1939 2907 (in

250 2925 342 2966 quo
378 2911 439 2953 ‘e'
475 2913 591 2966 corr)
666 2910 808 2954 αὐτὸν
839 2910 1009 2966 reliqui
1039 2910 1149 2953 libri
1181 2911 1272 2953 edd
