2072 3162
706 125 934 170 LIBANH
964 123 1188 170 ORATIO
1218 125 1327 169 XHI
1789 125 1856 177 71

178 263 376 332 ήπτου,
416 260 533 316 ἀλλ’
570 262 752 332 ὥσπερ
792 262 840 315 εἰ
878 270 1099 331 πρῶτον
1137 258 1320 314 πλέων
1358 259 1462 313 ἀπὸ
1502 268 1602 314 τοῦ
1643 264 1863 314 Σικελι-

178 360 278 405 κοῦ
317 356 577 422 πορθμοῦ
616 351 718 419 τὴν
755 351 978 420 πρώτην
1016 349 1310 418 ἀναγωγὴν
1356 348 1573 418 ε’ποιοῦ,
1620 352 1862 418 χαλεπω-

178 440 343 494 τάτου
383 459 444 508 γε
480 444 759 509 πορθμοῦ,
802 438 875 501 ὡς
900 436 1132 508 Ὅμηρός
1170 457 1228 490 τε
1269 438 1428 506 δηλοῖ
1466 436 1558 491 καὶ
1596 446 1863 508 μαρτυρεῖ

183 529 543 597 Θουκυδίδης,
582 527 758 590 οὕτως
796 526 902 580 ἀπὸ
941 534 1036 595 τῆς
1069 525 1316 597 ἑσπέρας,
1352 525 1439 594 ἥδ’
1471 525 1586 580 ἐστι
1617 524 1861 595 πολέμου

178 619 398 688 χωρίον,
437 616 611 687 ἀρχὴν
649 615 851 684 ἐβάλου
881 625 994 669 τῶν
1027 617 1331 684 βασιλικῶν
1362 616 1568 669 ἄθλων.
1644 615 1730 668 23.
1770 616 1863 668 καὶ
1909 636 1928 668 5

177 706 238 759 τὸ
276 702 377 775 μὲν
423 713 602 774 σχῆμα
644 701 716 773 ἦν
762 703 1062 774 δεχομένου
1099 703 1264 774 μέρος
1308 714 1419 757 τῶν
1465 706 1659 772 ὄντων,
1698 705 1759 757 τὸ
1801 701 1863 757 δὲ

177 795 342 863 ἔργον
377 795 444 847 τὰ
480 796 638 863 μήπω
674 796 681 859 Ι
715 795 964 864 παρόντα
999 792 1294 860 κτωμένου.
1365 791 1633 862 ἐπορεύου
1666 794 1770 863 γὰρ
1801 805 1843 849 R
1863 809 1949 849 412

176 881 258 936 ἐπ’
288 882 526 951 ὀνόματα
556 884 773 935 πόλεων
810 886 1021 951 μᾶλλον
1058 882 1092 951 ἢ
1127 883 1312 944 πόλεις
1350 882 1442 934 καὶ
1478 884 1728 950 ποιήσων
1766 883 1862 934 πό-

179 975 294 1034 λεις
326 969 359 1039 ἢ
386 973 723 1040 χρησόμενος
747 972 956 1034 οὔσαις·
1005 971 1142 1024 ὥστε
1164 968 1352 1044 ἐῴκεις
1377 972 1588 1040 οἰκιστῇ
1613 978 1719 1039 γῆν
1743 972 1864 1041 ἔρη-

180 1080 289 1128 μον
329 1061 587 1124 οἰκίζοντι
625 1069 738 1113 τῶν
775 1061 1229 1130 προσοικούντων
1260 1059 1362 1113 οὐκ
1394 1061 1584 1113 ὄντων.
1646 1059 1732 1112 24.
1763 1066 1863 1112 τοῦ
1888 1081 1930 1113 10

175 1149 280 1218 γὰρ
319 1158 431 1201 τῶν
467 1149 766 1219 βαρβάρων
804 1147 1074 1218 ῥεύματος
1113 1147 1507 1211 ἐπικλύσαντος
1544 1148 1646 1216 τὴν
1685 1150 1861 1201 Γαλα-

174 1245 288 1291 τῶν
326 1237 702 1306 εὐδαιμονίαν,
747 1240 959 1306 μᾶλλον
1006 1234 1067 1290 δὲ
1112 1239 1472 1306 πεποιηκότος
1508 1247 1620 1290 τῶν
1658 1237 1862 1307 βαρβά-

176 1346 292 1396 ρων
330 1327 396 1379 τὰ
433 1327 663 1395 τούτων,
704 1326 771 1379 οὐ
811 1327 916 1394 γὰρ
954 1326 1135 1379 πάντα
1173 1324 1368 1395 ἐφεξῆς
1406 1327 1696 1396 ἔφθειραν,
1737 1324 1854 1379 ἀλλ’

175 1409 327 1484 εἶχον
365 1415 466 1468 ὅσα
505 1413 631 1484 ἐξῆν
670 1415 831 1484 ἄγειν
868 1413 961 1468 καὶ
992 1410 1135 1483 ἦσαν
1168 1416 1514 1485 ἰσχυρότεροι
1547 1423 1662 1477 τοῖς
1694 1416 1862 1467 ἔνθεν

173 1502 659 1573 προσγενομένοις,
699 1504 801 1557 οὐκ
838 1504 1145 1572 ἠγάπησας,
1193 1504 1241 1556 εἰ
1279 1505 1502 1571 στήσαις
1538 1504 1639 1571 τὴν
1675 1503 1860 1571 ὕβριν,
1885 1524 1927 1556 15

176 1588 309 1645 οὐδὲ
346 1593 408 1645 τὸ
447 1595 521 1660 μή
559 1611 612 1644 τι
650 1597 856 1645 παθεῖν
896 1591 1087 1662 ἀρκεῖν
1124 1591 1329 1660 ἡγήσω,
1367 1593 1545 1644 καίτοι
1576 1591 1666 1644 καὶ
1697 1599 1860 1644 τοῦτο

176 1677 248 1749 ἦν
301 1679 561 1748 μέγιστον
611 1679 672 1732 ἐν
724 1679 867 1752 μέσῳ
919 1679 1207 1749 ληφθέντα
1259 1687 1358 1733 τοῦ
1412 1680 1588 1749 πυρὸς
1637 1681 1860 1748 κρείττω

178 1767 442 1837 γενέσθαι
482 1776 576 1837 τῆς
615 1770 845 1838 φλογός,
890 1767 1010 1821 ἀλλ’
1038 1770 1088 1821 εἰ
1125 1769 1197 1838 μὴ
1236 1769 1439 1839 πικρὰν
1478 1769 1663 1830 αὐτοῖς
1701 1788 1862 1821 κατα-

178 1859 403 1926 στήσαις
433 1858 534 1926 τὴν
563 1856 774 1926 ἡδονὴν
803 1858 875 1926 ἣν
905 1858 1107 1926 ἥδοντο
1138 1867 1415 1926 νικῶντες,
1452 1856 1544 1910 καὶ
1575 1858 1677 1926 τὴν
1707 1859 1861 1910 λείαν

174 1943 456 2014 ἐπιζήμιον
501 1945 571 2013 ἣν
618 1945 831 2015 ἀπῆγον
875 1955 1214 2016 τρυφῶντες,
1266 1946 1367 1999 οὐκ
1413 1945 1600 2015 ἠξίους
1646 1947 1724 2009 εἰς
1762 1947 1860 1999 τὸν
1883 1967 1927 1999 20

173 2034 335 2102 ἥλιον
388 2032 696 2104 ἐλευθέρως
748 2034 990 2103 βλέπειν,
1054 2034 1176 2088 ἀντὶ
1229 2045 1341 2088 τῶν
1394 2033 1774 2088 ἐκδεδωκότων
1829 2034 1857 2088 ὁ

173 2124 511 2192 πειρώμενος
550 2122 850 2188 ἀνασώζειν
888 2125 1297 2192 αἰσχυνόμενος.

286 2210 371 2264 25.
404 2210 684 2265 Ἐνταῦθα
723 2213 790 2280 δὴ
828 2220 928 2265 τοῦ
968 2214 1135 2280 λόγου
1173 2214 1467 2280 γενόμενος
1492 2209 1728 2282 Ὅμηρος
1758 2208 1860 2279 μὲν

294 2405 319 2443 3
353 2399 436 2444 Od.
463 2417 492 2457 μ
526 2405 580 2444 73
594 2415 660 2457 sq.
695 2405 780 2444 235
795 2416 861 2457 sq.
984 2407 1011 2445 4
1043 2401 1185 2445 Thuc.
1211 2400 1362 2457 IV24‚
1381 2405 1408 2444 4
1529 2405 1555 2445 5
1587 2401 1706 2445 Plat.
1733 2414 1803 2458 ep.
1832 2405 1856 2444 7

174 2474 219 2516 p.
246 2463 330 2503 326
347 2459 385 2502 Ε
508 2465 561 2503 23
593 2459 644 2503 Π.
671 2461 700 2518 β
723 2465 810 2504 484

298 2640 322 2679 1
365 2635 559 2691 ὡσπερεὶ
591 2636 636 2680 U
662 2638 710 2680 et
741 2650 797 2680 ex
828 2635 977 2692 ὥσπερ
1010 2638 1052 2682 εἰ
1083 2651 1184 2680 corr
1207 2638 1242 2681 Ι
1384 2641 1410 2679 3
1441 2639 1670 2694 πορθμῶν
1703 2635 1739 2680 S
1767 2636 1858 2680 edd

237 2698 263 2737 3
292 2710 341 2738 τε
371 2694 495 2738 inser
518 2694 576 2738 1²
652 2709 727 2739 om
752 2696 814 2738 M
950 2702 978 2740 4
1009 2695 1038 2752 ἡ
1071 2695 1123 2741 δὲ
1153 2696 1222 2740 Re
1252 2710 1364 2739 num
1395 2693 1424 2751 ἤ
1454 2693 1533 2753 y’?
1678 2700 1732 2739 11
1765 2702 1856 2739 τῶν

176 2754 259 2798 Mo
382 2758 434 2796 13
467 2753 634 2810 ἐφεξῆς
664 2769 740 2798 om
772 2755 808 2799 S
833 2754 935 2798 Mor
1064 2759 1117 2798 15
1149 2753 1530 2812 προσγινομένοις
1562 2756 1607 2799 V
1638 2755 1686 2797 et
1716 2767 1856 2810 supra

234 2826 355 2867 προσ
386 2810 622 2868 ενομένοις
645 2813 752 2857 Mo’
866 2818 919 2857 16
944 2811 1096 2857 καίτοι
1118 2840 1178 2846 -
1204 2818 1257 2857 18
1283 2812 1455 2869 φλογός
1478 2828 1553 2857 om
1572 2813 1609 2857 S
1628 2813 1742 2868 Mor,
1775 2812 1855 2867 qui

175 2870 316 2914 verba
346 2828 404 2926 ’ἔν
428 2868 640 2927 μέγιστον
663 2898 721 2904 -
746 2870 916 2929 φλογός
946 2873 1192 2926 „scholium
1222 2873 1478 2928 στηλιτικὸν
1510 2874 1561 2916 in
1584 2873 1854 2916 Iulianum“

177 2941 277 2972 esse
308 2929 508 2973 credidit
538 2931 598 2987 (p.
625 2933 698 2988 23)
819 2935 871 2974 21
907 2928 1167 2986 ἐλευθέροις
1198 2930 1367 2988 ὄμμασι
1398 2931 1434 2975 S
1455 2931 1546 2974 edd
