2060 3162
617 178 619 181 ·
696 158 923 204 LIBANII
955 158 1180 203 ORATIO
1211 158 1340 202 XXII
1743 159 1850 211 487

158 300 258 354 τὸν
294 296 395 362 ἔξω
433 297 661 350 τούτων.
739 301 846 349 εἴτε
897 297 1002 365 γὰρ
1056 293 1241 358 οὐδεὶς
1288 296 1448 348 εἰσίοι
1494 304 1607 348 τῶν
1654 297 1852 363 φίλων,

160 388 393 457 ἀνιαρὸν
429 394 549 448 ταῖς
586 405 644 438 τε
685 386 920 448 εἰσόδοις
961 385 1020 437 τὸ
1068 385 1274 454 χωρίον
1313 385 1705 452 λυπηρότερον,
1746 388 1853 437 εἰτε

158 475 364 546 ὄμβρος
395 473 725 543 ἐπιγένοιτο,
764 475 825 526 τὸ
859 483 1045 527 σῶσον
1077 473 1179 526 οὐκ
1211 468 1295 540 ἦν.
1357 471 1449 525 καὶ
1481 467 1551 540 ἦν
1582 473 1651 541 δή
1683 491 1854 525 τινων

158 566 400 632 ἀκούειν,
440 565 512 626 ὡς
551 566 827 632 φθήσεται
874 571 975 616 τοῦ
1014 561 1281 630 βασιλέως
1319 562 1419 614 τὸν
1459 564 1631 630 ἔλεον,
1683 562 1735 614 εἴ
1770 582 1853 624 τις

157 655 263 724 ἄρα
315 656 490 721 ἔσται,
551 653 619 705 τὰ
673 653 777 705 ἀπὸ
839 659 940 706 τοῦ
996 652 1390 721 δεσμωτηρίου.
1475 650 1560 703 30.
1617 652 1728 703 ἔδει
1783 651 1852 719 δὴ
1900 673 1919 705 5

155 743 302 811 παρὰ
340 749 439 795 τοῦ
480 750 652 795 ταῦτα
692 740 1073 810 ἐψηφισμένου
1121 741 1183 793 τὸ
1223 740 1315 793 καὶ
1360 746 1435 812 τῷ
1476 741 1852 812 βουλευτηρίῳ

155 837 414 902 χρῆσθαι,
447 841 631 900 τοῖχος
662 828 724 883 δὲ
756 824 836 893 εἷς
868 830 1097 900 ἀμφοῖν,
1130 828 1396 898 εὑρέσθαι
1426 827 1459 896 ἢ
1493 828 1852 882 ἀπολωλέναι.

153 921 322 975 πάλιν
367 922 564 973 τοίνυν
603 921 663 973 τὸ
705 921 771 972 τὰ
808 927 1038 972 τοιαῦτα
1085 924 1294 987 τολμᾶν
1334 919 1509 971 αἰτεῖν
1554 925 1650 986 τῆς
1688 918 1852 971 τοῦδε

155 1011 374 1078 φύσεως
411 1011 582 1078 μόνης
628 1007 1106 1078 προκαλουμένης,
1156 1004 1332 1074 οἶμαι,
1379 1012 1618 1076 θαρρεῖν
1663 1025 1722 1058 τε
1760 1005 1851 1059 καὶ»

155 1098 528 1167 ἐπαγγέλλειν,
570 1098 631 1151 ἐν
671 1092 754 1160 οἷς
785 1092 855 1164 ἦν
887 1117 940 1150 τι
972 1107 1084 1150 τῶν
1118 1102 1381 1167 λυπηρῶν
1412 1095 1654 1164 ἀφελεῖν.
1733 1096 1762 1149 ὁ
1796 1094 1845 1148 δ’
1877 1118 1919 1151 10

155 1188 330 1250 εὐθὺς
383 1187 828 1256 βουλευσάμενος
879 1181 1059 1255 εὗρεν,
1115 1186 1262 1248 ὅπως
1315 1194 1431 1248 τοῖς
1480 1182 1581 1254 μὲν
1636 1185 1669 1237 ἃ
1722 1187 1852 1253 βού-

155 1281 341 1330 λοιντο
382 1280 551 1344 ἔσται,
600 1276 746 1345 ῥῆμα
785 1273 846 1328 δὲ
886 1275 1034 1347 αὐτῷ
1067 1275 1241 1343 μηδὲν
1279 1276 1416 1327 κατὰ
1461 1284 1572 1327 τῶν
1618 1294 1851 1345 γεγραμ-

154 1365 350 1434 μένων.
429 1366 516 1418 31.
573 1365 744 1418 εἰπὼν
784 1361 889 1417 οὗν
929 1364 1095 1426 αὐτὸς
1135 1362 1224 1416 ἐπὶ
1264 1373 1376 1416 τῶν
1423 1363 1607 1416 αὐτῶν
1645 1362 1851 1432 μένειν,

157 1454 163 1523 Ι
208 1455 255 1507 εἰ
293 1455 441 1524 παρὰ
479 1463 591 1506 τῶν
629 1461 800 1506 ταῦτα
849 1453 1278 1521 ὑπηρετούντων
1316 1451 1505 1521 ἕτερόν
1543 1472 1595 1505 τι
1635 1451 1723 1520 γέ-
1760 1465 1939 1510 RH20

154 1563 333 1611 νοιτο,
385 1541 491 1611 ἔφη
531 1542 636 1595 κᾶν
683 1544 828 1613 εἰδῇ,
885 1543 986 1595 οὐκ
1034 1547 1264 1595 εἴσεθαι.
1341 1540 1490 1594 τοῦτ’
1522 1542 1711 1604 αὐτοῖς
1749 1550 1849 1595 τοῦ
1875 1565 1917 1598 15

154 1635 557 1701 βουλευτηρίου
589 1631 912 1701 μετέδωκεν,
947 1627 1015 1684 οὗ
1046 1631 1291 1698 θέατρον
1315 1631 1660 1700 ὑπωρόφιον,
1694 1630 1849 1684 στοαὶ

155 1721 217 1774 δὲ
253 1721 505 1790 τέτταρες
544 1721 722 1789 αὐλὴν
760 1721 944 1774 αὑτῶν
984 1719 1046 1773 ἐν
1084 1718 1230 1791 μέσῳ
1262 1727 1522 1772 ποιοῦσαι
1563 1721 1641 1782 εἰς
1672 1728 1850 1789 κῆπον

275 1975 297 2013 1
330 1977 496 2014 τοῦτον
528 1972 602 2014 Ρα
625 1970 727 2013 Μο1·
769 1973 774 2027 Ι
817 1968 951 2014 εἰσίοι
983 1970 1149 2026 scripsi
1181 1983 1205 2013 e
1234 1971 1276 2014 V
1361 1969 1504 2028 εἰσῄει
1525 1969 1706 2028 reliqui
1737 1970 1848 2027 libri

154 2030 246 2073 edd
427 2035 453 2072 4
494 2029 729 2086 φθήσεται
761 2032 807 2074 Ρ
836 2030 918 2073 sed
949 2029 978 2084 ή
1009 2029 1059 2072 in
1091 2043 1166 2073 ras
1197 2029 1267 2072 m³
1357 2028 1595 2085 φθάσεται
1626 2030 1742 2074 ΒαΙ
1766 2030 1848 2073 sed.
1892 2028 1896 2031 “

153 2089 202 2132 in
234 2089 323 2132 hoc
355 2106 385 2131 α
417 2089 466 2132 in
490 2106 518 2145 η
553 2102 654 2132 corr
716 2087 939 2145 φθίσεται
964 2089 1038 2133 Ρα
1070 2090 1153 2133 sed
1176 2106 1203 2145 η
1238 2102 1379 2145 supra
1411 2106 1428 2132 ι
1461 2103 1544 2132 scr.
1570 2088 1654 2143 m2,
1686 2089 1790 2132 Mor

156 2153 181 2192 5
215 2148 308 2203 ἄρα
340 2175 395 2180 -—
427 2155 510 2192 τοῦ
542 2149 591 2191 in
623 2148 794 2192 lacuna
822 2152 875 2191 10
906 2148 1003 2192 fere
1031 2148 1111 2191 litt
1142 2163 1218 2192 om
1243 2150 1288 2192 B
1412 2153 1435 2191 7
1468 2151 1674 2208 χρῆσθαι
1705 2149 1741 2191 Ι
1765 2149 1847 2191 sed

152 2211 268 2251 σθαι
299 2207 349 2251 in
372 2221 448 2251 ras
472 2207 543 2250 m2
570 2210 575 2264 Ι
602 2215 752 2265 τεῖχος
774 2209 849 2252 Ρα
873 2207 975 2251 Μο1·
1002 2209 1008 2264 1
1037 2208 1103 2258 εἰς
1129 2208 1212 2252 Mo
1229 2207 1331 2250 Mor
1358 2209 1363 2264 Ι
1392 2205 1616 2262 εὑρέσθαι
1641 2221 1697 2252 ex
1720 2208 1846 2262 εὑρε-

150 2269 300 2323 θῆναι
333 2281 435 2310 eorr
456 2268 492 2310 I
636 2272 661 2310 8
694 2267 746 2310 τὸ
778 2267 955 2311 inserui
987 2281 1012 2311 e
1047 2267 1180 2312 OPV
1205 2268 1394 2310 auctore
1425 2267 1493 2310 Re
1570 2281 1646 2310 om
1676 2266 1846 2323 reliqui

151 2326 263 2370 libri
296 2327 378 2370 sed
409 2326 534 2370 inser
565 2325 646 2380 A2‚
679 2327 771 2370 edd
954 2330 1008 2369 10
1040 2324 1083 2369 τί
1117 2327 1359 2370 ΒαΙΜοΒ
1408 2325 1415 2384 Ι
1466 2341 1490 2369 ο
1523 2327 1743 2370 BaIBM
1751 2327 1794 2369 V

152 2383 177 2430 ὃ
202 2387 295 2430 ΑΡ
323 2386 446 2428 sed
433 2401 483 2428 m
506 2384 631 2428 hoc
670 2386 720 2428 in
754 2384 765 2399 '
797 2399 898 2429 corr
921 2386 1004 2439 m·⁰’‚
1033 2386 1116 2430 Mo
1239 2390 1292 2429 12
1326 2384 1747 2442 προγεγραμμένων
1772 2386 1846 2429 Ρα

151 2444 254 2488 Mor
376 2449 429 2487 13
462 2445 606 2488 αὐτοῦ
638 2446 713 2489 Ρα
737 2445 840 2488 Mor
867 2449 872 2501 Ι
901 2451 1054 2502 μενεῖν
1087 2446 1200 2489 ΒΜ
1225 2444 1423 2488 fortasse
1454 2445 1579 2487 recte
1718 2449 1773 2487 14
1806 2445 1847 2488 εἰ.

151 2501 204 2548 δὲ
234 2502 365 2557 παρα
397 2502 542 2547 Cobeiz
573 2502 792 2547 Coll.120
843 2503 848 2562 Ι
900 2504 1175 2560 ἐρωτώντων
1207 2504 1310 2547 Mor
1432 2507 1484 2545 15
1520 2502 1607 2558 ἔφη
1645 2530 1685 2535 -
1730 2502 1845 2547 εἴσε-

152 2563 286 2637 σθαι]
320 2559 399 2616 ἐφ’
428 2560 498 2612 οἷς
527 2563 610 2606 καὶ
638 2562 698 2606 τὰ
726 2562 826 2620 εἴδη
851 2566 1039 2606 κεῖσθαι
1068 2562 1246 2607 Sievers
1277 2578 1321 2618 p
1344 2566 1428 2604 180
1456 2564 1462 2617 Ι
1491 2579 1581 2605 καν
1606 2563 1722 2619 εἰδῇ,
1756 2563 1842 2606 οὐκ

152 2620 374 2665 εἰᾝσεσθαι
407 2618 535 2664 τοῦτ’
565 2621 731 2694 scripsi
764 2625 952 2666 auctore
985 2622 1157 2666 Cobeto
1183 2622 1261 2665 1.1.
1295 2622 1386 2664 nisi
1419 2621 1545 2676 quod
1575 2621 1615 2664 is
1647 2620 1726 2695 ἴδῃ
1749 2636 1843 2695 ‚pro

151 2679 253 2737 εἰδῇ
278 2679 383 2724 coni
466 2681 546 2723 καὶ
578 2679 665 2736 ἤδη
692 2695 718 2724 σ
749 2694 853 2724 cum
885 2681 1056 2724 lacuna
1091 2687 1144 2724 12
1176 2681 1256 2725 litt
1286 2677 1411 2724 τοῦτ’
1444 2681 1487 2723 V
1572 2679 1704 2723 καὶ“
1684 2698 1708 2725 ο
1743 2683 1843 2738 ηδει

152 2755 245 2783 που
278 2737 491 2783 κείσεθαι
521 2737 649 2783 τοῦτ’
677 2741 788 2783 ΒΜ
855 2740 936 2783 καὶ
968 2740 1009 2784 εἰ
1042 2743 1116 2784 δεῖ
1145 2747 1227 2784 σοῦ
1268 2743 1457 2783 κεῖσθαι
1488 2736 1616 2782 τοῦτ’
1646 2740 1718 2783 Ρα
1743 2727 1845 2788 Mor

210 2798 290 2842 καὶ
322 2797 422 2854 εἴδη
456 2812 539 2841 σου
571 2795 813 2842 κείσεσθαι
843 2797 969 2842 τοῦτ’
1004 2799 1176 2855 reliqui
1199 2798 1310 2841 libri
1334 2799 1402 2841 Re
1441 2800 1446 2852 1
1486 2795 1546 2841 αὖ
1578 2806 1675 2849 τοῖς
1701 2800 1784 2843 Mo

154 2862 208 2900 16
241 2855 467 2913 μετέδωκε
500 2858 584 2901 Mo
612 2859 618 2914 Ι
647 2858 702 2901 οὐ
737 2859 1137 2903 CAPILMoBM
1165 2859 1212 2901 et
1243 2875 1298 2914 γρ
1323 2857 1424 2900 Mor
1549 2862 1600 2900 17
1634 2857 1846 2912 τέτταρες

151 2915 315 3016 segipsi
349 2929 373 2959 e
406 2917 449 2958 V
533 2915 749 2970 τέσσαρες
778 2916 949 2973 reliqui
979 2916 1089 2960 libri
1131 2916 1221 2959 edd
1279 2919 1284 2972 Ι
1343 2917 1497 2960 αὑτων
1528 2916 1596 2959 Re
1689 2917 1843 2960 αὐτῶν

152 2973 188 3017 li
221 2989 262 3016 r1
285 2975 387 3018 Mor
