2060 3162
640 101 867 146 LIBANII
899 101 1123 146 ORATIO
1155 102 1282 146 XVII
1685 103 1792 156 207

115 238 287 306 διήκει
333 236 383 290 δ’
422 233 526 291 οὖν
572 236 663 290 καὶ
703 238 796 290 διὰ
832 237 1007 306 πάσης
1045 245 1168 306 γῆς,
1223 238 1297 300 ὡς
1333 235 1494 307 ἔφην,
1541 239 1575 307 ἡ
1613 241 1792 308 πληγὴ

114 326 394 379 τύπτουσά
430 345 488 378 τε
525 327 616 379 καὶ
653 325 1062 395 κατατέμνουσα
1110 328 1207 390 τὰς
1243 328 1437 396 ψυχάς,
1487 327 1559 390 ὡς
1610 327 1787 381 οὐκέτ’

117 414 183 467 ὂν
221 416 423 482 βιωτὸν
462 414 624 483 ἀνδρὶ
661 416 926 485 βελτίστῳ
966 434 1023 467 τε
1061 414 1152 468 καὶ
1191 415 1297 487 ὅτῳ
1329 424 1429 468 τοῦ
1461 412 1522 469 εὖ
1555 419 1651 484 ζῆν
1680 415 1794 469 ἐπι-

115 506 305 572 θυμία.
395 503 443 555 2.
498 503 647 571 τιμαὶ
691 502 794 571 μὲν
840 508 1084 572 οἴχονται
1130 513 1241 556 τῶν
1288 503 1534 573 ἀγαθῶν,
1587 503 1797 573 ὑψηλαὶ

117 588 178 644 δὲ
215 601 326 644 τῶν
362 600 623 660 πονηρῶν
660 611 718 644 τε
755 592 846 644 καὶ
886 591 1204 644 ἀκολάστων
1242 595 1490 661 φατρίαι·
1534 594 1694 662 νόμοι
1734 593 1796 646 δὲ
1842 613 1864 646 5

115 677 352 732 κωλυταὶ
404 679 869 749 κακουργημάτων
915 680 967 731 οὶ
1013 676 1116 747 μὲν
1161 680 1266 748 ἤδη
1317 679 1589 749 λέλυνται,
1641 682 1694 734 οὶ
1738 681 1800 734 δὲ

116 767 309 820 αὐτίκα
354 774 516 820 τοῦτο
570 770 877 836 πείσονται,
930 777 1047 830 τοῖς
1097 765 1159 820 δὲ
1209 767 1438 837 με’νουσι
1488 770 1800 838 γράμμασιν

116 850 258 909 εἶναι
288 854 567 926 περιέσται
598 854 778 926 ἔργων
809 856 1071 925 ἀμοίροις.
1125 855 1378 910 πέπονθέ
1397 877 1454 910 τε
1485 859 1546 910 τὸ
1580 858 1800 929 ἀνθρώ-

113 962 272 998 πειον
308 944 484 1013 γένος,
524 938 646 997 οἷον
685 946 740 997 αἱ
771 947 957 1007 πόλεις
994 940 1074 997 ὧν
1111 948 1452 999 κατασείεται
1491 948 1655 1016 τείχη.
1707 945 1800 1000 καὶ

115 1035 217 1103 γὰρ
257 1032 367 1086 ἐκεῖ
403 1041 502 1086 τοῦ
549 1034 1017 1103 περιφράττοντος
1056 1033 1402 1097 ἀπολωλότος
1439 1044 1550 1088 τῶν
1587 1038 1800 1103 μᾶλλον
1823 1056 1866 1088 10

116 1124 421 1191 ἰσχυόντων
466 1124 676 1191 γίνεται
713 1124 779 1175 τὰ
817 1132 929 1176 τῶν
967 1123 1192 1185 δικαίως
1237 1122 1597 1192 κεκτημένων,
1646 1125 1703 1176 οἱ
1738 1121 1799 1177 δὲ

116 1210 463 1274 ἐπιπεσόντες
502 1211 808 1281 ἁρπάζουσί
834 1231 892 1264 τε
922 1210 1013 1264 καὶ
1043 1213 1321 1265 κτείνουσι
1356 1211 1445 1265 καὶ
1477 1212 1799 1282 ὑβρίζουσιν

116 1301 194 1362 εἰς
232 1309 497 1368 γυναῖκας
535 1300 774 1363 ἁλούσας
819 1299 910 1353 καὶ
947 1302 1159 1363 παῖδας.
1235 1301 1326 1353 καὶ
1375 1308 1482 1354 νῦν
1532 1300 1798 1372 ἀνέῳκται

115 1389 253 1440 κατὰ
297 1397 408 1440 τῶν
463 1387 716 1441 ἐπιεικῶν
765 1397 881 1451 τοῖς
927 1388 1123 1441 ἀνόσια
1177 1389 1385 1459 δρῶσιν
1440 1389 1568 1452 ὁδὸς
1613 1389 1799 1458 εὐρεῖα

114 1475 207 1529 καὶ
274 1477 548 1539 κλισιάδες
615 1477 870 1546 μεγάλαι,
938 1475 1029 1529 καὶ
1089 1479 1410 1546 τετείχισται
1472 1474 1640 1530 οὐδὲν
1700 1479 1794 1531 ἔτι.
1818 1498 1863 1531 15

117 1565 165 1617 3.
204 1566 302 1617 τὸν
339 1562 441 1634 μὲν
479 1562 583 1619 οὗν
628 1563 634 1635 Ι
671 1564 907 1634 ’Έκτορα
944 1573 1040 1634 τῆς
1086 1567 1282 1634 Τροίας
1319 1566 1424 1634 ἤδη
1462 1585 1544 1628 τις
1582 1565 1699 1619 ἐκά-
1736 1578 1884 1621 R508

241 1744 294 1782 15
327 1739 432 1783 Her.
459 1740 521 1782 IX
545 1745 585 1793 9,
605 1744 628 1783 9

238 1907 263 1945 5
304 1900 514 1957 φατρία
546 1901 574 1957 ἡ
609 1899 861 1959 συγγένεια,
892 1901 943 1945 τὸ
977 1901 1212 1958 σύνταγμα
1243 1902 1323 1945 καὶ
1353 1902 1404 1946 τὸ
1435 1903 1521 1958 γον
1553 1900 1690 1958 μέρος
1718 1908 1799 1959 τῆς

120 1963 285 2016 φυλῆς,
326 1960 608 2019 λαμβάνεται
639 1961 689 2005 δὲ
722 1961 798 2005 ἐπὶ
829 1967 999 2014 κακοῦ,
1038 1959 1182 2005 οἱονεὶ
1213 1958 1460 2018 συμφωνία
1499 1961 1575 2005 ἐπὶ
1604 1960 1797 2017 πράξεσι

120 2020 322 2074 φαύλαις
351 2019 420 2063 Β2
442 2019 553 2063 rubr
700 2024 754 2063 15
786 2018 1075 2070 κλισιάδες
1106 2019 1156 2063 αἱ
1188 2017 1402 2077 δίπτυχοι
1431 2020 1595 2075 θύραι,
1626 2019 1798 2064 κλισίαι

120 2077 171 2122 δὲ
204 2077 254 2121 αἱ
286 2080 608 2134 στρατιωτικαὶ
640 2076 807 2135 σκηναί
838 2078 907 2123 Β2
928 2077 1041 2122 rubr

238 2246 260 2283 1
295 2239 340 2285 δ’
366 2238 469 2299 οὖν]
503 2258 557 2299 γρ
582 2249 694 2299 γοῦν
726 2241 775 2284 in
798 2254 931 2297 marg
953 2240 1055 2284 Mor
1081 2241 1087 2297 Ι
1115 2257 1168 2297 γρ
1194 2246 1273 2296 τῆς
1295 2246 1379 2314 γ’ῆς
1409 2241 1459 2284 in
1482 2254 1615 2299 marg
1637 2241 1739 2285 Mor

120 2348 145 2385 2
178 2344 262 2388 οὐκ
294 2342 357 2388 ἔτ’
386 2345 499 2389 ΙΜο
619 2349 645 2387 3
678 2344 846 2403 βιωτὸν
877 2344 1002 2387 inser
1032 2343 1101 2387 Β*
1133 2302 1187 2401 qi?
1205 2301 1417 2400 ξξίιῖῗίταξ)
1428 2346 1521 2388 ΙΜ
1598 2341 1794 2401 γενναίω

120 2402 168 2446 in
198 2416 332 2461 marg
356 2405 440 2448 Mo
490 2406 496 2460 Ι
544 2419 592 2447 τε
623 2403 748 2447 inser
770 2403 828 2446 1³
888 2417 963 2447 om
987 2403 1032 2446 Β
1058 2404 1066 2460 Ι
1092 2405 1174 2459 ζῆν
1206 2399 1257 2446 εὖ
1280 2402 1396 2458 Mor,
1464 2419 1519 2460 γρ
1552 2399 1601 2446 εὖ
1633 2405 1715 2458 ζῆν
1746 2403 1796 2446 in

119 2474 253 2519 marg
371 2468 398 2505 4
429 2461 512 2519 μὲν
537 2458 622 2506 οὖν
647 2463 692 2506 Β
812 2467 838 2506 5
868 2478 916 2506 τε
941 2476 1016 2506 om
1039 2462 1075 2504 I
1094 2462 1100 2520 1
1129 2459 1352 2517 φρατρίαι
1383 2462 1489 2516 edd,
1521 2478 1575 2519 γρ
1601 2460 1796 2518 φατρίαι

120 2519 168 2562 in
199 2534 333 2579 marg
362 2521 464 2565 Mor
595 2525 620 2564 6
652 2523 758 2577 post
788 2522 988 2565 κωλυταὶ
1017 2533 1179 2564 rasura
1212 2525 1325 2564 1—-2
1355 2520 1434 2564 litt
1456 2521 1492 2563 I
1606 2525 1630 2563 7
1661 2527 1795 2565 τοῦτο

120 2607 244 2652 inser
271 2609 330 2652 1²
385 2612 391 2665 1
448 2593 787 2667 γράμμαῗῧινΜ
812 2609 894 2652 sed
925 2623 998 2653 σιν
1029 2609 1099 2652 m²
1232 2614 1258 2652 8
1299 2609 1444 2666 ἔργων
1475 2606 1687 2665 ἀμοίροις
1714 2624 1795 2653 πε-

122 2665 295 2720 ριέσται
326 2669 401 2712 La
442 2671 449 2725 Ι
493 2668 799 2725 ἀνθρώπινον
831 2669 906 2711 La
1037 2672 1062 2711 9
1095 2663 1179 2726 ὧν]
1205 2666 1318 2712 ὅταν
1342 2670 1416 2712 La
1458 2668 1464 2726 Ι
1506 2665 1796 2712 κατασείεται

122 2781 235 2837 Mor,
294 2802 350 2841 γρ
374 2784 697 2831 κατασείονται
728 2785 778 2828 in
800 2725 1119 2843 margyftitz'zg
1152 2786 1189 2831 Ο
1229 2786 1310 2830 sed
1349 2803 1403 2843 γρ
1436 2774 1550 2841 ἕρκη
1583 2800 1641 2839 m,
1680 2787 1738 2829 M

125 2838 232 2898 ἕρκη
263 2843 309 2886 Β
340 2846 388 2888 et
417 2844 467 2887 in
489 2858 566 2888 ras
590 2844 648 2889 1²
827 2848 882 2886 10
914 2845 1083 2900 μᾶλλον
1110 2843 1364 2903 ἰσχυόντων
1387 2844 1500 2898 Mor,
1533 2861 1587 2900 γρ
1613 2844 1796 2902 ἰσχυρο-

123 2896 264 2953 τέρων
293 2901 342 2944 in
366 2917 499 2960 marg
619 2909 671 2947 11
705 2900 908 2959 γίγνεται
942 2902 1022 2946 CA
1046 2903 1136 2946 edd
1258 2908 1312 2947 13
1345 2900 1571 2962 ᾐνέωκται
1601 2902 1692 2945 edd
