2072 3162
216 112 322 165 106
618 164 623 172 Ι
749 110 978 155 LIBANII
1009 109 1232 154 ORATIO
1264 109 1371 154 XIV

211 249 275 301 τὸ
317 250 483 318 ἔργον
529 247 557 300 ὃ
607 247 790 315 δεήσει
835 247 1095 317 πράττειν
1141 245 1560 314 ἐπιτηδειότητι,
1607 245 1904 312 μετουσίαν

215 333 277 389 δὲ
315 344 411 404 τῆς
450 335 691 397 ἀτελείας
730 336 783 388 οἱ
819 337 1106 403 ζητοῦντες
1144 332 1364 388 ἔσονται
1403 333 1493 387 καὶ
1534 334 1600 387 οὐ
1642 333 1905 397 δόξουσιν

216 425 617 493 ἀναισχυντεῖν.
680 422 753 476 ἵν’
786 419 890 476 οὖν
921 420 1093 492 μηδὲν
1124 422 1314 492 ἕπηται
1346 432 1410 495 τῇ
1444 425 1595 476 δόσει
1627 419 1904 492 δυσχερές,

215 515 360 584 ἄλλῳ
400 532 474 584 τω
514 512 612 565 τὸν
652 513 957 582 ἄνθρωπον
996 507 1058 564 εὗ
1096 515 1256 565 ποίει.

170 622 191 654 5
327 600 413 653 52.
470 604 594 654 Τῶν
642 597 701 654 δὲ
748 599 803 664 ἐξ
845 601 1133 668 Αἰγύπτου
1185 601 1475 670 χρημάτων
1521 600 1653 653 ὅταν
1699 619 1905 668 μνημο-

215 691 429 760 νεύσῃς·
454 689 544 743 καὶ
582 698 694 742 τῶν
728 691 1082 758 κεκλοφότων
1114 688 1210 742 ἕνα
1242 691 1463 759 νομίζῃς
1491 688 1905 759 Ἀριστοφάνην,

215 777 420 832 ἐπαινῶ
468 777 571 847 μέν
617 790 678 831 σε
723 785 822 831 τοῦ
870 780 1091 847 μίσους,
1140 778 1225 831 ὅτι
1271 786 1447 846 μισεῖς
1493 779 1622 840 τοὺς
1660 777 1799 830 ὅθεν
1838 777 1905 829 οὐ

217 869 435 921 δίκαιον
466 868 862 936 λαμβάνοντας,
904 867 1037 920 ὅταν
1075 867 1178 937 γὰρ
1219 875 1335 929 τοῖς
1373 867 1539 919 πάλαι
1577 867 1642 919 τὰ
1679 872 1907 919 τοιαῦτα

214 958 605 1028 κεκερδακόσιν
660 955 894 1026 ὀργίλως
953 953 1102 1026 ἔχῃς,
1166 954 1286 1008 οὐδ’
1333 954 1723 1023 ἐνθυμηθῆναι
1782 953 1908 1024 περὶ

148 1067 193 1098 10
215 1054 326 1099 τῶν
363 1054 626 1114 πονηρῶν
665 1045 960 1114 λημμάτων
1001 1045 1062 1097 τὸ
1109 1052 1217 1096 νῦν
1263 1042 1379 1114 ἐᾷς,
1432 1046 1674 1114 πρόσαγε
1718 1042 1908 1110 μέντοι

215 1143 333 1197 ταῖς
373 1134 674 1202 διαβολαῖς,
714 1130 755 1185 ὦ
796 1136 1041 1201 βασιλεῦ,
1080 1134 1180 1201 τὴν
1219 1132 1615 1202 ἀκριβεστάτην
1646 1133 1908 1200 βάσανον.

216 1223 302 1275 53.
358 1231 529 1276 ταῦτα
575 1223 679 1291 γὰρ
731 1223 783 1274 οἱ
823 1223 983 1288 νόμοι
1023 1220 1264 1289 λέγουσι.
1343 1222 1428 1273 δεῖ
1474 1218 1533 1273 δὲ
1580 1217 1749 1273 οὐδὲν
1787 1218 1902 1273 οὔτ’

217 1313 562 1381 Αἰγυπτίους
601 1312 767 1381 δεῦρο
807 1315 999 1363 καλεῖν
1038 1311 1165 1363 οὔτε
1210 1317 1412 1362 τοῦτον
1458 1307 1631 1362 ἐκεῖσε
1676 1308 1910 1377 πέμπειν

216 1400 603 1470 ὑποσχήσοντα
664 1402 857 1468 λόγον·
919 1400 1086 1452 πάλαι
1139 1399 1243 1468 γὰρ
1298 1405 1469 1451 ταῦτα
1521 1397 1764 1468 κέκριται
1819 1396 1909 1450 καὶ

149 1511 192 1543 15
217 1490 631 1558 βεβασάνισται,
678 1489 767 1541 καὶ
808 1490 1152 1557 βουλόμενον
1192 1487 1398 1540 εἰδέναι
1443 1488 1508 1539 τὰ
1552 1488 1788 1555 δημόσια
1827 1487 1908 1538 δι-

217 1576 366 1641 δάξει
420 1579 720 1647 γράμματα.
805 1576 867 1630 ἐν
915 1578 1133 1639 τούτοις
1181 1579 1377 1629 τοίνυν
1426 1575 1621 1628 ἕνδεκα
1669 1572 1771 1643 μὲν
1819 1574 1909 1627 καὶ

218 1668 536 1729 διακοσίους
586 1673 853 1736 στατῆρας
902 1664 1219 1734 ἐγκέκληται
1273 1667 1465 1733 λαβεῖν
1513 1664 1614 1732 οὐχ
1666 1663 1910 1733 ἁρπάσας

219 1752 350 1807 οὐδὲ
389 1756 745 1824 βιασάμενος,
793 1754 931 1807 ἀλλά
976 1774 1127 1816 τινος
1173 1754 1385 1823 μισθὸν
1423 1754 1711 1822 ὠφελείας,
1759 1753 1833 1814 ὡς
1880 1751 1909 1805 ὁ

124 1855 277 1899 R444
318 1844 667 1912 συκοφάντης
705 1842 929 1913 ἔφησεν,
967 1839 1039 1912 ἦν
1078 1843 1181 1913 γὰρ
1223 1843 1290 1911 δὴ
1330 1842 1697 1910 συκοφάντης,
1754 1841 1760 1907 Ι
1819 1844 1911 1892 λα-

151 1952 195 1985 20
219 1935 356 2001 βεῖν,
413 1930 529 1984 ἀλλ’
569 1932 669 1984 οὐκ
720 1931 1022 2000 ἀπολαβεῖν
1077 1930 1303 1984 ἐθέλων.
1380 1930 1466 1983 54.
1522 1931 1594 1992 ὡς
1645 1928 1693 1981 δ’
1714 1928 1754 1995 ,ὁ
1807 1925 1909 1996 μὲν

219 2020 321 2073 οὐκ
368 2018 670 2088 ἐξήλεγχεν,
719 2020 748 2073 ὁ
798 2018 846 2072 δ’
885 2016 1017 2072 οὐδὲ
1063 2020 1164 2087 τὴν
1203 2020 1385 2072 αἰτίαν
1435 2016 1651 2087 ἔφερεν,
1701 2017 1909 2086 ὑπῆρχε

219 2109 281 2162 δὲ
318 2115 392 2181 τῷ
425 2110 710 2180 κατηγόρῳ
751 2111 976 2169 Παῦλος
1003 2108 1093 2176 ,εἰς
1129 2105 1470 2174 πλεονεξίαν,
1517 2103 1807 2176 παρῄνουν
1847 2100 1907 2156 δὲ

339 2333 364 2371 2
397 2327 442 2372 οἱ
473 2327 522 2371 in
553 2327 593 2371 εἰ
625 2341 725 2371 corr
749 2328 794 2371 B
837 2326 843 2385 Ι
885 2328 992 2383 post
1023 2329 1262 2382 ζητοῦντες
1292 2324 1428 2368 inser.
1463 2324 1568 2367 coni
1598 2323 1816 2374 ἐλάσσους
1838 2323 1907 2366 Re

218 2387 373 2442 Anim‚
397 2386 563 2430 melius
587 2387 748 2430 πολλοὶ
771 2386 820 2428 in
845 2385 955 2429 edit.
1065 2390 1089 2427 3
1116 2383 1300 2439 δοκήσει
1324 2384 1435 2427 Fen·
1450 2383 1552 2426 Mor
1664 2386 1691 2424 4
1715 2389 1797 2425 τῶι
1816 2382 1853 2426 0

220 2451 246 2490 5
279 2446 401 2490 inter
431 2444 675 2502 χρημάτων
708 2445 754 2488 eb
783 2443 896 2488 ὅταν
919 2458 995 2487 ras
1021 2448 1045 2487 2
1078 2443 1157 2487 litt
1181 2445 1216 2487 I
1329 2447 1354 2485 6
1388 2440 1576 2499 νομίσης
1600 2442 1642 2484 V
1677 2442 1682 2498 Ι
1716 2438 1908 2496 Ἀριστο-

221 2504 350 2561 φάνη
383 2506 513 2548 AGP
540 2505 651 2547 Ferr
674 2504 777 2548 Mor
809 2503 864 2547 cf.
899 2519 943 2560 p.
971 2507 1070 2557 100,
1098 2507 1119 2545 1
1155 2504 1202 2546 ei:
1235 2506 1333 2554 112,
1360 2506 1414 2545 22
1599 2505 1621 2542 7
1657 2499 1830 2543 ἐπαινῶ
1864 2500 1908 2542 A

220 2564 304 2607 sed
336 2580 390 2607 ov
423 2577 563 2618 supra.
591 2571 625 2606 ῶ
749 2567 802 2606 10
833 2570 974 2606 τονῦν
1006 2564 1051 2607 Β
1084 2562 1165 2605 sed
1195 2561 1303 2611 τοὺς
1335 2573 1474 2616 supra
1498 2576 1550 2603 το
1574 2558 1644 2601 m²
1671 2559 1677 2616 Ι
1704 2557 1907 2615 πρόσαγε

220 2623 271 2666 in
309 2620 573 2678 προσάγαγε
613 2635 714 2665 corr
739 2621 797 2664 12
886 2620 1168 2676 προσάγεται
1207 2620 1324 2663 Plan
1355 2619 1434 2663 fol.
1462 2623 1516 2661 38
1557 2617 1637 2672 qui
1675 2616 1815 2659 verba
1848 2617 1907 2660 ab

221 2681 310 2724 hoc
340 2693 486 2735 usque
520 2681 580 2722 ad
613 2685 664 2723 11
701 2679 907 2738 βάσανον
940 2681 1056 2724 citat
1083 2684 1089 2734 Ι
1117 2678 1274 2735 μέντοι
1303 2679 1424 2736 ταῖς]
1455 2693 1503 2721 τε
1535 2676 1652 2719 Plan
1787 2681 1839 2719 11
1873 2671 1908 2719 ὦ

221 2741 408 2797 βασιλεῦ
455 2753 530 2794 om
571 2738 690 2781 Plan
873 2744 924 2782 12
974 2742 1047 2783 δεῖ
1076 2765 1130 2770 -
1167 2743 1220 2781 14
1267 2735 1404 2793 λόγον
1452 2736 1568 2780 citat
1598 2735 1715 2778 Plan
1752 2733 1783 2777 1.
1816 2734 1846 2779 l.

226 2803 278 2842 12
312 2797 451 2842 οὐδὲν
476 2823 530 2829 -
559 2802 613 2840 13
645 2799 802 2841 καλεῖν
834 2812 910 2841 om
934 2798 1050 2840 Plan
1173 2802 1226 2840 13
1259 2796 1382 2854 οὔτε]
1407 2795 1467 2851 μὴ
1498 2794 1615 2837 Plan
1738 2798 1791 2835 16
1824 2793 1907 2849 μὲν

223 2871 298 2901 om
315 2858 427 2901 ΒΜ
555 2860 611 2898 20
641 2871 753 2898 num
777 2854 918 2912 λέγων
951 2856 1084 2900 scrib.
1119 2855 1221 2900 coll.
1252 2860 1349 2908 102,
1368 2858 1423 2898 20
1449 2855 1495 2897 et
1525 2852 1638 2896 locis
1665 2852 1725 2895 ad
1756 2852 1862 2895 Her.
1887 2852 1909 2894 I

226 2921 324 2971 114,
343 2921 367 2959 3
393 2930 421 2959 a
444 2915 679 2970 Kruegero
708 2915 969 2972 congestis?
1092 2920 1144 2958 21
1180 2911 1254 2958 ὅδ’
1282 2913 1391 2956 libri
1415 2913 1526 2956 Fen·
1541 2912 1642 2955 Mor
1706 2910 1729 2954 ὁ
1763 2911 1813 2955 δὲ
1838 2910 1907 2954 Re
