2060 3162
239 175 346 228 308
730 174 957 218 LIBANII
989 173 1211 219 ORATIO
1243 174 1391 226 XVIII

150 323 191 366 R
215 328 299 367 578
339 310 574 372 ἀπόντος
605 311 708 378 ἤδη
749 308 958 379 μηδένα
990 309 1215 379 Πέρσην
1253 311 1488 381 μηδεμιᾷ
1525 312 1679 363 πόλει
1713 309 1720 381 Ι
1754 327 1922 380 προσ-

239 402 444 467 βαλεῖν,
490 396 607 451 ἀλλ’
647 398 751 451 ἀπὸ
798 402 962 466 ψιλῆς
999 406 1095 466 τῆς
1131 401 1503 468 προσηγορίας
1549 399 1770 468 ἠρεμεῖν
1808 408 1924 462 πῶς

240 487 305 540 οὐ
345 487 522 539 πάντα
559 487 897 555 ἀποκρύπτει
934 488 1216 554 θαύματα;

354 575 473 627 166.
514 574 625 628 Καὶ
652 574 810 628 ταυτὶ
842 573 943 644 μὲν
968 578 1108 643 ἔγνω
1134 575 1259 645 περὶ
1290 584 1384 644 τῆς
1405 578 1696 646 πρεσβείας
1720 578 1923 645 ὅπλων,

196 686 215 719 5
241 664 308 716 οὐ
364 666 546 732 λόγων
593 666 815 717 δεῖσθαι
865 666 931 717 τὰ
976 664 1352 735 πεπραγμένα,
1404 674 1516 718 τῶν
1566 664 1614 717 δ’
1648 661 1717 718 αὗ
1764 680 1925 735 στρα-

242 762 469 819 τιωτῶν,
502 753 600 815 οὓς
630 754 731 820 μὲν
761 752 1012 822 ἐκέκτητο
1045 755 1332 823 πρότερον,
1364 754 1541 806 πάντα
1565 755 1709 822 ἔχειν
1739 755 1924 822 ἡγεῖτο

241 845 440 905 καλῶς,
491 843 580 894 καὶ
629 843 733 911 γὰρ
773 843 839 895 τὰ
879 843 1099 911 σώματα
1146 844 1386 912 ἔρρωντο
1428 841 1520 895 καὶ
1565 852 1684 905 ταῖς
1729 843 1926 912 μάχαις

240 927 465 999 ἔχαιρον
517 932 608 984 καὶ
657 933 724 984 τὰ
779 931 919 984 ὅπλα
969 932 1155 994 αὐτοῖς
1207 930 1398 1000 τέχνης
1451 932 1519 984 οὐ
1570 932 1784 999 φαύλης
1835 932 1925 984 καὶ

240 1021 412 1081 θεοὺς
473 1023 770 1082 καλοῦντες
823 1019 1115 1088 ἐμάχοντο,
1176 1020 1274 1082 οὓς
1327 1019 1377 1072 δ’
1421 1015 1489 1072 αὖ
1552 1022 1925 1089 προσειλήφει,

145 1120 220 1162 ’10
243 1110 445 1170 καλοὺς
505 1105 606 1174 μὲν
659 1107 803 1179 ἑώρα
857 1107 949 1161 καὶ
1002 1110 1274 1177 μεγάλους
1326 1109 1416 1161 καὶ
1470 1108 1611 1161 ὅπλα
1665 1107 1927 1178 ἐπίχρυσα

242 1195 538 1265 φέροντας,
584 1204 659 1268 τῷ
693 1197 755 1250 δὲ
792 1196 1130 1266 πεφευγέναι
1167 1199 1297 1259 τοὺς
1334 1198 1628 1263 πολεμίους
1665 1197 1927 1258 πολλάκις

242 1284 552 1353 πάσχοντας
583 1286 719 1352 πρὸς
756 1287 856 1354 τὴν
885 1285 1028 1338 θέαν
1057 1295 1169 1339 τῶν
1201 1290 1453 1354 Περσῶν,
1486 1286 1618 1354 ὅπερ
1651 1283 1712 1338 ἐν
1740 1287 1928 1354 ὄρεσιν

229 1371 464 1443 Ὅμηρος
496 1374 799 1443 ἄνθρωπον
832 1378 936 1443 ἔφη
968 1376 1106 1444 πρὸς
1142 1375 1432 1444 δράκοντα,
1463 1377 1514 1442 ἤ,
1554 1376 1604 1427 εἰ
1634 1375 1825 1441 βούλει
1849 1392 1928 1441 γε,

245 1461 378 1531 ὅπερ
426 1464 622 1531 ἔλαφοι
674 1464 813 1532 πρὸς
862 1465 1045 1526 κύνας.
1127 1463 1246 1516 167.
1307 1465 1539 1530 νομίσας
1589 1459 1693 1515 οὗν
1743 1462 1930 1524 αὐτοῖς

177 1573 218 1605 15
244 1551 587 1618 βλάπτεσθαι
618 1553 714 1614 τὰς
744 1553 924 1620 ψυχὰς
955 1552 1055 1621 οὐχ
1092 1553 1376 1621 ἡγεμόνων
1408 1553 1710 1620 φαυλότητι
1740 1554 1929 1619 μόνον,

245 1638 381 1691 ἀλλὰ
419 1638 511 1692 καὶ
548 1646 623 1712 τῷ
657 1645 809 1693 θεῶν
848 1642 981 1693 ἄνευ
1020 1644 1278 1707 πολεμεῖν
1317 1649 1490 1709 μῆνας
1528 1639 1689 1693 ἐννέα
1725 1640 1931 1707 ταύτην

244 1727 432 1789 αὐτοῖς
464 1725 702 1796 ἐκάθητο
735 1728 1017 1798 προξενῶν
1047 1730 1148 1797 τὴν
1179 1729 1373 1798 ῥοπήν,
1406 1731 1642 1797 νομίζων
1675 1729 1765 1781 καὶ
1796 1732 1931 1795 πλῆ-

242 1821 349 1877 θος
387 1816 654 1882 σωμάτων
692 1816 782 1868 καὶ
823 1818 1056 1887 σιδήρου
1103 1819 1300 1886 κράτος
1344 1818 1434 1869 καὶ
1479 1817 1728 1870 ἀσπίδων
1769 1818 1931 1885 ι’σχὺν

243 1902 334 1955 καὶ
387 1902 557 1956 πάνθ’
597 1904 779 1967 ἁπλῶς
833 1908 1115 1974 φλυαρίαν
1162 1902 1303 1958 εἶναι
1349 1911 1501 1958 θεῶν
1547 1905 1615 1958 οὐ
1662 1909 1931 1972 συμπολε-

179 2015 222 2046 20
247 1992 516 2058 μούντων.
589 1993 708 2046 168.
745 1993 890 2056 ὅπως
923 1990 1028 2046 οὗν
1059 1998 1480 2062 συμπολεμοῑεν,
1513 1993 1684 2046 ἐποίει
1714 1995 1930 2046 πείθων

246 2080 345 2147 τὴν
391 2079 674 2148 ἁψομένην
722 2082 951 2150 δόρατος
999 2080 1183 2144 δεξιὰν
1230 2082 1499 2134 ἅπτεσθαι
1546 2079 1634 2133 καὶ
1686 2081 1929 2147 σπονδῆς

246 2167 334 2219 καὶ
374 2170 697 2237 λιβανωτοῦ,
739 2168 861 2221 ὥστ’
893 2168 1040 2238 ἔχειν
1078 2173 1255 2238 βελῶν
1302 2168 1624 2238 φερομένων
1664 2170 1923 2237 εὔχεσθαι

368 2377 420 2416 13
452 2372 503 2415 11.
531 2390 557 2429 y
590 2376 644 2415 33
660 2387 725 2428 sq.

370 2572 391 2608 1
436 2565 495 2621 μὴ
529 2566 578 2610 δὲ
619 2572 719 2621 μιᾶι
759 2566 858 2621 (μιᾶ
892 2564 992 2619 Mo)
1027 2564 1147 2607 GMo
1205 2567 1211 2618 Ι
1267 2566 1543 2623 προσβαλεῖν
1583 2579 1608 2608 e
1647 2565 1925 2621 προσλαβεῖν

249 2637 350 2667 corr
381 2624 471 2667 Ιᾷαει
601 2629 625 2668 2
658 2625 893 2680 ἀποψιλῆς
923 2624 998 2667 La
1136 2628 1158 2666 7
1193 2623 1390 2678 ἔρρωντο
1424 2625 1500 2668 La
1530 2624 1612 2667 sed
1643 2640 1670 2667 ν
1701 2622 1824 2665 inser
1850 2637 1871 2666 s

253 2686 307 2726 10
339 2681 421 2737 μὲν
452 2683 576 2727 inser
599 2685 634 2726 I
639 2682 655 2706 ²
716 2697 791 2726 0111
815 2682 878 2725 Μ
1010 2687 1061 2724 11
1097 2681 1325 2737 φέροντας
1357 2684 1430 2726 La
1463 2682 1544 2725 sed
1576 2699 1605 2724 α
1638 2695 1693 2724 ex
1724 2697 1748 2725 ο
1781 2695 1882 2724 corr
1907 2697 1928 2726 s

254 2740 260 2798 Ι
295 2748 357 2784 τῶ
390 2743 434 2784 Ρ
478 2742 559 2785 sed
599 2749 633 2785 ῶ
674 2755 729 2785 ex
767 2741 791 2785 ὸ
832 2755 932 2784 corr
962 2741 1030 2783 m³
1120 2745 1181 2799 τῷ
1221 2755 1361 2797 supra
1400 2741 1451 2784 τὸ
1487 2740 1575 2784 M²
1663 2740 1714 2783 τὸ
1748 2741 1880 2785 LaU

255 2804 309 2842 13
342 2799 430 2855 ἔφη
463 2800 720 2855 ἄνθρωπον
746 2801 790 2843 V
941 2804 996 2842 14
1030 2796 1140 2854 ὅπερ
1173 2813 1249 2843 0111
1273 2801 1348 2844 La
1506 2804 1558 2842 16
1591 2799 1670 2842 καὶ
1702 2813 1777 2841 0111
1802 2799 1886 2843 Mo
1922 2799 1925 2854 Ι

250 2865 343 2902 τῶν
367 2859 490 2902 LaP
518 2860 599 2901 sed
630 2860 680 2902 in
710 2859 798 2902 hoc
829 2859 878 2901 in
909 2862 972 2917 τῷ
1003 2872 1104 2901 corr
1134 2859 1217 2912 m³‚
1265 2859 1309 2903 U
1335 2859 1415 2902 sed
1447 2875 1473 2903 ν
1505 2871 1620 2911 eras,
1652 2856 1785 2900 Wolf
1869 2861 1930 2914 τῷ

254 2931 393 2973 supra.
423 2917 474 2961 τὸ
502 2918 562 2960 Μ
572 2917 588 2941 ²
710 2923 762 2960 17
795 2918 879 2973 τὴν
911 2914 1060 2973 ῥὀπήν
1088 2918 1123 2960 Ι
1148 2918 1229 2961 sed
1261 2925 1318 2973 ην
1351 2914 1403 2972 §o
1433 2917 1483 2959 in
1506 2930 1580 2959 ras
1611 2916 1680 2958 m²
1739 2915 1823 2972 τὴν
1856 2929 1930 2959 0111

253 2975 376 3018 Fabr
496 2980 550 3018 20
585 2974 706 3026 ’ὅπως
730 2978 774 3020 Ρ
803 2977 883 3019 sed
913 2992 1011 3027 πως
1042 2976 1089 3018 in
1114 2990 1188 3019 ras
1213 2976 1281 3018 111³
1344 2974 1403 3019 ὄπ
1428 2990 1530 3019 cum
1554 2989 1715 3018 rasum
1740 2979 1764 3017 2
1790 2974 1868 3018 litt
1894 2976 1938 3020 U
