2060 3162
695 125 923 170 LIBANH
953 124 1177 170 ORATIO
1211 124 1295 168 XX
1739 124 1848 176 433

274 262 358 317 25.
412 259 765 326 Ἐξεταζέσθω
806 262 874 330 δὴ
914 259 1004 314 καὶ
1042 269 1165 313 τοῖν
1197 260 1465 330 ἀδελφοῖν
1504 253 1587 323 οἷς
1623 262 1781 322 πόλις
1815 260 1847 328 ἡ

163 355 418 420 Κίβαλις,
459 350 487 404 ὁ
527 351 816 419 νεώτερος,
865 349 926 413 ὃς
963 349 1294 420 ὑβρισμένος
1334 348 1397 402 ἐν
1434 349 1749 419 γράμμασιν
1789 347 1850 402 ἐν

162 449 226 511 τῇ
265 440 471 510 μεγάλῃ
510 441 668 493 πόλει
699 437 1087 509 καθῃρημένης
1121 438 1226 507 ἤδη
1258 447 1352 507 τῆς
1383 439 1714 507 τυραννίδος
1747 437 1848 490 οὐκ

161 529 606 598 ἐμνησικάκησεν.
684 526 712 580 ὁ
760 524 860 594 μὲν
907 522 1012 580 οὖν
1064 527 1135 596 μὴ
1183 527 1355 580 καλὸν
1399 534 1563 579 τοῦτο
1610 529 1849 594 νομίζων

159 618 323 680 κακὸς
362 616 432 670 ἂν
471 622 570 684 εἰή.
652 616 789 668 ἀλλὰ
836 624 1058 685 πρῶτον
1106 611 1209 682 μὲν
1257 615 1544 683 γράμματα
1589 612 1674 668 ἔνι
1719 614 1847 668 κάν-
1895 635 1915 668 5

162 711 369 772 ταῦθα,
425 706 739 774 δεινότερον
792 705 893 773 μὲν
947 704 1203 773 ἀγράφου
1259 704 1519 773 ῥήματος,
1573 700 1738 772 ἧττον
1788 700 1850 756 δὲ

159 797 326 865 ἔργου
388 794 569 846 πάλιν.
662 793 746 845 26.
810 796 987 845 καίτοι
1036 791 1127 845 καὶ
1182 794 1388 854 εἰκόνες
1438 790 1687 860 ἑωρῶντο
1749 799 1848 845 τοῦ

159 892 329 936 ταῦτα
393 882 700 951 ἀκηκοότος.
789 880 904 935 ἀλλ’
945 881 1089 948 ὅμως
1145 880 1315 943 αὐτὰς
1372 878 1653 950 παρῄεσαν
1723 881 1849 934 οὔτε

158 982 422 1041 τιμῶντες
476 971 603 1024 οὔτε
655 970 1018 1039 ἀτιμάζοντες.
1094 971 1156 1023 τὸ
1209 966 1270 1022 δὲ
1321 969 1596 1038 μέγιστον,
1648 970 1701 1022 οἱ
1748 966 1850 1038 μὲν

157 1061 599 1130 τυραννούμενοι
637 1060 704 1111 τὰ
741 1067 967 1111 τοιαῦτα
1005 1057 1252 1128 ἔγραφον
1290 1059 1381 1111 καὶ
1420 1058 1521 1111 οὐκ
1560 1055 1630 1126 ἦν
1661 1058 1844 1110 αὐτῶν
1870 1079 1913 1112 10

158 1153 369 1217 μᾶλλον
414 1149 447 1218 ἢ
493 1156 588 1216 τῆς
638 1148 878 1216 ἀνάγκης
922 1155 1017 1216 τῆς
1062 1148 1208 1217 παρὰ
1254 1155 1355 1200 τοῦ
1410 1148 1679 1200 δεσπότου
1725 1149 1848 1215 ἤτοι

160 1248 413 1307 φανερῶς
443 1238 763 1299 κελεύοντος
793 1238 826 1306 ἢ
857 1236 948 1290 καὶ
980 1237 1449 1307 παραδηλοῦντος,
1482 1236 1565 1289 ὅτι
1597 1234 1838 1304 βούλοιτ’

160 1325 230 1378 ἂν
269 1326 416 1398 αὐτῷ
448 1328 514 1379 τὰ
552 1334 780 1379 τοιαῦτα
819 1327 1095 1379 δίδοσθαι.
1166 1326 1233 1378 οὐ
1274 1326 1342 1394 δὴ
1382 1327 1600 1378 δίκαιον
1635 1323 1847 1393 ἐνόμιζε

160 1415 463 1483 λαμβάνειν
495 1417 656 1483 δίκην
680 1411 759 1468 ὧν
782 1434 928 1478 τινες
953 1414 1312 1482 ἐβιάσθησαν,
1346 1415 1508 1482 ἡνίκα
1533 1413 1846 1467 ἐδούλευον.

159 1504 226 1555 τὰ
265 1502 313 1555 δ’
345 1505 423 1566 εἰς
463 1501 523 1556 σὲ
562 1505 871 1573 κρατοῦντά
908 1523 966 1555 τε
1003 1503 1185 1556 αὐτῶν
1215 1503 1307 1555 καὶ
1341 1503 1347 1571 Ι
1383 1503 1622 1572 ἄρχοντα
1658 1502 1749 1555 καὶ
1787 1514 1936 1558 3666

158 1593 524 1659 βασιλεύοντα
568 1591 920 1661 πεπραγμένα
967 1591 1225 1661 ἀφορμὴν
1270 1591 1371 1659 μὲν
1418 1590 1471 1654 ἐξ
1520 1589 1731 1644 ἑαυτῶν
1770 1592 1848 1654 εἰς
1872 1612 1914 1644 16

161 1682 494 1749 συγγνώμην
533 1681 634 1734 οὐκ
674 1677 841 1749 εἶχον,
881 1682 1013 1747 μίαν
1052 1680 1114 1732 δὲ
1151 1680 1480 1748 καταφυγὴν
1516 1680 1576 1732 τὸ
1618 1680 1679 1732 σὲ
1713 1680 1849 1749 πρὸς

161 1772 591 1838 φιλανθρωπίαν
628 1777 909 1838 πανταχοῦ
948 1768 1336 1822 καθέλκεσθαι.

273 1857 356 1909 27.
422 1859 575 1926 Πρὸς
626 1859 750 1910 τίνα
798 1859 867 1926 δή
914 1872 975 1910 σε
1021 1859 1220 1911 λοιπὸν
1272 1856 1587 1921 ἐξεταστέον
1632 1858 1664 1926 ἢ
1710 1858 1848 1926 πρὸς

159 1946 259 1997 τὸν
297 1944 358 1998 ἐν
403 1954 517 2008 τοῖς
566 1946 789 2015 ὁμόροις
834 1954 897 2016 τῇ
938 1948 1123 2017 Συρίᾳ
1169 1945 1240 1999 δι’
1272 1948 1484 2043 εἰκότςος
1536 1945 1627 1999 καὶ
1675 1947 1913 1999 αὐτὸνεο

279 2155 304 2193 2
349 2150 534 2194 Valens.
577 2151 633 2195 cf.
667 2166 710 2207 p.
738 2155 837 2205 391,
856 2156 958 2207 bsq.
1023 2151 1120 2195 Zos.
1155 2151 1218 2194 111
1243 2155 1311 2195 36.
1374 2151 1523 2194 Amm.
1550 2151 1675 2194 XXX
1702 2156 1785 2205 7,2

165 2214 218 2252 19
251 2209 380 2253 Dem.
408 2211 465 2253 de
498 2224 588 2254 cor.
620 2226 664 2267 p.
686 2214 785 2265 330,
804 2215 859 2254 28
981 2215 1037 2254 20
1070 2210 1126 2254 cf.
1161 2226 1206 2267 p.
1231 2215 1332 2265 407,
1354 2215 1457 2266 lsq.

280 2406 335 2444 20
367 2402 447 2446 τὸν
480 2405 572 2459 (om
599 2401 677 2458 Cf)
710 2401 1038 2446 Κωνστάντιον
1069 2401 1187 2459 λέγει
1221 2401 1360 2447 GfP³

281 2585 306 2623 2
341 2579 543 2638 κειβάλις
565 2581 640 2624 Pa
681 2582 687 2636 1
730 2578 754 2623 ὁ
788 2593 889 2623 eras
922 2580 966 2624 U
1002 2582 1008 2635 Ι
1047 2578 1320 2637 ὑβρισμένος
1349 2581 1384 2622 Ι
1409 2579 1491 2623 sed
1523 2578 1764 2637 βρισμένος
1795 2578 1845 2621 in

162 2653 237 2683 ras
260 2639 331 2682 m‘
451 2644 476 2682 3
508 2637 835 2695 καθηρημένος
856 2640 891 2681 Ι
997 2643 1024 2681 4
1047 2645 1182 2683 τοῦτο
1208 2641 1388 2694 (τοῦτον
1414 2639 1545 2695 ΒΜ)
1570 2634 1692 2682 εἶναι
1715 2635 1843 2693 νομί-

163 2702 251 2750 ζων
276 2699 458 2742 ΒΜΡα
577 2702 602 2740 5
636 2698 690 2742 οὐ
723 2698 861 2748 καλὸς
882 2698 926 2740 V
943 2698 1024 2740 sed
1047 2698 1097 2740 in
1119 2711 1253 2755 marg
1276 2697 1419 2747 κακὸς
1445 2699 1451 2753 Ι
1480 2697 1548 2742 ἔνι
1566 2732 1575 2740 .
1594 2697 1844 2741 κάνταῦθα

163 2755 428 2812 δεινότερον
458 2758 499 2800 Τ
516 2756 618 2800 Mor
766 2760 792 2799 8
823 2752 956 2799 ταῦτ’
985 2758 1058 2800 Ρα
1118 2757 1289 2806 ταύτας
1312 2756 1413 2800 Mor
1556 2760 1610 2799 15
1642 2755 1693 2800 δὲ
1725 2757 1800 2799 Ρα
1833 2754 1839 2811 Ι

164 2815 340 2860 ἑαυτῶν
365 2817 439 2860 Ρα
560 2819 614 2858 16
639 2814 723 2871 μὲν
747 2841 803 2847 -
830 2819 883 2858 17
916 2815 1192 2871 καταφυγὴν
1225 2829 1300 2859 om
1328 2817 1376 2858 et
1405 2814 1593 2871 ἀφορμὴ
1623 2821 1706 2858 τοῦ
1739 2814 1844 2857 coni

163 2874 266 2918 Mor
298 2875 424 2920 C'o‘ni.
570 2878 624 2917 16
657 2873 833 2918 ἑαυτῶν
866 2886 921 2917 ex
952 2874 1105 2918 αὑτῶν
1138 2888 1238 2918 corr
1261 2873 1319 2916 Ι2
1470 2878 1523 2918 19
1555 2891 1609 2931 γρ
1634 2871 1842 2926 ἐξετάσαι

165 2931 273 2977 δέον
300 2934 403 2977 Mor
523 2937 577 2975 20
610 2931 707 2977 εἰκό
740 2949 821 2984 νος
847 2933 885 2978 0
912 2932 993 2976 sed
1017 2934 1123 2976 ante
1148 2949 1175 2976 ν
1206 2945 1281 2976 ras
1309 2938 1330 2976 1
1364 2932 1442 2976 litt
1475 2934 1524 2977 01:
1546 2949 1573 2976 ν
1602 2932 1652 2975 in
1675 2945 1750 2975 ras
1774 2930 1844 2973 m'

253 3015 450 3047 Lnumus
475 3015 532 3046 ed.
556 3015 796 3048 Foerster.
836 3015 887 3046 H.
1522 3009 1577 3048 28
