2060 3162
227 112 337 164 480
739 112 969 156 LIBANII
1000 111 1226 156 ORATIO
1259 113 1386 156 XXH

227 244 367 316 ἦγον
406 248 578 301 αὐτὸν
623 243 716 300 ὑπ’
751 247 1036 318 εὐφημιῶν
1082 246 1172 301 ἐπὶ
1222 249 1324 316 τὴν
1361 250 1524 302 πόλιν
1564 249 1918 318 ἀναμίξαντες

230 338 469 400 ἱκετείας.
547 337 575 390 ὁ
617 338 679 390 δὲ
725 338 826 390 οὐκ
874 337 1154 406 ἀπήλαυνε
1200 334 1302 404 μὲν
1351 342 1771 410 φιλανθρωπίᾳ,
1826 341 1918 392 διὰ

139 437 181 480 R
205 438 246 480 II
265 441 318 481 10
352 422 413 478 δὲ
443 435 555 479 τῶν
585 427 733 494 παρὰ
765 434 860 494 τῆς
892 423 1072 488 δεξιᾶς
1106 423 1111 495 Ι
1147 423 1366 478 ἐδείκνυ
1406 427 1505 479 τὸν
1543 429 1918 495 κατεγνωκότα

227 524 404 567 ποιῶν
442 514 576 584 ὅπερ
625 516 678 567 οἱ
725 514 1079 584 παιδοτρίβαι
1129 515 1267 584 πρὸς
1311 517 1441 577 τοὺς
1487 516 1633 585 παρὰ
1671 517 1731 569 τὸ
1773 517 1916 580 εἰκὸς

182 624 200 655 5
226 602 585 672 ἡττημένους,
634 604 706 665 ὡς
746 603 813 672 δὴ
852 611 946 671 τῆς
985 604 1212 672 διδαχῆς
1258 604 1665 673 προδεδομένης
1715 605 1915 668 αὐτοῖς.

230 692 312 745 18.
351 693 441 745 καὶ
482 687 645 755 οὗτος
685 694 880 745 τοίνυν
913 693 985 754 ὡς
1016 691 1104 745 ἐπὶ
1137 692 1562 762 προδεδομένων
1600 694 1748 766 αὐτῷ
1781 693 1908 764 παρ’

226 782 380 850 ἡμῶν
426 791 537 834 τῶν
587 779 715 851 παρ’
747 781 920 834 αὐτοῦ
967 779 1092 850 περὶ
1142 782 1298 850 ἡμῶν
1343 780 1585 835 ἐπαίνων
1631 783 1774 836 οὕτω
1815 783 1916 851 μὲν

225 864 335 939 εἶχε
373 871 475 938 τὴν
514 871 756 939 γνώμην,
812 870 955 923 οὕτω
1004 871 1065 923 δὲ
1111 869 1304 940 ἐχρῆτο
1351 879 1417 940 τῇ
1464 873 1616 941 χειρί.
1693 868 1763 940 ἧν
1808 873 1914 941 γὰρ

227 960 294 1028 δὴ
334 961 516 1012 πολὺν
555 960 708 1028 ἡμῶν
741 958 1086 1028 ἐμβεβληκὼς
1118 962 1292 1030 ἔρωτα
1323 966 1405 1033 τῷι
1430 963 1646 1028 βασιλεῖ
1683 969 1915 1024 πυκνοῖς

159 1069 201 1100 10
225 1068 282 1100 τε
320 1049 410 1101 καὶ
450 1056 678 1118 μακροῖς
723 1057 838 1111 τοῖς
877 1045 1016 1117 ὑπὲρ
1064 1048 1219 1117 ἡμῶν
1258 1047 1548 1117 ἐγκωμίοις
1586 1053 1774 1118 ληρεῖν
1812 1050 1914 1119 μὲν

226 1137 466 1200 ἅπαντας
506 1137 683 1206 λέγων
716 1139 846 1199 τοὺς
878 1136 1064 1207 ἑτέρας
1096 1140 1306 1200 πόλεως
1336 1137 1731 1207 μεμνημένους,
1772 1135 1911 1192 εἶναι

225 1227 326 1295 γὰρ
369 1225 429 1279 ἐν
477 1226 709 1297 οὐδεμιᾷ
757 1227 1033 1295 τοσαύτην
1081 1226 1311 1295 ἀγαθῶν
1362 1227 1623 1294 σύνοδον,
1674 1226 1812 1280 ἀλλὰ
1850 1228 1911 1281 τὸ

223 1315 325 1383 μὲν
364 1317 526 1384 ἔχειν,
578 1323 678 1368 τοῦ
719 1312 780 1367 δὲ
820 1314 1135 1368 ἐπιδεῖσθαι
1174 1316 1263 1368 καὶ
1314 1316 1520 1378 πολλὰς
1558 1314 1620 1368 ἐν
1658 1316 1759 1384 μὲν
1797 1325 1915 1379 τοῖς

225 1405 412 1467 ἄλλοις
449 1402 595 1473 ἔχειν
634 1403 969 1473 εὐδοκιμεῖν,
1009 1405 1108 1457 τὸν
1140 1404 1202 1457 δὲ
1239 1404 1434 1458 κοινὸν
1464 1412 1559 1472 τῆς
1596 1407 1806 1468 πόλεως
1844 1405 1911 1459 οὐ

159 1514 200 1545 15
224 1496 402 1555 καλῶς
442 1494 634 1555 αὐταῖς
671 1490 818 1561 ἔχειν
863 1495 1085 1563 τρόπον,
1140 1493 1277 1546 ἀλλὰ
1322 1501 1387 1564 τῇ
1426 1491 1529 1560 μὲν
1567 1492 1770 1558 ἐπιζεῖν
1806 1499 1912 1547 θυ-

223 1583 347 1650 μόν,
378 1582 479 1650 τὴν
515 1582 577 1634 δὲ
609 1580 959 1650 ἀναισθήτως
991 1582 1323 1648 διακεῖσθαι,
1362 1583 1463 1651 τὴν
1503 1580 1550 1634 δ’
1583 1581 1911 1653 ἐστερῆσθαι

227 1672 495 1740 Χαρίτων,
533 1671 636 1738 τὴν
668 1667 729 1723 δὲ
762 1669 942 1738 ἀργῶς
981 1672 1143 1740 ἔχειν,
1182 1672 1284 1739 τὴν
1315 1667 1376 1723 δὲ
1406 1679 1471 1741 τῇ
1507 1679 1665 1741 φωνῇ
1699 1675 1911 1740 λυπεῖν,

223 1760 325 1827 τὴν
365 1756 426 1812 δὲ
474 1759 576 1812 οὐκ
624 1758 830 1812 εἰδέναι
878 1747 1071 1829 φέρειν
1116 1759 1382 1827 βασιλέως
1428 1759 1729 1829 καθέδραν,
1782 1761 1911 1830 τῇδε

134 1859 175 1902 R
198 1860 311 1904 1111
362 1848 422 1901 δὲ
461 1849 600 1918 μόνῃ
640 1848 707 1900 τά
743 1867 801 1900 τε
850 1853 856 1912 Ι
907 1847 1012 1900 ἀπὸ
1052 1855 1148 1916 τῆς
1194 1849 1370 1918 Τύχης
1408 1849 1675 1918 ὑπάρχειν
1714 1849 1816 1902 ὅσα
1852 1867 1910 1901 τε

157 1957 199 1989 20
224 1937 300 1999 εἰς
356 1936 556 2007 ἀρετὴν
610 1939 834 2006 ἔρχεται.
911 1936 1126 1990 ἐκεῖνον
1180 1937 1242 1990 δὲ
1296 1936 1499 1990 εἰδέναι
1554 1956 1612 1990 τε
1664 1938 1753 1990 καὶ
1808 1937 1910 1990 οὐκ

344 2175 396 2213 12
431 2169 486 2214 cf.
520 2185 564 2226 p.
591 2174 691 2225 408,
712 2174 813 2226 7sq.
940 2175 992 2213 15
1026 2170 1165 2214 Arist.
1193 2171 1305 2215 Aeh.
1333 2175 1416 2214 321

343 2398 365 2436 1
399 2389 481 2436 ὑπ’
518 2393 568 2435 in
590 2405 666 2435 ras
691 2393 725 2435 I
732 2391 748 2415 ⁸
906 2395 931 2433 2
966 2389 1182 2442 ἱκετείαις
1212 2392 1247 2434 Ι
1272 2392 1354 2435 sed
1386 2409 1402 2434 ι
1434 2394 1496 2448 (3)
1528 2405 1629 2436 eras
1669 2393 1675 2447 Ι
1710 2389 1757 2436 δ’
1792 2392 1860 2436 Re
1897 2395 1901 2432 ἓ

223 2449 590 2508 φιλανθρωπίαν
615 2451 716 2495 Mor
854 2454 881 2492 4
914 2449 1027 2506 ὅπερ
1060 2463 1115 2494 ex
1148 2449 1278 2505 οἵπερ
1312 2465 1413 2495 oon·
1436 2453 1482 2496 Β
1510 2451 1515 2510 Ι
1544 2451 1686 2510 εἰκὸς]
1719 2451 1760 2496 εἰ
1789 2451 1903 2506 Mor,

222 2510 347 2565 quod
387 2524 488 2554 corr
525 2510 593 2553 Re
618 2510 758 2554 Anim
938 2514 963 2552 6
1010 2509 1453 2566 προδεδομένω.Μο
1633 2515 1659 2554 8
1703 2509 1750 2555 δ’
1776 2510 1845 2554 Re

225 2573 279 2612 10
311 2569 392 2625 μὲν
425 2584 499 2613 om
519 2571 581 2613 M
697 2574 750 2612 11
783 2566 938 2619 πόλεις
963 2568 1047 2613 Mo
1171 2574 1223 2612 12
1257 2569 1368 2614 οὐδὲ
1392 2577 1492 2625 μιᾶι
1510 2571 1555 2613 Α
1583 2571 1587 2627 Ι
1616 2569 1806 2627 ἀγαθὴν
1829 2570 1903 2613 Pa

222 2627 336 2683 Mor,
368 2629 494 2682 quod
525 2642 627 2672 corr
650 2628 717 2672 Re
740 2627 880 2670 Anim
1014 2631 1066 2670 13
1099 2628 1151 2671 τὸ
1179 2629 1262 2673 Mo
1290 2629 1295 2686 Ι
1325 2626 1369 2673 δ’
1398 2629 1466 2672 Re
1587 2634 1642 2671 15
1676 2629 1838 2678 αὐταῖς
1861 2629 1906 2672 Ρ

222 2687 304 2730 sed
335 2694 389 2730 αῖ
417 2700 472 2730 ex
504 2686 534 2730 ὰ
565 2687 614 2730 in
637 2701 712 2731 ras
746 2694 847 2730 con·
867 2685 948 2739 m2,
983 2687 1017 2729 I
1043 2687 1124 2730 sed
1155 2694 1231 2737 αῖς
1260 2687 1309 2730 in
1331 2701 1407 2731 ras
1431 2687 1501 2730 m²
1543 2696 1548 2742 Ι
1590 2686 1674 2743 τὴν
1707 2688 1779 2730 Ρα
1802 2686 1903 2730 Mor

224 2745 231 2803 Ι
267 2746 424 2802 ἐπιζῆν
455 2747 566 2790 ΒαΙ
620 2744 794 2801 ἐφίζειν
825 2746 930 2789 coni
953 2745 1021 2788 Re
1144 2750 1197 2788 16
1230 2745 1527 2801 ἀναισθήτως
1556 2747 1591 2789 Ι
1615 2746 1697 2789 sed
1728 2745 1823 2800 σθή
1851 2746 1901 2789 in

219 2819 296 2848 ras
319 2804 388 2847 m2
413 2809 420 2859 1
448 2804 532 2858 τήν
557 2806 602 2848 Ρ
622 2806 703 2848 sed
729 2804 740 2819 '
764 2805 813 2847 in
829 2818 903 2847 ras
920 2804 1003 2859 m³‚
1024 2805 1162 2847 IBM
1186 2808 1191 2861 Ι
1221 2805 1270 2850 δὲ
1294 2805 1362 2848 Re
1486 2810 1537 2848 17
1571 2804 1653 2859 τήν
1670 2806 1731 2860 (1)
1749 2806 1794 2848 Ρ
1816 2806 1823 2860 1
1851 2802 1896 2847 δ’

221 2864 313 2907 edd
436 2867 488 2906 18
522 2861 566 2908 δ’
588 2866 662 2908 Ρα
684 2864 786 2907 Mor
813 2864 818 2921 Ι
845 2866 954 2920 τῇδε
978 2863 1048 2921 δὲ]
1073 2870 1127 2921 τῇ
1161 2864 1227 2915 δὲ,
1260 2863 1317 2920 δὴ
1343 2865 1415 2907 Ρα
1438 2864 1540 2906 Mor
1659 2867 1715 2906 20
1747 2863 1901 2907 ἐκεῖνα

221 2923 336 2977 Mor,
369 2940 423 2980 γρ
449 2921 631 2979 ἐκείνην
663 2923 711 2965 in
735 2936 870 2979 marg
897 2924 901 2980 Ι
931 2921 982 2966 δὲ
1014 2937 1087 2965 om
1114 2924 1186 2966 Pa
1211 2923 1312 2966 Mor
