2060 3162
247 160 351 213 158
777 158 1004 202 LIBANII
1035 157 1260 203 ORATIO
1291 159 1397 203 XVI

241 302 295 347 in
333 299 442 347 libr.
476 300 643 347 eccles.
675 299 788 347 hist.
824 298 954 347 Socr.
997 292 1092 365 (ed.
1130 292 1294 366 1668)
1327 317 1374 389 Ρ.
1403 301 1508 349 190
1521 294 1561 367 1)
1613 300 1934 350 conferantur

243 389 370 436 quae
408 375 442 420 t.
475 373 500 420 I
537 390 583 435 p.
613 373 679 420 58
722 373 837 420 dixi.

351 447 500 499 Ratio
555 463 680 509 quae
725 446 990 494 intercedit
1042 447 1172 495 inter
1217 447 1406 496 codices
1457 463 1579 510 quos
1627 449 1680 495 in
1727 463 1928 496 censum

243 521 418 570 vocavi
458 520 627 568 eadem
666 522 741 568 est
780 522 929 582 atque
967 522 1021 567 in
1052 523 1274 570 oratione
1306 521 1629 583 antecedenti,
1666 522 1766 571 nisi
1797 523 1929 584 quod

244 595 308 643 ad
348 595 537 643 codices
576 594 781 642 alterius
819 594 1040 642 familiae
1080 594 1268 643 accedit
1299 595 1451 643 codex
1481 596 1788 644 Monacensis
1823 598 1928 644 113

243 662 394 735 (Mo).
471 669 641 716 Etiam
685 668 766 716 hic
813 668 1023 716 duorum
1069 668 1291 717 codicum
1345 684 1465 730 quos
1513 670 1717 718 collatos
1770 670 1930 718 habeo
1962 726 1971 736 ᾖ

243 744 478 791 lectiones
512 742 573 789 ab
607 744 852 805 apparatu
882 742 1053 790 critico
1086 742 1282 790 exulare
1319 742 1462 791 iussi:
1503 742 1928 792 Oasanatensis

240 818 442 879 propter
474 831 675 864 causam
708 832 858 878 quam
890 831 1039 878 supra
1062 833 1109 878 p.
1127 817 1229 864 118
1262 817 1463 878 protuli,
1496 819 1545 865 et
1566 817 1772 878 Athoi‚
1812 817 1929 879 quia

243 891 470 952 quamvis
512 892 673 938 aetate
713 892 762 938 et
798 890 959 952 pretio
997 892 1239 952 praestet,
1286 892 1454 938 tamen
1490 892 1709 953 proxime
1749 891 1812 939 ad
1850 907 1929 939 co-

246 964 403 1012 dicem
435 965 524 1012 Mo
565 964 766 1025 accedit,
804 965 861 1011 ut
901 966 1110 1027 apparet
1148 980 1207 1012 ex
1244 962 1411 1022 αύτοΐς
1450 964 1627 1013 omisso
1658 982 1704 1027 p.
1734 967 1854 1025 169,
1878 967 1929 1026 4,

242 1035 470 1102 λαμπρὰν
515 1044 811 1101 καταστῆσαι
863 1053 953 1100 pro
999 1044 1294 1102 καταστῆσαι
1339 1036 1565 1103 λαμπρὰν
1613 1056 1660 1100 p.
1690 1040 1809 1100 168,
1843 1041 1929 1099 23,

241 1110 444 1160 τοιούτω
483 1110 609 1176 λόγω
658 1127 746 1174 pro
785 1118 1008 1160 τοιοῦτον
1046 1111 1192 1176 λόγον
1230 1129 1276 1174 p.
1314 1114 1432 1175 170,
1470 1114 1552 1173 14,
1605 1111 1788 1176 ταύτην
1837 1128 1928 1176 pro

240 1184 391 1253 ταύτῃ
431 1203 478 1247 p.
515 1187 635 1246 174,
664 1187 710 1247 7,
758 1184 885 1234 ὅλων
931 1201 1020 1248 pro
1068 1182 1226 1234 ἄλλων
1263 1203 1309 1248 p.
1348 1187 1467 1246 174,
1495 1187 1559 1234 16
1609 1203 1769 1249 neque
1815 1203 1927 1249 pro-

239 1261 361 1322 priis
399 1259 526 1306 liber
557 1262 631 1307 est
661 1259 1140 1321 interpolationibus,
1179 1262 1238 1307 ut
1267 1257 1556 1323 ἠδικηκότες
1586 1276 1676 1322 pro
1709 1257 1928 1327 ἡμαρτη-

240 1332 376 1391 κότες
413 1349 460 1395 p.
498 1334 620 1393 161,
648 1336 693 1394 9,
731 1331 847 1392 τοὺς
878 1330 1178 1398 ἀρχομένους
1215 1350 1305 1395 pro
1337 1331 1472 1392 τινὰς
1510 1340 1607 1381 τῶν
1646 1332 1930 1399 ἀρχομένων

239 1424 286 1469 Ρ.
323 1409 442 1467 172,
469 1407 516 1468 5,
562 1404 616 1455 ἐκ
654 1406 841 1455 τούτων
886 1425 938 1471 γε
977 1406 1156 1470 κομιδῆ
1202 1406 1447 1472 κυριεύειν
1490 1405 1835 1474 εὐπορούντων
1875 1405 1929 1456 δέ

239 1498 388 1529 τινων
425 1478 774 1546 εὐαριθμήτων
819 1496 909 1543 pro
956 1479 1009 1529 ἐκ
1054 1487 1141 1529 τοῦ
1188 1480 1416 1545 κυβεύειν
1461 1479 1806 1547 εὐπορούντων
1845 1499 1928 1530 κο-

242 1553 358 1618 μιδῆ
397 1572 546 1603 τινων
584 1553 932 1621 εὐαριθμήτων
969 1571 1015 1616 p.
1045 1556 1165 1615 177,
1199 1556 1244 1602 8.

351 1628 534 1676 Eodem
580 1630 727 1690 pacto
774 1630 828 1675 in
872 1628 1241 1684 Marcianum
1279 1645 1356 1692 gr.
1391 1629 1495 1676 445
1544 1630 1666 1676 item
1712 1629 1927 1677 codicem

241 1702 479 1750 secundae
518 1702 738 1750 familiae
785 1704 988 1765 propter
1025 1702 1205 1749 nubem
1245 1718 1343 1764 qua
1383 1702 1643 1750 obvolutus
1683 1705 1757 1750 est
1794 1703 1928 1751 lacu-

239 1791 417 1824 narum
456 1777 941 1838 corruptelarumque
982 1776 1333 1825 consulendum
1371 1791 1475 1824 esse
1515 1776 1644 1824 duxi.

350 1850 523 1911 Neque
575 1851 838 1911 quicquam
878 1850 1121 1898 commodi
1157 1850 1405 1898 redundat
1450 1867 1475 1898 e
1514 1850 1809 1910 lectionibus
1849 1865 1927 1899 co·

242 1923 405 1970 dicum
442 1923 796 1971 Vaticanorum
845 1924 929 1971 81.
971 1925 1054 1971 82.
1096 1925 1180 1971 84.
1223 1926 1343 1985 941,
1393 1940 1514 1985 quas
1561 1924 1660 1972 Leo
1706 1924 1926 1972 Allatius

240 1996 292 2043 in
315 1997 536 2059 margine
561 1996 739 2045 codicis
763 1996 1023 2045 Barberini
1044 1997 1211 2058 posuit
1223 1991 1263 2063 2)
1298 2013 1516 2059 quasque
1539 1997 1652 2045 inde
1683 1998 1736 2044 in
1759 2012 1925 2044 meum

240 2070 532 2118 Reiskianae
572 2069 802 2118 editionis
843 2071 1091 2133 exemplar
1135 2071 1382 2118 transtuli.
1459 2071 1730 2119 Vaticanus
1773 2072 1840 2117 84
1882 2071 1926 2118 si

240 2146 402 2192 minus
443 2159 468 2191 e
507 2142 735 2191 Palatino
778 2145 882 2191 282
922 2146 1052 2205 ipso,
1100 2146 1230 2192 certe
1270 2159 1294 2190 e
1332 2145 1469 2192 fonte
1516 2159 1627 2191 cum
1664 2144 1755 2191 hoc
1794 2159 1923 2192 com-

240 2218 392 2278 muni,
430 2217 700 2265 Vaticanus
742 2218 809 2265 82
851 2233 909 2265 ex
948 2217 1116 2265 eodem
1155 2218 1423 2279 exemplari
1461 2217 1659 2265 scholiis
1697 2217 1923 2279 praedito

241 2308 338 2352 quo
377 2290 769 2339 Vindobonensis
809 2291 973 2352 fluxit,
1020 2291 1103 2340 sed
1149 2293 1355 2352 uterque
1402 2306 1554 2352 aeque
1596 2293 1744 2352 atque
1782 2291 1923 2338 Vati-

241 2380 390 2412 canus
433 2366 533 2412 941
576 2365 806 2413 mendose
846 2364 1107 2413 admodum
1147 2364 1420 2426 descriptus
1461 2366 1546 2412 est.

350 2438 469 2486 Loci
509 2455 566 2485 ex
603 2439 696 2486 hac
735 2440 958 2487 oratione
998 2438 1139 2486 citati
1188 2454 1286 2486 non
1323 2440 1637 2500 reperiuntur
1681 2438 1778 2485 nisi
1824 2438 1923 2486 duo

243 2511 292 2557 in
316 2511 472 2559 lexico
498 2512 676 2560 codicis
702 2512 1004 2560 miscellanei
1035 2512 1546 2560 Darmstadiensis
1573 2512 1712 2559 2773
1740 2511 1923 2559 saeculi

243 2584 360 2631 XIV
391 2586 611 2634 exeuntis
643 2586 722 2633 vel
746 2584 837 2632 XV
865 2587 1084 2633 ineuntis
1115 2586 1199 2634 fol.
1229 2579 1426 2652 217V,3)
1464 2585 1630 2647 plures
1663 2584 1745 2632 sed
1778 2585 1921 2646 parvi

242 2657 457 2705 ambitus
505 2658 636 2720 apud
675 2659 988 2707 Maximum
1026 2659 1348 2707 Planudem
1392 2661 1444 2706 in
1483 2657 1793 2706 collectaneis
1842 2673 1920 2706 co-

242 2730 362 2778 dicis
401 2730 618 2778 Palatini
657 2731 1084 2794 Heidelbergensis
1127 2734 1228 2780 129
1269 2733 1354 2780 fol.
1383 2725 1580 2797 104V.4)

362 2842 403 2897 1)
437 2839 500 2883 Cf.
536 2842 740 2885 eiusdem
772 2844 932 2885 notam
964 2843 1024 2886 ad
1054 2843 1202 2886 Amm.
1228 2843 1367 2886 Marc.
1393 2841 1540 2885 XXIII
1566 2846 1590 2884 2
1622 2856 1665 2897 p.
1694 2846 1791 2884 353.

359 2902 404 2956 2)
437 2898 502 2942 cf.
534 2900 612 2943 t.I
643 2915 686 2955 p.
714 2905 782 2943 33.
979 2904 1023 2958 3)
1055 2901 1119 2945 Of.
1155 2913 1294 2957 supra
1325 2916 1368 2958 p.
1391 2905 1487 2945 118.
1520 2900 1663 2944 Locos
1694 2900 1810 2942 mihi
1843 2914 1921 2944 ex-

243 2957 431 3014 scripsit
460 2957 685 3002 Voltzius.
806 2962 850 3013 4)
884 2958 948 3003 Cf.
981 2960 1052 3004 t.I
1076 2975 1120 3016 p.
1142 2965 1208 3002 73.
