2072 3162
219 85 290 167 {32
750 114 980 159 LtssANn
1011 114 1234 159 ORATIO
1266 114 1373 159 xiv

219 250 567 313 ἀναπνεύσας
613 251 716 304 οὐκ
762 249 849 304 ἐπὶ
895 252 1026 313 τοὺς
1070 250 1241 304 πλέον
1288 251 1578 320 ἰσχύοντας
1623 251 1656 320 ἢ
1703 251 1804 304 τὸν
1851 250 1914 304 ἐν

218 343 456 409 βιβλίοις
488 342 719 407 βιοῦντα
752 340 1279 409 Φουρτουνατιανὸν
1309 341 1642 409 καταφεύγει
1674 343 1913 407 νομίζων

217 427 344 498 παρ’
375 426 658 496 ’Έλληνος,
697 428 841 480 οὕτω
882 428 986 497 γὰρ
1027 426 1242 481 ἐκεῖνον
1287 432 1475 482 καλεῖν
1514 428 1686 496 ἄξιον,
1734 427 1912 491 τεύξε-

219 519 360 569 σθαί
394 536 544 579 τινος
583 518 789 579 αἰδοῦς.
853 516 882 569 ὃ
915 514 1006 569 καὶ
1038 515 1282 584 γέγονεν.
1345 513 1584 580 ἀκούσας
1615 518 1739 586 γάρ,
1772 517 1911 570 ὅθεν

173 624 275 658 ὅτε
320 605 445 672 ἥκοι
489 606 578 658 καὶ
627 605 769 667 ὅπως
814 605 905 657 καὶ
954 608 1013 657 τί
1056 605 1258 657 παθὼν
1306 606 1396 658 καὶ
1441 609 1499 658 τί
1541 606 1909 674 φοβούμενος,

219 691 433 762 δέχεται
493 695 592 746 τὸν
654 695 961 762 ἄνθρωπον
1021 693 1233 763 ἡμέρως
1293 692 1383 746 καὶ
1445 693 1773 762 κατέστησεν
1835 696 1912 757 εἰς

218 782 412 835 ἄδειαν
452 783 545 835 διὰ
582 790 682 835 τοῦ
724 784 1009 851 σχήματος.
1090 782 1172 834 13.
1215 782 1243 836 ὁ
1284 779 1345 835 δὲ
1385 783 1464 835 ὢν
1501 783 1605 851 ἤδη
1648 784 1911 852 στρατιώ-

215 890 310 939 της
351 872 558 938 σώματι
595 868 697 938 μὲν
736 870 943 943 ἀπείρῳ
981 872 1254 924 τοιούτων
1303 873 1494 924 πόνων
1541 872 1774 939 διῆλθεν
1813 869 1900 940 ἐφ’

218 959 403 1012 ἵππων
441 960 703 1023 πολλάκις
741 961 843 1029 τὴν
875 959 1207 1028 οἰκουμένην
1247 959 1307 1012 ἐν
1337 969 1454 1023 τοῖς
1486 958 1768 1027 ἐπείγουσι
1798 970 1913 1013 τῶν

150 1069 192 1100 10
216 1057 425 1118 καιρῶν
465 1050 855 1118 εἰσφερόμενος
892 1049 1076 1118 τάχος,
1127 1049 1218 1101 καὶ
1258 1045 1425 1102 οὐδὲν
1464 1044 1543 1101 ὧν
1580 1044 1651 1116 ἦν
1698 1049 1908 1118 ἀνάγκη

213 1142 423 1190 θᾶττον
461 1142 683 1205 μαθεῖν,
735 1138 1080 1207 βραδύτερον
1117 1138 1266 1207 παρὰ
1303 1138 1405 1206 τὴν
1443 1139 1608 1191 τοῦδε
1646 1137 1913 1206 μέλλησιν

214 1226 603 1288 Κωνστάντιος
656 1227 881 1294 ἤκουσε,
935 1227 1081 1295 πλὴν
1134 1231 1189 1279 εἴ
1234 1244 1342 1279 που
1399 1229 1693 1296 συνετρίβη
1748 1246 1910 1280 κατα-

213 1315 414 1382 πεσών,
468 1313 496 1366 ὃ
536 1312 627 1367 καὶ
668 1315 801 1368 αὐτὸ
842 1322 942 1367 τοῦ
992 1315 1253 1368 σπεύδειν
1301 1323 1540 1384 σημεῖον.
1620 1316 1703 1368 14.
1759 1314 1911 1368 ἐπαι-

213 1404 484 1470 νούμενος
524 1399 584 1455 δὲ
622 1412 734 1456 τῶν
773 1405 962 1456 πόνων
999 1405 1065 1456 τὰ
1103 1406 1500 1474 προτεινόμενα
1547 1403 1712 1473 κέρδη
1755 1405 1910 1456 διεω-

150 1511 192 1546 15
216 1497 399 1561 θεῖτο,
468 1490 559 1544 καὶ
622 1491 725 1545 οὐκ
785 1494 936 1544 ἔστιν
999 1492 1148 1555 ὅστις
1209 1491 1466 1556 ἐπιδείξει
1533 1500 1735 1546 τοῦτον
1805 1493 1908 1545 οὐκ

124 1594 271 1637 R429
307 1581 633 1649 ἐπιμελητὴν
667 1579 859 1650 ὀρέων,
892 1581 994 1633 οὐκ
1026 1582 1261 1649 ἄγγελον
1295 1581 1301 1650 Ι
1336 1581 1615 1651 ὑπάρχων,
1656 1581 1722 1634 οὐ
1755 1583 1911 1649 νίκης

213 1671 480 1740 μηνυτήν,
521 1669 623 1722 οὐκ
662 1670 795 1722 ἄλλο
834 1679 946 1722 τῶν
983 1671 1254 1723 τοιούτων
1292 1670 1673 1740 ὑπηρετηκότα
1723 1669 1910 1738 οὐδέν,

215 1759 243 1812 ὃ
291 1760 385 1821 τὰς
431 1754 533 1827 μὲν
578 1760 764 1821 πόλεις
810 1758 1088 1827 ἀπώλλυε,
1142 1760 1273 1821 τοὺς
1319 1755 1380 1811 δὲ
1431 1760 1735 1821 δοκοῦντας
1789 1759 1908 1811 δια-

334 1997 358 2035 2
383 1991 467 2047 Ep.
487 1995 615 2034 1348.
643 1991 835 2045 Sievers,
853 1991 1010 2035 Leben
1027 1992 1108 2036 des
1125 1992 1224 2035 Lib.
1243 2008 1288 2049 p.
1302 1997 1386 2036 248
1503 1997 1556 2036 16
1581 1993 1603 2035 Ι
1620 1997 1719 2046 567,
1738 1996 1764 2035 8
1779 2006 1846 2048 sq.
1864 1992 1909 2035 R.

333 2218 355 2256 1
392 2210 495 2258 οὐδ’
523 2213 635 2256 Ferr
657 2212 759 2256 Mor
821 2211 958 2257 οὐδὲν
982 2215 1152 2269 μᾶλλον
1176 2213 1243 2255 Re
1259 2213 1400 2255 Anim
1428 2214 1434 2268 1
1463 2212 1706 2271 ἰσχύοντας
1734 2215 1907 2269 μᾶλλον

213 2270 240 2327 ἢ
266 2274 311 2316 Β
343 2274 391 2316 et
423 2271 527 2316 coni
558 2272 627 2315 Re
770 2276 795 2315 2
849 2272 1253 2327 Φορτουνατιανὸν
1285 2272 1352 2315 Re
1403 2273 1408 2328 Ι
1458 2272 1741 2330 καταφεύγει
1772 2271 1904 2327 παρὰ

210 2331 295 2375 τὸν
329 2334 463 2376 δεῖνα
487 2329 686 2387 νομίζων
717 2328 965 2384 τεύξεσθαί
997 2347 1124 2380 τινος
1155 2332 1319 2382 αἰδοῦς
1341 2331 1459 2375 Plan
1482 2331 1559 2375 fol.
1581 2336 1635 2374 38
1758 2335 1782 2372 6
1817 2330 1900 2374 ἄν·

213 2392 303 2446 δρα
335 2391 380 2433 Β
535 2395 558 2432 7
593 2391 653 2440 ὡς
683 2390 752 2433 Re
903 2393 929 2432 8
969 2389 1128 2434 πόνων
1161 2404 1236 2433 om
1262 2391 1324 2433 M
1471 2395 1526 2433 10
1562 2386 1625 2434 ὧν
1659 2387 1717 2433 ἂν
1749 2383 1809 2445 ἦν
1844 2391 1906 2434 M

275 2453 327 2492 12
377 2448 574 2503 ἤκουσεν
605 2451 651 2494 Α
833 2454 888 2492 14
934 2447 992 2492 τὰ
1031 2448 1365 2506 προτεινόμενα
1407 2476 1461 2481 --
1503 2451 1744 2493 ὃιεωθεῖτο
1786 2449 1908 2492 citab

211 2507 329 2550 Plan
360 2507 389 2550 1.
416 2508 446 2550 1.
506 2508 511 2565 Ι
570 2511 787 2552 διωθεῖτο
815 2509 859 2552 V
1004 2513 1058 2551 15
1097 2508 1222 2552 inter
1253 2509 1375 2559 ὅστις
1406 2510 1454 2552 et
1493 2506 1708 2560 ἐπιδείξει
1739 2521 1906 2551 rasura.

213 2571 238 2608 2
270 2566 350 2609 litss
381 2568 415 2610 Ι
501 2565 626 2618 ’ὅστις
657 2567 742 2610 οὐκ
774 2567 819 2611 U
862 2568 868 2622 Ι
918 2567 1003 2611 οὐκ
1034 2567 1158 2610 inser
1189 2567 1247 2610 12
1339 2581 1415 2611 om
1446 2567 1490 2611 U
1664 2570 1717 2609 16
1753 2565 1903 2621 ὀρέων

214 2625 379 2680 scripsi
411 2625 515 2668 0011.
540 2625 562 2668 1
587 2631 686 2680 121,
714 2630 782 2669 18.
817 2630 916 2679 569,
943 2631 967 2669 9
1002 2627 1049 2670 et
1082 2630 1180 2681 570,
1200 2631 1224 2669 6
1249 2627 1291 2669 R
1331 2626 1389 2669 cf.
1424 2625 1473 2669 O.
1500 2625 1780 2678 Hirschfeld,
1815 2625 1904 2668 Die

211 2685 420 2785 asslgslpteso
435 2684 506 2786 ‚ing
517 2685 805 2786 rebgqeffllfzt.
832 2685 977 2786 Αξῖᾱ.
1002 2685 1150 2787 ΙῗίθζΟΙ.
1180 2689 1314 2759 1893,
1341 2687 1444 2741 437)
1469 2683 1618 2786 1⁶25&
1633 2684 1904 2785 'libriqgiffir

212 2823 267 2837 =
299 2759 572 2844 horress‘r'u‘ffi
589 2757 893 2857 Rss'vgusog.a
925 2746 1722 2858 sermggnnggzffiii‘ivalrianffisggzvl
1743 2745 1902 2856 ἶὺπάρῖ

211 2877 305 2916 χων
331 2859 496 2915 scripsi
521 2863 709 2903 auctore
735 2861 959 2904 Sieversio
983 2861 1012 2904 l.
1028 2861 1057 2904 1.
1122 2861 1311 2905 ὑπάτων
1328 2861 1437 2905 libri
1455 2862 1545 2905 edd
1667 2864 1720 2904 18
1747 2861 1900 2904 ἀπώλ-

210 2921 318 2962 λυεν
351 2919 482 2963 AGP
503 2919 593 2961 edd
