2060 3162
247 144 354 197 346
765 144 993 187 LIBANII
1023 142 1246 188 ORATIO
1279 144 1428 188 XVIII

245 282 446 348 βαινον
500 281 764 347 αἴσθησίν
815 298 874 332 τε
926 280 1030 348 ἤδη
1085 288 1202 342 τοῖς
1246 279 1409 348 ἐγγὺς
1461 279 1791 350 παρέχοντες
1835 278 1927 333 καὶ

246 370 597 436 βαλλόμενοι,
652 366 769 420 ἀλλ’
810 367 953 435 ὅμως
1007 368 1074 422 ὃν
1124 369 1225 422 οὐκ
1275 367 1344 421 ἂν
1391 367 1452 422 ἐν
1499 371 1688 439 εἰρήνῃ
1733 388 1791 422 τε
1835 367 1928 422 καὶ

245 458 480 525 μηδενὸς
511 462 794 527 εἴργοντος
831 456 958 526 μεθ’
989 456 1197 527 ἡμέραν
1229 458 1454 522 εὔζωνοι
1486 459 1731 527 κρημνὸν
1761 457 1930 528 ἐθάρ-

247 559 439 615 ρησαν,
480 546 572 597 διὰ
610 546 808 607 νυκτὸς
848 545 1063 598 ὁπλῖται
1094 547 1225 608 τοὺς
1262 549 1558 613 πολεμίους
1591 544 1730 617 ὑπὲρ
1761 566 1930 616 κεφα-
1982 542 1984 546 “

201 655 222 687 5
248 638 344 703 λῆς
396 631 612 702 ἔχοντες
666 633 1097 703 ἀναβεβήκεσαν·
1161 634 1306 697 ὅπως
1357 635 1472 705 μέν,
1533 634 1653 688 οὐδ’
1699 634 1769 689 ἂν
1821 643 1930 689 νῦν

247 724 464 791 ἔχοιμεν
525 714 892 792 ἐρωτηθέντες
952 724 1140 776 εἰπεῖν.
1217 723 1392 786 οὕτως
1451 724 1553 777 οὐκ
1614 724 1931 795 ἀνθρώπων

247 814 457 879 μᾶλλον
508 807 580 879 ἧν
625 812 686 864 τὸ
732 809 900 881 ἔργον
938 812 971 881 ἢ
1013 817 1154 865 θεοῦ
1200 831 1352 874 τινος
1395 820 1512 875 ταῖς
1558 813 1727 866 αὑτοῦ
1776 811 1930 883 χερσὶ

246 901 665 970 μετεωρίζοντος
709 898 953 953 ἕκαστον.
1029 901 1152 953 253.
1194 908 1258 971 τῇ
1300 899 1352 952 δ’
1390 897 1495 954 οὖν
1533 900 1794 969 ἀναβάσει
1831 902 1931 954 τὸν

249 990 428 1057 φόνον
467 989 811 1053 συνάψαντες
849 992 978 1051 τοὺς
1015 989 1116 1058 μὲν
1148 988 1543 1056 ἀνισταμένους
1575 992 1930 1058 κατήνεγκαν,

182 1098 225 1131 10
248 1085 363 1139 τοῖς
403 1073 463 1129 δὲ
501 1078 673 1130 κακὸν
711 1077 1025 1140 ἐπιστάντες
1063 1080 1199 1148 ὄναρ
1240 1080 1319 1130 ἔτι
1348 1079 1727 1141 καθεύδοντας
1765 1077 1931 1132 ἔκτει-

249 1185 365 1218 νον.
428 1167 480 1218 οὶ
520 1163 581 1218 δὲ
620 1165 1066 1235 ἀφυπνισθέντες
1104 1173 1374 1219 τοσοῦτον
1413 1161 1563 1236 εἶχον
1593 1176 1704 1219 τῶν
1735 1187 1932 1235 κοιμω-

248 1253 431 1321 μένων
454 1253 640 1322 πλέον,
673 1255 807 1308 ὅσον
837 1253 1044 1326 ᾔδεσαν
1068 1255 1101 1308 ἃ
1125 1256 1450 1324 πάσχουσιν,
1483 1254 1596 1308 ἐπεὶ
1623 1255 1935 1322 ἀμύνεσθαί

248 1362 311 1410 γε
361 1344 491 1405 τοὺς
536 1341 911 1412 ἐπικειμένους
958 1344 1090 1397 οὐδὲ
1134 1345 1352 1406 τούτοις
1396 1340 1480 1412 ἧν.
1557 1343 1679 1396 254.
1735 1338 1824 1397 οἷα
1871 1341 1933 1398 δὲ

159 1446 201 1489 R
223 1447 306 1487 607
348 1429 409 1483 ἐν
447 1431 605 1484 νυκτὶ
643 1430 736 1484 καὶ
776 1434 969 1504 σκότῳ,
1009 1434 1184 1485 πολλὰ
1214 1433 1316 1501 μὲν
1346 1431 1572 1502 ἐφέρετο
1608 1431 1615 1503 Ι
1649 1434 1784 1486 κατὰ
1821 1442 1934 1487 τῶν

183 1543 223 1577 15
251 1520 516 1589 σωμάτων
555 1518 709 1588 ξίφη,
756 1522 933 1574 πολλὰ
981 1521 1041 1574 δὲ
1079 1523 1214 1574 κατὰ
1260 1530 1371 1575 τῶν
1418 1521 1683 1592 δένδρων,
1731 1521 1932 1590 ἐδήλου

251 1605 312 1661 δὲ
350 1615 520 1661 ταῦτα
568 1608 597 1661 ὁ
644 1609 872 1677 κτύπος,
927 1611 1135 1679 οἰμωγὴ
1183 1610 1244 1663 δὲ
1290 1611 1519 1678 ἠκούετο
1561 1609 1933 1679 τετρωμένων,

249 1695 717 1767 τιτρωσκομένων,
756 1700 1087 1767 μελλόντων,
1119 1698 1530 1768 ἀπολλυμένων,
1546 1700 1934 1752 ἱκετευόντων.

251 1787 303 1838 οἱ
360 1786 420 1838 δὲ
472 1784 752 1857 προῄεσαν
812 1787 1168 1856 σφάττοντες,
1229 1786 1321 1840 καὶ
1374 1795 1470 1856 τῆς
1518 1795 1617 1856 γῆς
1665 1794 1934 1841 τοσοῦτον

252 1872 547 1943 ἐκέκρυπτο
602 1884 716 1937 τοῖς
769 1884 880 1928 τῶν
932 1878 1294 1929 πεπτωκότων
1349 1878 1614 1945 σώμασιν,
1676 1876 1811 1929 ὅσον
1865 1875 1936 1928 ἂν

186 1987 229 2018 20
253 1964 557 2026 καλύψαιεν
597 1961 947 2032 ἑξακισχίλιοι
978 1966 1177 2034 νεκροί.
1254 1963 1376 2017 255.
1416 1966 1464 2018 εἰ
1504 1965 1565 2018 δὲ
1602 1965 1675 2034 μὴ
1715 1965 1935 2017 σκύλων

252 2050 518 2120 ἐπιθυμίᾳ
555 2051 677 2119 περὶ
715 2054 847 2113 τοὺς
883 2057 1190 2114 τεθνεῶτας
1222 2052 1526 2121 διέτριψαν,
1566 2051 1680 2105 ἀλλ’
1713 2051 1800 2105 ἐπὶ
1839 2053 1934 2114 τὰς

371 2215 396 2253 3
420 2210 526 2253 Ruf.
544 2210 667 2253 Fesb.
684 2209 755 2253 Ll.
867 2214 893 2251 4
917 2210 1066 2253 Amm.
1084 2210 1319 2265 XXIV6,6
1429 2215 1482 2255 10
1506 2211 1596 2255 ILu
1613 2215 1711 2255 496.
1747 2211 1843 2254 Soz.
1861 2211 1933 2254 l.l.

372 2364 395 2402 1
429 2356 720 2416 παρέχοντας
746 2359 829 2401 Mo
951 2362 976 2400 2
1008 2353 1063 2401 ὂν
1089 2357 1163 2402 La
1190 2360 1195 2413 Ι
1225 2358 1274 2402 ἐν
1306 2358 1431 2401 inser
1454 2358 1608 2403 I²M²
1636 2360 1641 2414 Ι
1668 2358 1715 2402 τὲ
1747 2359 1782 2400 Ι
1807 2358 1889 2401 sed
1914 2356 1934 2401 ὲ

251 2419 302 2462 in
332 2432 408 2462 ras
438 2417 509 2461 m²
644 2421 670 2459 3
702 2414 972 2471 μεθημέραν
1007 2417 1050 2459 V
1173 2421 1199 2459 4
1233 2414 1300 2460 δι’
1321 2418 1464 2461 αὐτοῦ
1497 2417 1663 2467 νυκτὸς
1694 2419 1768 2461 La
1796 2419 1801 2472 Ι
1828 2416 1936 2466 τοὺς

253 2491 329 2520 0111
360 2478 427 2521 Re
608 2481 634 2520 6
679 2474 824 2527 ὅντως
855 2472 959 2519 οὐδ’
995 2475 1097 2518 Mor
1127 2475 1194 2519 Re
1286 2475 1430 2526 ὅντως
1462 2475 1507 2521 δ’
1531 2475 1632 2522 οὐδ’
1672 2475 1875 2519 Sintenis

255 2540 279 2578 7
313 2536 456 2579 αὐτοῦ
481 2535 797 2580 BMoMLaP
818 2534 919 2576 Mor
945 2533 1067 2577 Fabr
1127 2542 1271 2579 αυτοῦ
1303 2536 1348 2580 U
1461 2540 1487 2579 8
1519 2532 1866 2592 μετεωρίζοντος
1889 2534 1935 2576 Β

254 2595 335 2638 sed
374 2598 484 2650 ωριζ
520 2595 568 2637 in
606 2608 682 2638 ras
713 2593 783 2636 m²
824 2595 829 2648 Ι
872 2590 939 2650 δ’]
967 2593 1050 2649 μὲν
1081 2593 1149 2637 Re
1297 2599 1321 2637 9
1356 2595 1465 2646 τοὺς
1496 2621 1550 2627 —-
1585 2599 1640 2650 10
1673 2591 1936 2641 ἐπιστάντες

253 2653 302 2697 in
326 2667 458 2710 marg
481 2653 546 2698 V²
660 2658 685 2697 9
717 2651 1006 2708 κατήνεγκαν
1038 2653 1083 2695 Β
1116 2653 1197 2696 sed
1228 2653 1310 2708 ήνε
1341 2653 1389 2696 in
1413 2666 1488 2696 ras
1520 2653 1590 2696 m'
1707 2656 1761 2694 10
1794 2651 1934 2695 ἔκτει-

253 2730 343 2756 ναν
376 2714 410 2756 Ι
532 2717 582 2756 11
617 2710 664 2757 δ’
698 2712 767 2756 Re
809 2713 814 2766 Ι
857 2728 911 2768 γρ
943 2709 1164 2770 κειμένων
1196 2712 1245 2755 in
1275 2725 1410 2770 marg
1439 2713 1542 2756 Mor
1673 2715 1725 2754 12
1757 2710 1935 2766 ἀμύνα-

255 2774 370 2814 σθαι
404 2772 564 2815 MoLa
679 2775 732 2814 13
765 2767 812 2813 δ’
839 2769 907 2812 Re
1023 2775 1076 2812 14
1107 2778 1198 2815 τῶν
1231 2786 1306 2814 0111
1337 2772 1381 2815 U
1494 2776 1547 2815 16
1578 2777 1724 2814 ταῦτα
1756 2783 1831 2812 0111
1862 2770 1937 2812 La

258 2831 262 2888 Ι
285 2826 331 2874 δ’
359 2829 426 2872 Re
535 2835 588 2873 18
615 2828 878 2884 προσήεσαν
904 2829 1004 2873 BV
1105 2834 1157 2873 19
1191 2829 1435 2885 ἐκρύπτετο
1461 2832 1535 2874 La
1640 2833 1696 2871 20
1728 2827 1937 2883 καλύψαι

257 2889 434 2933 CMoU
449 2888 550 2931 Mor
573 2889 640 2932 Re
669 2891 674 2944 Ι
703 2885 1034 2945 ἑξακισχιλίους
1057 2889 1247 2943 νεκρούς
1271 2889 1372 2932 Mor
1395 2889 1462 2932 Re
1558 2893 1610 2931 21
1638 2885 1885 2943 διέτριψαν
1909 2887 1938 2929 1

255 2947 336 2991 sed
369 2964 386 2990 ι
417 2948 466 2990 in
497 2960 571 2990 ras
604 2947 672 2990 m²
700 2949 705 3002 Ι
733 2945 831 2990 ἀλλ’
862 2946 955 3002 ἐπὶ]
991 2947 1106 2990 κάπὶ
1135 2949 1179 2992 V
