2060 3162
263 188 370 242 366
789 192 1014 237 LIBANII
1046 191 1268 238 ORATIO
1300 193 1447 238 XVIII

264 327 448 390 ούτοις
488 326 558 381 ἂν
589 329 727 398 πρὸς
757 329 895 398 ἡμᾶς
925 330 1235 398 χρήσασθαι
1267 331 1469 398 λόγοις,
1510 330 1594 383 ὅτι
1634 331 1748 398 τὴν
1787 330 1945 400 ἐμὴν

262 415 446 484 ὑμεῖς
484 415 880 484 ὀδυρόμενοι
918 418 1170 486 πληγὴν
1210 418 1314 470 καὶ
1346 419 1457 472 τὸν
1491 418 1556 472 ἐν
1587 427 1658 489 τῇ
1690 421 1946 488 νεότητι

261 504 577 574 θάνατον,
618 506 673 557 εἰ
712 502 827 574 μὲν
866 506 932 558 τὸ
965 514 1269 558 συνεῖναι
1301 511 1483 569 θεοῖς
1515 516 1736 575 χεῖρον
1769 508 1943 576 ἡγεῖ-

263 598 382 645 σθε
421 601 534 646 τοῦ
572 603 708 657 τοῖς
755 593 1158 664 ἀνθρώποις,
1212 595 1329 648 οὐκ
1376 590 1443 647 εὖ
1491 605 1812 666 φρονεῖτε.
1888 597 1943 648 εἰ

217 703 236 735 5
263 680 310 734 δ’
351 682 466 734 οὐκ
529 681 759 734 οἴεσθέ
816 703 923 751 μοι
993 683 1227 751 ταύτης
1294 685 1773 750 μεταδεὸόσθαι
1833 693 1944 754 τῆς

260 771 492 841 χώρας,
546 778 672 824 πᾶν
725 771 968 839 τούμὸν
1023 770 1323 839 ἀγνοεῖτε
1375 772 1477 825 καὶ
1528 780 1788 842 πρᾶγμα
1836 792 1945 826 πε-

260 861 550 912 πόνθατε
613 859 1028 913 ἀτοπώτατον
1081 868 1323 913 τοῦτον
1375 862 1604 929 ἥκιστα
1668 863 1940 931 εἰδότες,

261 947 334 1001 ὃν
380 949 634 1018 σφόδρα
681 947 929 1001 εἰδέναι
974 947 1307 1002 πέπεισθε.
1391 949 1514 1001 297.
1568 947 1662 1002 ἔτι
1712 953 1942 1003 τοίνυν

260 1033 418 1105 μηδὲ
456 1037 524 1089 τὸ
564 1035 632 1090 ἐν
663 1035 914 1108 πολέμῳ
946 1035 1052 1089 καὶ
1085 1038 1193 1090 διὰ
1225 1039 1500 1108 σιδήρου
1534 1039 1755 1092 δεινὸν
1786 1039 1940 1106 ὑμῖν

195 1147 236 1179 10
261 1125 543 1178 δοκείτω.
622 1125 825 1188 οὕτως
857 1125 1108 1193 ἀπῆλθε
1134 1127 1492 1195 Λεωνίδας,
1533 1126 1734 1189 οὕτως
1757 1126 1940 1180 Ἐπα-

258 1214 611 1283 μινώνδας,
667 1214 832 1267 οὕτω
872 1215 1271 1284 Σαρπηδών,
1319 1215 1482 1268 οὕτω
1522 1214 1829 1283 Μέμνων,
1880 1217 1939 1268 οῑ

258 1312 382 1356 τῶν
421 1307 608 1355 θεῶν.
686 1304 740 1355 εἰ
781 1301 830 1355 δ’
861 1301 889 1355 ὁ
935 1305 1171 1373 χρόνος
1218 1311 1290 1373 τῇ
1329 1305 1685 1374 βραχύτητι
1725 1308 1940 1372 λυπεῖ,

259 1389 505 1462 φερέτω
556 1393 987 1462 παραμυθίαν
1036 1392 1194 1461 ὑμῖν
1234 1390 1647 1463 Ἀλέξανδρος
1699 1391 1727 1444 ὁ
1767 1395 1938 1456 Διός.

369 1479 491 1532 298.
546 1481 712 1533 Ταυτὶ
750 1480 851 1549 μὲν
891 1480 1097 1544 ἐκεῖνος
1137 1482 1223 1550 ἄν,
1262 1479 1367 1550 ἐγὼ
1409 1478 1469 1534 δὲ
1507 1482 1723 1543 τούτοις
1761 1480 1932 1550 ἔχοιμ’

194 1588 233 1621 15
259 1569 327 1622 ἄν
365 1588 489 1622 τινα
527 1574 874 1639 προσθεῖναι,
913 1569 974 1622 ἓν
1013 1569 1113 1636 μὲν
1151 1578 1374 1640 πρῶτον
1410 1568 1500 1622 καὶ
1539 1569 1814 1638 μέγιστον,
1855 1570 1937 1623 ὅτι

184 1671 315 1714 3623
347 1658 412 1710 τὰ
447 1658 453 1726 Ι
487 1658 589 1725 μὲν
615 1667 727 1711 τῶν
749 1662 985 1728 Μοιρῶν
1017 1657 1261 1734 ἀνίκητα,
1294 1662 1483 1728 Μοῖρα
1517 1656 1576 1711 δὲ
1611 1663 1738 1721 ἴσως
1762 1657 1937 1727 ἐπέχει

257 1746 357 1814 τὴν
388 1743 679 1816 Ῥωμαίων,
727 1746 889 1800 ὁποία
926 1743 1057 1799 ποτε
1094 1747 1195 1816 τὴν
1233 1751 1536 1815 Αἴγυπτον.
1613 1748 1700 1800 καὶ
1750 1746 1934 1815 ἐπειδὴ

376 1941 427 1979 11
461 1936 601 1979 Arist.
627 1935 747 1980 Nub.
776 1940 858 1979 622
892 1950 929 1980 c.
949 1935 1107 1979 scholl.

377 2118 398 2156 1
441 2112 486 2156 οἱ
517 2113 661 2157 Cobet
691 2113 918 2157 Mnem.V
938 2117 1021 2156 135
1054 2111 1182 2169 (Coll.
1203 2113 1304 2170 115)
1436 2117 1460 2155 3
1502 2111 1691 2169 ἡγεῖσθε
1725 2125 1778 2154 ex
1810 2111 1932 2169 ἡγεῖ-

257 2175 372 2216 σθαι
403 2186 504 2215 corr
529 2173 591 2216 M
600 2171 616 2196 ³
676 2171 895 2228 ἡγεῖσθαι
918 2172 986 2215 Re
1018 2171 1066 2214 in
1098 2171 1168 2215 ed.
1196 2171 1290 2224 alt„
1324 2171 1448 2225 quod
1473 2173 1766 2214 correxerunt
1790 2170 1934 2215 Cobet

255 2231 283 2273 l.
304 2230 333 2275 l.
368 2232 415 2274 et
447 2230 650 2275 Sint-,onis
771 2235 798 2273 4
829 2237 910 2274 τοῦ
941 2230 1053 2287 τοῖς]
1087 2230 1268 2280 τούτοις
1291 2231 1364 2273 La
1392 2231 1397 2285 Ι
1426 2231 1691 2285 εὐφρονεῐτε
1718 2231 1801 2273 Mo
1832 2230 1933 2273 Mor

256 2290 337 2346 qui
367 2306 423 2347 γρ
456 2286 505 2334 εὖ
539 2296 752 2346 φρονεῖτε
784 2289 833 2332 in
863 2302 998 2346 marg
1028 2288 1184 2342 habet,
1216 2289 1338 2331 Fabr
1364 2291 1370 2346 Ι
1399 2289 1457 2347 εἰ]
1491 2305 1545 2331 ου
1569 2289 1603 2331 Ι
1718 2294 1742 2330 5
1776 2288 1932 2333 οἴεσθε

256 2362 312 2392 ex
344 2348 529 2394 οἴεσθαι
560 2363 660 2392 corr
677 2349 737 2391 M
748 2348 764 2372 ³
805 2349 811 2404 Ι
860 2364 914 2404 με
941 2349 987 2391 Β
1029 2350 1034 2402 Ι
1077 2346 1415 2404 μεταὸιὸόσθαι
1450 2348 1489 2392 U
1535 2349 1540 2404 Ι
1589 2354 1669 2404 τῆς
1700 2361 1773 2390 om
1799 2349 1873 2392 La

257 2412 282 2450 6
329 2405 467 2451 πάντ’
497 2408 551 2451 οὐ
591 2405 733 2463 μόνον
772 2407 862 2449 edd
909 2405 1002 2463 (ἐμὲ
1040 2407 1147 2462 posia
1185 2405 1328 2463 μόνον
1367 2406 1663 2450 inserendum
1704 2407 1807 2450 coni
1845 2406 1930 2464 Re)

255 2467 381 2523 quod
413 2467 704 2511 correxerunt
736 2464 879 2509 Cobess
909 2465 1075 2508 Mnem.
1101 2465 1258 2509 H406.
1291 2466 1333 2509 V
1352 2469 1433 2509 135
1467 2465 1717 2523 (Coll.115)
1749 2467 1795 2509 et
1827 2464 1930 2508 Sin-

255 2525 376 2569 tenis
525 2529 551 2568 8
584 2524 830 2570 ἐπέπεισθε
856 2525 899 2568 V
1035 2529 1059 2567 9
1091 2525 1142 2568 τὸ
1175 2526 1210 2568 Ι
1234 2525 1314 2568 sed
1347 2524 1370 2568 ὸ
1403 2525 1452 2567 in
1475 2538 1550 2567 ras
1574 2523 1643 2567 m²
1702 2531 1763 2567 τῶ
1796 2525 1870 2567 La

258 2588 312 2626 10
330 2583 472 2634 οὕτως
486 2611 539 2616 -
556 2589 608 2628 11
627 2584 894 2640 Σαρπηδὼν
912 2583 1076 2639 scripsi
1131 2582 1247 2627 οὕτω
1268 2584 1546 2640 Σαρπηδών,
1571 2581 1714 2632 οὕτως
1732 2580 1928 2638 Ἐπαμι-

256 2642 437 2693 νώνδας
477 2643 586 2686 libri
633 2644 903 2700 (praemisso
942 2641 1153 2699 κείμενον
1192 2642 1241 2685 in
1279 2655 1412 2699 marg
1450 2642 1522 2698 12)
1570 2642 1659 2685 edd
1714 2641 1769 2684 ef.
1811 2641 1925 2684 Mus.

256 2700 400 2745 Rhen.
426 2700 594 2746 XXXII
618 2707 672 2746 89
746 2701 1093 2758 ἐπαμεινώνδας
1124 2703 1262 2746 LaM
1410 2705 1462 2744 13
1495 2702 1602 2757 ὑμῖν
1634 2701 1679 2744 Ρ
1708 2700 1787 2743 sed
1819 2700 1845 2742 ὑ
1879 2700 1927 2742 in

255 2773 330 2804 ras
353 2759 423 2803 111³
602 2767 656 2804 14
689 2761 863 2810 ἐκεῖνος
888 2796 895 2804 .
927 2757 986 2804 ἂν
1019 2761 1166 2816 (uncis
1197 2760 1387 2803 inclusit
1416 2760 1533 2817 Mor)
1566 2759 1650 2816 ἐγὼ
1683 2758 1783 2801 Mor
1806 2758 1928 2801 Fabi·

256 2818 381 2875 quod
411 2831 512 2862 con·
534 2820 601 2862 Re
723 2824 777 2862 15
809 2819 933 2877 τινα]
964 2835 1008 2862 τι
1041 2820 1085 2863 V
1146 2833 1222 2862 om
1246 2821 1319 2863 La
1347 2821 1353 2875 Ι
1382 2818 1429 2863 ἓν
1460 2819 1510 2861 in
1540 2831 1614 2861 ras
1648 2819 1709 2861 M
1732 2821 1737 2871 Ι
1765 2817 1847 2873 μὲν
1877 2818 1926 2860 in

254 2891 329 2922 ras
355 2879 412 2922 M
470 2878 594 2922 inser
617 2878 674 2922 1²
734 2892 810 2922 om
834 2878 880 2921 B
906 2877 912 2936 Ι
939 2891 1049 2921 voce
1073 2876 1285 2935 μέγιστον
1307 2891 1464 2921 rursus
1487 2875 1713 2932 incipitA
1739 2876 1832 2931 (fol.
1853 2878 1926 2933 98)

316 2941 370 2980 16
403 2934 600 2993 ἀκίνητα
625 2937 780 2981 Gasda
812 2938 862 2980 ab
893 2937 949 2980 cf.
974 2938 1007 2980 ἡ.
1025 2936 1067 2979 Π
1091 2941 1162 2992 65,
1181 2936 1293 2980 17R
1320 2938 1325 2993 Ι
1353 2933 1398 2981 δ’
1426 2935 1494 2979 Re
1616 2939 1668 2978 17
1700 2941 1790 2978 τῶν
1815 2935 1889 2978 La
1918 2934 1923 2993 Ι

257 2993 398 3039 ὁποία
430 3009 485 3039 ex
516 2995 655 3040 ὁποῖα
689 3009 789 3039 corr
812 2995 883 3040 Ρ8
944 2994 1084 3040 ὁποῖά
1108 2996 1219 3039 LaI
1238 2997 1244 3051 Ι
1270 2994 1353 3051 τὴν
1386 3009 1459 3038 0111
1493 2995 1536 3039 V
