2072 3162
653 148 881 192 LIBANII
914 146 1136 191 ORATIO
1168 146 1252 191 XV
1701 146 1802 197 121

123 296 237 341 κῶν
284 284 399 340 οὔτ’
436 286 599 347 αὐτὸς
646 279 806 346 οὗτος
853 282 881 336 6
922 282 1141 351 δεκέτης
1179 285 1411 351 πόλεμος
1453 282 1581 335 οὔτε
1620 282 1680 334 τὸ
1721 300 1805 348 γε-

123 378 358 443 νόμενον
409 372 472 427 ἐν
524 381 588 443 τῇ
642 373 886 442 θαλάττῃ
941 372 1079 442 πρὸς
1124 374 1224 425 τὸν
1276 379 1375 425 τοῦ
1426 378 1534 425 νῦν
1582 369 1806 441 Πέρσου

122 466 397 534 πρόγονον
435 471 550 525 τοῖς
576 459 840 529 “Ἐλλησιν
874 458 880 531 Ι
916 462 1081 530 ἔργον
1124 461 1250 513 οὔτε
1289 459 1322 513 ἃ
1355 458 1710 530 Ἀλέξανδρος
1747 471 1894 514 R452

125 549 503 619 ἐκλελυμένοις
532 549 860 620 προσπεσὼν
890 546 1104 619 ἔπραξε,
1135 549 1348 602 τούτων
1379 545 1547 602 οὐδὲν
1578 548 1808 610 οὐδενὸς

123 641 436 710 ἀνθρώπων
481 637 693 708 κατέχει
731 639 833 707 τὴν
870 638 1054 707 ψυχὴν
1099 634 1231 690 οὐδὲ
1270 638 1372 706 τὴν
1410 639 1623 706 φωνήν,
1670 636 1808 690 ἀλλά

122 730 319 792 πάντες
371 728 594 782 πάντων
643 727 717 790 ὡς
769 736 982 798 μικρῶν
1036 726 1302 796 ἀφέμενοι
1354 735 1467 781 τῶν
1519 728 1809 796 παρόντων

122 817 338 888 ἔχονται
370 816 460 870 καὶ
493 818 783 887 χαίρουσιν
815 814 1110 879 ἀκούοντές
1143 835 1202 869 τε
1233 815 1323 868 καὶ
1355 814 1606 884 λέγοντες
1646 814 1675 867 6
1707 811 1810 884 μὲν

122 909 342 975 τόλμαν,
394 906 422 960 6
464 906 525 959 δὲ
563 907 840 974 εἰσβολήν,
886 904 915 957 6
964 902 1025 958 δὲ
1071 904 1361 972 διάπλουν,
1409 904 1437 958 6
1479 901 1540 958 δὲ
1579 906 1709 966 τοὺς
1749 901 1810 956 ἐν

122 996 272 1066 χερσὶ
311 997 593 1063 πεσόντας,
634 994 662 1048 6
704 990 764 1047 δὲ
803 992 1098 1064 καθέδρας,
1139 995 1467 1063 σοφίσματα,
1507 992 1735 1061 ἀγῶνας.

235 1085 283 1138 3.
317 1081 474 1154 Ὑπὲρ
505 1081 608 1151 μὲν
639 1079 745 1136 οὖν
774 1084 988 1137 τούτων
1017 1082 1222 1152 μεγάλη
1254 1090 1368 1145 τοῖς
1399 1087 1555 1145 θεοῖς
1580 1082 1612 1151 ἡ
1636 1081 1808 1151 χάρις,

124 1174 182 1227 οἵ
217 1188 278 1227 σε
327 1173 634 1243 ε’πόρευσάν
682 1192 740 1226 τε
786 1173 922 1241 πρὸς
968 1172 1067 1225 τὸν
1112 1171 1397 1242 βάρβαρον
1445 1169 1537 1224 καὶ
1584 1171 1808 1240 κρείττω

123 1272 235 1316 τῶν
282 1260 549 1316 ἐναντίων
596 1258 812 1325 ἔδειξαν
861 1261 952 1314 καὶ
1000 1261 1170 1314 πάλιν
1219 1259 1527 1329 ἀπέσωσαν,
1583 1259 1809 1329 εὔχομαι

124 1352 185 1404 δὲ
222 1359 337 1414 τοῖς
368 1351 556 1413 αὐτοῖς
587 1356 742 1412 θεοῖς
772 1348 864 1403 καὶ
894 1347 1014 1417 ἐμοὶ
1047 1351 1247 1402 δοῦναι
1277 1356 1542 1419 κρατῆσαι
1573 1350 1810 1417 τήμερον

123 1438 214 1493 καὶ
264 1441 336 1509 μὴ
386 1438 790 1508 καταγέλαστον
842 1437 1074 1492 ἐνθένδε
1129 1437 1409 1491 ἀπελθεῖν.
1484 1436 1809 1507 κρατήσαιμι

125 1527 173 1580 δ’
206 1529 291 1596 ἄν,
325 1529 372 1581 εἰ
403 1529 654 1594 πείσαιμί
680 1541 759 1595 σε,
790 1530 1001 1594 μᾶλλον
1033 1525 1110 1595 δέ,
1150 1527 1198 1579 εἰ
1230 1528 1494 1595 πείσαιμι,
1526 1527 1628 1579 σὸν
1659 1527 1808 1578 ε”σται

124 1618 184 1670 τὸ
224 1617 420 1686 κράτος
458 1623 558 1669 τοῦ
597 1616 911 1678 παύσαντος
945 1616 1044 1668 τὸν
1074 1617 1274 1682 θυμόν.
1350 1615 1400 1667 4.
1439 1614 1529 1667 καὶ
1563 1613 1706 1667 οὕτω
1740 1614 1807 1682 δὴ

124 1707 286 1773 νίκην
323 1706 448 1775 νίκῃ
489 1704 753 1769 συνάψεις
798 1711 863 1774 τῇ
904 1705 995 1757 διὰ
1032 1713 1144 1756 τῶν
1184 1703 1370 1757 ὅπλων
1415 1704 1517 1772 τὴν
1562 1702 1667 1756 ἀπὸ
1716 1710 1809 1770 τῆς

248 1884 272 1923 9
306 1878 448 1923 Thuc.
474 1879 516 1922 Π
543 1883 611 1934 18,
631 1884 656 1923 3

246 2048 267 2086 1
302 2039 400 2086 οὔτ’
422 2040 606 2086 -πόλε
608 2058 692 2099 μος
715 2041 878 2085 citavit
893 2041 1095 2085 Thomas
1119 2041 1243 2098 Mag.
1263 2056 1296 2085 s.
1314 2055 1353 2084 v.
1381 2038 1613 2097 δεκέτεςρ
1619 2045 1715 2094 .,86
1734 2045 1807 2083 13·

127 2100 314 2174 δεκέτης
336 2099 549 2176 ndi-suos,
556 2101 744 2146 κάλλιον
769 2099 966 2145 εἰπεῖν
942 2117 970 2157 η
996 2099 1236 2158 δεκαέτης“
1269 2099 1494 2158 Λιβάνιος
1524 2056 1613 2144 ἑνΡ
1599 2103 1662 2159 τῷ
1692 2099 1809 2153 ὑπὲρ

123 2166 203 2217 τῆς
226 2158 495 2219 Ἀντιοχέων
527 2159 684 2218 ὀργῆς·
726 2157 824 2204 οὔτ’
854 2162 960 2215 κτλ,
1001 2160 1132 2204 cuius
1164 2160 1393 2217 placitum
1416 2146 1652 2217 integrum
1677 2159 1810 2202 scho-

123 2220 265 2264 liasta
289 2220 392 2277 (m2)
425 2220 597 2264 codicis
621 2219 866 2263 Barberini
896 2219 1127 2276 repetivit,
1161 2221 1355 2276 excepto
1387 2218 1514 2274 quod
1543 2232 1627 2275 pro
1658 2217 1810 2261 verbis

125 2278 348 2336 Λιβάνιος
392 2306 452 2311 ——
495 2277 692 2336 πόλεμος
744 2278 904 2335 posuit
956 2278 1017 2328 ὡς
1071 2278 1281 2322 ἐνταῦθα
1385 2277 1490 2322 οὔτε
1535 2277 1638 2320 Mor
1666 2277 1735 2320 Re

127 2343 151 2380 2
182 2337 399 2441 θέιλάσσῃ
433 2339 523 2384 GU
539 2338 630 2382 edd
719 2338 771 2382 τὸ
803 2339 848 2382 U
874 2352 950 2381 om
973 2338 1084 2381 Fen·
1106 2337 1208 2381 Mor
1387 2341 1413 2380 ὃ
1453 2336 1714 2392 ἀνθρώπου
1737 2335 1806 2393 Vl

185 2413 210 2440 τ
264 2413 305 2441 ει

126 2414 282 2515 κατεξχ
286 2472 306 2500 ε
331 2457 377 2500 Β
436 2463 617 2514 κατεῖχε
643 2458 705 2500 Μ
821 2460 846 2499 8
880 2455 950 2499 εἰσ
980 2454 1122 2514 βολήν
1145 2457 1188 2500 V
1302 2460 1327 2499 9
1362 2454 1553 2509 ἐνέδρας
1578 2455 1647 2498 Re
1671 2453 1810 2496 Anim

188 2518 242 2557 10
256 2474 452 2572 χμεγάλη
490 2541 548 2547 —-
590 2519 643 2558 11
685 2513 923 2573 βάρβαρον
966 2515 1227 2558 citaverunt
1269 2514 1441 2558 omissa
1484 2529 1534 2557 τε
1577 2512 1811 2570 particula

125 2573 257 2617 lexic.
291 2574 391 2618 cod.
423 2574 688 2631 Augustani
720 2573 790 2616 ed.
824 2573 876 2618 G.
901 2573 1152 2617 Hermann.
1193 2574 1251 2618 de
1283 2573 1463 2617 emend.
1494 2573 1581 2615 rat.
1614 2585 1808 2629 gramm.

127 2646 277 2688 graec.
317 2647 362 2689 p
389 2637 570 2687 345,15
609 2634 657 2677 et
692 2632 809 2676 Plan
847 2633 898 2675 in
928 2632 1142 2689 Excerpt.
1169 2633 1268 2678 cod.
1294 2632 1392 2676 Pal.
1413 2636 1496 2676 129
1535 2630 1614 2675 fol.
1641 2635 1721 2675 38
1760 2630 1810 2673 in

127 2691 251 2734 hunc
281 2692 489 2735 modum:
533 2691 791 2748 πορεύομαι
824 2691 911 2749 ἐγὼ
943 2692 1024 2735 καὶ
1052 2692 1236 2747 πορεύω
1269 2690 1438 2747 ἕτερον,
1461 2691 1538 2793 δὼς
1569 2689 1698 2746 παρὰ
1730 2694 1810 2732 Λι-

129 2775 293 2837 βανίῳ·
342 2779 548 2837 μεγάλη
587 2783 678 2824 κτλ.
862 2784 915 2823 12
960 2778 1199 2825 ἀπέδοσαν
1238 2779 1283 2824 U
1367 2751 1612 2823 απέσωσαν
1644 2779 1756 2823 ΒΜ

133 2841 186 2880 14
226 2837 451 2883 ἐνθένδεν
475 2839 521 2882 Β
703 2843 756 2882 15
801 2835 849 2882 δ’
885 2839 959 2883 UI
996 2839 1077 2883 sed
1108 2839 1158 2882 in
1188 2838 1276 2882 hoc
1308 2838 1499 2894 spiritus
1531 2837 1581 2881 in
1611 2851 1709 2892 rae,
1741 2839 1809 2880 Re

189 2909 261 2938 om
293 2897 340 2940 A
396 2901 401 2951 1
458 2895 666 2953 πείσαιμι
697 2898 758 2954 (2)
796 2897 846 2940 in
876 2894 1136 2953 πείσαιμίσε
1174 2911 1277 2941 corr
1306 2897 1364 2941 1³
1452 2898 1560 2953 post
1602 2895 1808 2953 πείσαιμι

130 2966 293 2997 rasura
323 2954 519 2999 duarum
549 2956 747 2999 triumve
776 2955 1039 2999 litterarum
1071 2956 1115 3000 U

1855 656 1874 689 5

1833 1101 1876 1134 10

1834 1545 1876 1578 15
