2060 3162
0 1140 12 1278 †·-z*n'‘
0 1120 2 1124 ⁴

3 1518 15 1563 θῆκ’
0 1425 15 1507 im

2 1580 17 1737 ..rw-⁵..

707 108 934 153 LIBANII
966 109 1189 154 ORATIO
1222 109 1350 154 XVII
1760 104 1866 157 221

280 245 365 299 36.
417 244 488 298 ’Ὠ
543 252 639 312 τῆς
690 244 986 314 ὀρφανίας,
1041 244 1074 313 ἣ
1125 247 1419 315 κατείληφε
1470 246 1571 314 τὴν
1618 252 1740 314 γῆν,
1793 246 1866 314 ἣν

162 336 489 404 ,κάμνουσαν
537 333 884 402 ἀνορθώσας,
939 334 1122 401 ὥσπερ
1177 334 1362 403 ἰατρὸς
1417 333 1643 403 ἀγαθός,
1697 335 1865 387 πάλιν

166 422 434 487 ἐξέδωκας
478 429 553 494 τῷ
596 428 812 493 πυρετῷ
854 422 944 474 καὶ
983 429 1097 484 τοῖς
1135 422 1270 491 πρὶν
1309 422 1743 492 ἀρρωστήμασιν.
1822 423 1864 475 ὢ

167 512 482 580 δυστυχοῦς
514 509 643 579 ἐμῆς
673 514 885 578 πολιᾶς,
920 511 961 562 ὢ
995 512 1196 563 διπλοῦ
1229 509 1476 573 πένθους
1507 510 1661 580 ἐμοῦ,
1699 518 1863 564 τοῦτο

169 597 273 667 μὲν
311 600 408 652 τὸν
446 598 674 666 βασιλέα
711 599 845 666 μετὰ
883 607 995 651 τῶν
1042 600 1226 651 ἄλλων
1272 604 1646 668 θρηνοῦντος,
1698 607 1863 652 τοῦτο

170 688 232 740 δὲ
287 688 384 740 τὸν
435 685 655 756 ἑταῖρόν
704 694 762 740 τε
811 688 902 740 καὶ
957 689 1139 756 φίλον.
1218 687 1303 739 37.
1357 690 1426 740 σὺ
1476 688 1577 755 μὲν
1630 689 1864 757 ἠπείγου

168 778 310 846 πρὸς
349 775 485 844 ἐμὴν
522 778 794 845 βοήθειαν
826 785 1004 829 ποιῶν
1034 796 1129 846 μοι
1159 778 1509 846 κληρονόμον
1539 777 1639 829 τὸν
1670 778 1865 844 νόθον,

173 864 277 932 ἐγὼ
318 865 379 918 δὲ
418 864 798 933 ἀνεβαλλόμην
835 866 936 933 τὴν
976 865 1245 932 σπουδήν,
1286 865 1358 927 ὡς
1397 864 1561 927 αὐτὸς
1599 865 1702 933 μὲν
1732 883 1866 934 προ-

171 953 628 1021 απαλλαξόμενος,
671 960 773 1006 σοῦ
815 950 876 1006 δὲ
916 954 994 1015 εἰς
1031 954 1159 1006 τόδε
1192 952 1552 1022 ἀμυνοῦντος.
1622 957 1867 1024 Μοίραις

163 1039 230 1094 δὲ
270 1042 376 1111 ἄρα
422 1042 488 1095 οὐ
538 1042 708 1094 ταύτὰ
754 1040 1039 1110 ἐψήφιστο.
1119 1040 1235 1094 ἀλλ’
1275 1040 1380 1110 ἐγὼ
1427 1042 1528 1108 μὲν
1574 1041 1865 1112 ἐδημιούρ-

169 1151 309 1198 γουν
350 1132 518 1199 λόγον
558 1132 872 1199 διαλλαγῶν
909 1139 1020 1183 τῶν
1058 1132 1195 1199 πρὸς
1232 1131 1334 1199 τὴν
1375 1128 1382 1201 Ι
1423 1132 1587 1184 πόλιν
1627 1131 1767 1201 φάρ-
1806 1144 1951 1188 R521

168 1239 364 1287 μακον,
406 1221 475 1272 σὺ
509 1216 569 1272 δὲ
602 1218 762 1291 ᾤχου,
797 1221 1077 1288 σεσίγηται
1110 1219 1172 1272 δὲ
1203 1220 1263 1272 τὸ
1290 1220 1596 1290 φάρμακον.
1660 1219 1745 1273 38.
1779 1218 1865 1288 γε’-

172 1327 311 1375 γονα
362 1304 422 1359 δὲ
473 1306 563 1360 καὶ
615 1307 754 1370 ὅλως
808 1307 1020 1375 ἀμβλὺς
1075 1308 1152 1370 εἰς
1207 1310 1389 1376 λόγων
1443 1309 1624 1376 τόκον,
1681 1309 1864 1378 ὥσπερ

168 1397 315 1449 ἔνιαι
368 1395 594 1465 μητέρες
647 1396 755 1448 ὑπὸ
812 1397 1065 1464 μεγάλων
1118 1406 1301 1449 κακῶν
1352 1395 1721 1466 ἐπηρώθησαν
1771 1397 1866 1459 τὰς

172 1484 449 1554 γαστέρας.
527 1486 617 1538 καὶ
667 1486 777 1554 μὴν
829 1484 921 1538 καὶ
976 1485 1116 1547 ὅλως
1165 1483 1423 1547 ἐξέπεσον
1477 1494 1587 1538 τῶν
1642 1493 1867 1555 φρενῶν

172 1574 263 1626 καὶ
304 1574 406 1626 οὐκ
446 1574 578 1626 ἄνευ
619 1575 795 1626 πόνου
835 1574 1003 1626 πάλιν
1042 1572 1318 1641 ἐπανῆκον
1357 1573 1435 1635 εἰς
1474 1581 1627 1626 νοῦν.
1697 1569 1768 1642 ἦν
1804 1573 1866 1627 δὲ

169 1662 280 1730 ἄρα
319 1661 536 1730 βέλτιον
575 1661 637 1715 ἐν
669 1662 867 1732 ἀγνοίᾳ
905 1662 1129 1714 πάντων
1161 1661 1361 1727 ὁμοίως
1400 1667 1622 1714 κεῖσθαι
1661 1663 1866 1728 μανίαν

172 1749 297 1802 ἀντὶ
339 1751 510 1818 λύπης
549 1749 936 1819 περιφέροντα,
988 1747 1176 1817 ἐπειδή
1222 1768 1285 1817 γε
1325 1749 1509 1812 οὐδεὶς
1546 1747 1626 1802 ἔτι
1675 1750 1866 1818 δαιμό-

170 1859 288 1891 νων
318 1846 467 1891 ποιεῑ
498 1844 817 1891 πενθοῦντα
848 1839 1153 1906 ἄνθρωπον
1186 1838 1253 1890 οὐ
1287 1839 1473 1906 λίθον,
1510 1837 1575 1890 οὐ
1610 1836 1864 1907 δένδρον,

175 1926 276 1978 οὐκ
316 1929 490 1996 ὄρνιν.

293 2076 315 2113 7
363 2071 446 2127 Ep.
485 2075 610 2114 1329.
654 2085 716 2114 or.
744 2071 763 2113 I
802 2086 846 2127 p.
873 2075 1018 2125 9Ο,11
1219 2076 1269 2114 11
1318 2085 1381 2115 01.
1408 2070 1492 2114 XV
1531 2086 1575 2127 p.
1605 2075 1689 2114 114
1707 2085 1773 2126 sq.

172 2134 229 2173 19
270 2130 460 2173 Aristid.
495 2130 616 2173 Mon.
652 2130 700 2172 in
734 2130 911 2186 Smyrn.
937 2130 979 2173 Π
1006 2135 1073 2184 11,
1092 2135 1147 2173 22
1163 2145 1229 2186 sq.
1250 2129 1290 2172 Κ

296 2268 315 2305 1
352 2265 399 2307 ct
430 2269 455 2306 3
489 2259 523 2307 ὦ
556 2263 624 2307 Re
774 2267 799 2305 2
833 2263 1125 2318 ἀνώρθωσας
1147 2264 1192 2306 A
1345 2267 1370 2306 6
1407 2260 1600 2318 ὑπείγου
1632 2262 1751 2317 πρὸς
1780 2261 1865 2318 τὴν

172 2321 288 2377 ἐμὴν
320 2322 421 2365 Mor
544 2326 567 2364 7
600 2322 716 2376 πρὸς
748 2323 792 2365 Ρ
822 2321 903 2365 sed
936 2322 986 2373 ὸς
1017 2322 1066 2364 in
1096 2335 1171 2365 ras
1204 2321 1274 2364 1113
1323 2323 1328 2377 Ι
1379 2338 1457 2377 μοι
1492 2322 1537 2364 Ρ
1565 2321 1647 2365 sed
1679 2337 1724 2365 οι
1756 2333 1811 2363 ex
1843 2336 1864 2364 ε

172 2395 275 2423 corr
298 2381 367 2422 m³
428 2396 480 2436 με
506 2381 550 2424 Α
583 2381 665 2424 sed
689 2396 710 2423 ε
742 2380 791 2423 in
822 2394 912 2434 ras,
955 2381 1068 2425 UIB
1101 2381 1183 2424 sed
1214 2380 1263 2423 in
1288 2380 1376 2424 hoc
1407 2397 1496 2436 μου
1529 2392 1756 2436 suprascr.
1782 2378 1865 2434 m',

174 2440 233 2481 M
251 2439 331 2483 sed
356 2456 434 2494 μοι
458 2453 684 2495 suprascr.
702 2438 785 2492 m²‚
811 2441 885 2483 La
909 2439 1011 2483 Mor
1131 2444 1157 2482 8
1191 2435 1235 2484 δ’
1258 2439 1325 2483 Re
1450 2443 1504 2482 10
1528 2437 1675 2482 ταύτὰ
1700 2437 1866 2494 scripsi

173 2511 278 2540 cum
310 2497 466 2542 Gasda
498 2511 523 2541 c
557 2499 636 2542 C'A
648 2499 772 2542 VMo
843 2505 988 2542 ταῦτα
1020 2499 1298 2543 PUBMLa
1330 2498 1420 2541 edd
1488 2505 1622 2542 τοῦτο
1668 2510 1693 2541 e
1723 2497 1864 2541 ταυτὸ

176 2570 276 2599 corr
294 2556 349 2599 Ι2
465 2562 514 2600 11
543 2563 634 2601 τῶν
659 2558 704 2600 Ρ
726 2557 806 2600 scd
832 2574 867 2600 ω
892 2556 941 2599 in
964 2570 1039 2600 ras
1062 2556 1133 2599 m²
1157 2558 1203 2600 et
1227 2556 1503 2601 circumflex.
1531 2570 1556 2600 e
1579 2556 1710 2613 gravi
1736 2555 1807 2599 m⁸

178 2618 231 2658 13
263 2612 364 2666 ὅλος
391 2616 470 2660 ΟΛ
483 2616 730 2668 VMoBM,
769 2615 893 2669 quod
917 2616 1087 2671 probat
1112 2615 1269 2659 Gasda
1386 2620 1438 2659 16
1472 2612 1520 2659 δ’
1548 2615 1616 2658 Re
1733 2619 1786 2657 17
1811 2629 1864 2671 με

175 2676 282 2728 post
314 2673 491 2730 βέλτιον
523 2673 852 2718 A²1³M0BM
1007 2679 1060 2718 18
1093 2672 1275 2730 δαίμων
1310 2675 1354 2718 V
1505 2678 1560 2717 20
1592 2675 1700 2730 post
1732 2672 1865 2728 ὄρνιν

176 2732 371 2786 praebet
404 2730 532 2783 τέλος
572 2737 652 2787 τῆς
703 2732 778 2775 ἐπὶ
817 2732 1057 2776 ἰουλιανῶι
1104 2731 1359 2788 μονωιδίας
1398 2734 1456 2787 Α,
1548 2730 1757 2791 μονῳδία
1800 2732 1866 2783 εἰς

173 2789 414 2834 ἰουλιανόν
457 2793 506 2846 U,
541 2788 773 2835 Μονωδία
806 2790 882 2834 ἐπὶ
915 2791 1132 2836 ἰουλιανῶ
1159 2791 1216 2835 1²

1892 1063 1934 1095 10

1891 1503 1932 1538 15

1889 1947 1933 1979 20
