2060 3162
635 127 865 172 LIBANII
896 126 1120 172 ORATIO
1152 126 1259 171 XVI
1686 127 1791 179 175

105 264 338 334 μάλιστα
374 261 475 332 μὲν
513 264 665 317 οὔπω
704 265 1034 332 προσιόντος
1072 271 1172 316 τοῦ
1210 269 1407 333 καιροῦ
1460 264 1616 335 φόβῳ
1655 280 1791 332 προ-

105 357 322 407 ανελεῑν
359 353 453 415 τὰς
489 351 694 422 ὕβρεις,
739 352 940 404 τούτου
981 348 1041 404 δὲ
1082 353 1456 420 διαφυγόντος
1500 352 1602 420 τὴν
1651 352 1790 420 γνώ-

104 463 213 511 μην
249 441 339 495 ὑπ’
378 442 544 510 αὐτῆς
580 445 881 510 κινηθῆναι
919 448 1014 509 τῆς
1051 440 1347 509 ἀσελγείας.
1423 440 1509 492 38.
1550 441 1703 503 ὅλως
1728 437 1789 493 δὲ

106 531 358 601 λαμπρὰν
405 527 516 583 ἔδει
561 539 673 583 τῶν
717 531 937 599 τρόπων
982 528 1245 597 γενέσθαι
1295 530 1396 598 τὴν
1444 529 1789 597 μετάστασιν,

105 618 195 672 καὶ
247 620 347 687 τὴν
398 620 564 672 πόλιν
617 618 841 688 ἀμείνω.
875 621 1202 687 μεταλαβεῖν
1255 618 1543 688 ἁρμονίαν,
1606 618 1786 688 ὥσπερ
1835 638 1857 671 5

103 708 227 761 τινὰ
262 707 505 778 κιθάραν
543 708 620 770 εἰς
666 708 838 777 ἄκρου
885 707 1207 779 κιθαρῳδοῦ
1255 715 1439 776 χεῖρας
1489 704 1789 774 ἐλθοῦσαν,

104 797 307 865 ταύτην
345 796 407 849 δὲ
445 798 546 865 τὴν
584 796 857 866 ἁρμονίαν
897 797 990 849 διὰ
1029 797 1253 849 πάντων
1291 795 1393 864 μὲν
1423 804 1536 849 τῶν
1569 805 1790 863 κοινῶν,

105 886 196 937 διὰ
248 886 471 938 πάντων
521 885 582 939 δὲ
631 895 744 938 τῶν
795 886 954 938 ἰδίων
1003 885 1267 938 τετάσθαι
1315 882 1407 937 καὶ
1456 893 1652 953 ψυχῶν
1698 883 1790 937 καὶ

103 974 314 1043 διαίτης
351 974 439 1027 καὶ
480 975 702 1044 ἀνδρῶν
741 974 841 1027 καὶ,
870 975 1087 1027 παίδων
1125 974 1216 1026 καὶ
1256 982 1551 1041 γυναικῶν.

212 1061 297 1114 39.
343 1060 482 1115 Ἀλλ’
518 1062 601 1115 ὅτι
640 1063 742 1131 μὲν
780 1061 840 1115 ἐκ
878 1069 974 1131 τῆς
1011 1061 1271 1132 ἡμετέρας
1308 1063 1516 1132 μωρίας
1553 1060 1787 1131 συνέστη
1814 1083 1856 1115 ιο

100 1170 157 1204 τε
195 1152 296 1219 τὴν
333 1150 507 1222 ἀρχὴν
544 1152 605 1204 τὸ
638 1159 798 1218 μῖσος
836 1149 927 1204 καὶ
958 1152 1158 1221 προϊὸν
1187 1148 1421 1219 ηὐξήθη,
1462 1150 1786 1219 δεδήλωται·

102 1248 367 1310 συγχωρῶ
422 1238 500 1308 δέ,
554 1241 604 1293 εἰ
659 1241 825 1308 δοκεῖ,
879 1240 1046 1310 τύχης
1090 1235 1234 1292 εἶναι
1278 1240 1340 1291 τὸ
1387 1241 1555 1309 ἔργον
1609 1239 1675 1292 οὐ
1721 1240 1788 1292 τὰ

101 1329 284 1380 δίκαια
322 1329 603 1397 ποιούσης.
678 1330 735 1381 τί
771 1325 896 1393 οὗν;
948 1327 1195 1396 ἐάσομεν,
1239 1328 1419 1398 ὥσπερ
1459 1327 1616 1381 κακοὶ
1654 1336 1788 1382 ναῦ-

99 1436 204 1485 ται,
247 1422 591 1486 κρατηθῆναι
637 1418 738 1486 τὴν
785 1425 928 1470 ναῦν
972 1416 1081 1470 ὑπὸ
1127 1423 1226 1469 τοῦ
1274 1426 1538 1485 χειμῶνος
1581 1418 1616 1484 ἤ
1662 1437 1787 1469 τινα

97 1506 368 1575 πρόνοιαν
415 1505 812 1574 ἀντιστήσομεν
857 1513 931 1578 τῷ
979 1506 1246 1569 κλύδωνι;
1301 1503 1422 1574 ἐμοὶ
1471 1501 1573 1571 μὲν
1621 1512 1784 1558 τοῦτο
1809 1525 1851 1559 1⁵

100 1594 250 1646 δοκεῖ
286 1592 377 1646 καὶ
415 1601 578 1646 τοῦτο
618 1595 869 1663 βούλημα
903 1594 910 1662 Ι
944 1601 1044 1656 τοῦ
1083 1594 1355 1663 παρόντος
1393 1595 1563 1661 λόγου
1601 1613 1695 1646 κα-
1726 1606 1874 1651 R500

97 1682 313 1751 μνούσῃ
350 1684 628 1750 βοηθῆσαι
666 1690 730 1752 τῇ
768 1684 941 1750 πόλει,
980 1683 1071 1735 καὶ
1117 1679 1286 1734 πάνθ’
1328 1681 1431 1734 ὅσα
1476 1680 1784 1751 ἐπετίμησα,

98 1770 233 1837 πρὸς
271 1771 403 1836 μίαν
440 1771 645 1839 ταύτην
683 1772 848 1823 τείνει
889 1772 1154 1839 σπουδήν.

209 1859 295 1911 40.
367 1861 502 1912 Τίνα
550 1860 618 1928 δὴ
669 1861 734 1912 τὰ
785 1861 1070 1929 φάρμακα;
1124 1869 1387 1930 φανῶμεν
1436 1860 1509 1923 ὡς
1561 1859 1785 1928 ἀληθῶς

100 1945 411 2015 ἀλγοῦντες,
444 1957 707 2017 φανῶμεν
738 1949 811 2011 ὡς
843 1948 1064 2017 ἀληθῶς
1094 1954 1449 2011 πενθοῦντες.
1513 1948 1783 2018 ἀπολογη-
1805 1970 1850 2003 so

98 2035 324 2101 σώμεθα
361 2037 504 2106 λύπῃ
543 2038 635 2090 καὶ
675 2038 1024 2107 σωφροσύνῃ.
1098 2035 1189 2090 καὶ
1229 2038 1332 2107 γὰρ
1364 2044 1528 2091 τοῦτο
1567 2037 1628 2091 ἕν
1666 2037 1782 2091 ἐστι

218 2260 239 2298 1
274 2262 420 2300 κακοῦ
447 2257 490 2300 V
532 2260 538 2310 1
575 2272 667 2312 προ
700 2259 882 2302 ανελεῑν
914 2272 1019 2302 cum
1041 2271 1116 2301 ras
1145 2263 1166 2301 1
1199 2257 1279 2300 litt
1308 2258 1353 2302 U
1466 2262 1492 2300 3
1527 2254 1602 2302 ἐπ’
1629 2257 1721 2301 Bec

97 2317 124 2354 4
155 2312 376 2369 γενέσθαι
407 2322 496 2359 τῶν
526 2314 712 2371 τρόπων
742 2317 787 2359 V
932 2321 958 2360 5
989 2318 1269 2375 καταλαβεῖν
1291 2316 1384 2360 Bec
1536 2321 1559 2358 7
1593 2316 1663 2374 δὲ]
1697 2314 1781 2373 μὲν

99 2403 183 2446 Mo
240 2402 246 2459 Ι
303 2374 475 2447 Ξδῖνῶν
501 2406 564 2448 Μ
649 2404 824 2460 ἀρετῶν
856 2405 941 2450 Mo
1119 2409 1147 2449 8
1179 2403 1260 2450 διὰ
1283 2431 1341 2437 -
1366 2402 1500 2449 ἰδίων
1533 2419 1608 2449 om
1634 2407 1718 2450 Mo

97 2462 123 2502 8
166 2459 299 2505 ἰδίων
332 2462 496 2519 scripsi
528 2476 552 2506 e
579 2464 648 2507 VI
675 2464 756 2507 sed
788 2463 837 2508 in
867 2464 956 2508 hoc
987 2462 1054 2508 ἰδί
1092 2465 1142 2507 in
1171 2477 1262 2519 ras,
1306 2465 1366 2519 Β,
1403 2466 1458 2508 ut
1489 2463 1689 2508 coniecit
1711 2465 1779 2510 Re

154 2518 291 2564 εἰδῶν
320 2521 489 2577 reliqui
519 2521 629 2565 libri
667 2523 749 2566 sed
781 2521 914 2567 ἰδίων
945 2524 995 2567 in
1027 2525 1072 2568 P
1107 2536 1324 2579 suprascr
1353 2522 1436 2578 m',
1475 2523 1566 2567 edd
1605 2523 1612 2581 Ι
1649 2523 1779 2567 τετά-

94 2579 211 2634 χθαι
249 2581 332 2624 Mo
512 2585 564 2624 11
612 2597 659 2625 τε
706 2595 781 2625 om
816 2582 862 2625 B
918 2583 925 2639 Ι
981 2582 1148 2638 προιὸν
1183 2583 1222 2628 0
1255 2581 1337 2625 sed
1376 2600 1412 2626 ω
1459 2596 1599 2639 supra
1631 2598 1656 2627 ο
1697 2584 1728 2637 f

98 2640 152 2679 13
199 2636 392 2694 ἐάσομεν
423 2640 470 2682 Ρ
504 2640 586 2683 sed
625 2656 646 2684 ε
683 2639 733 2683 in
763 2653 838 2683 ras
877 2640 961 2695 ω’,
1007 2641 1116 2698 spir.
1141 2640 1231 2685 len.
1256 2641 1326 2684 m³
1392 2655 1468 2685 ras
1502 2647 1526 2685 2
1558 2641 1638 2684 litt
1669 2643 1778 2686 ante

97 2708 266 2751 ασομεν
298 2697 342 2740 U
397 2696 627 2755 δράσομεν
656 2699 827 2754 reliqui
850 2699 959 2744 libri
991 2702 1057 2756 (et
1079 2700 1201 2756 Bac),
1234 2700 1360 2756 quod
1391 2714 1493 2744 corr
1515 2700 1582 2744 Re
1610 2700 1616 2758 Ι
1645 2699 1777 2745 ἐάσο-

96 2768 178 2808 μεν
221 2756 329 2810 post
373 2763 541 2800 ναῦται
587 2757 711 2801 inser
741 2758 798 2802 1²
1001 2763 1056 2803 14
1100 2756 1206 2804 τίνα
1252 2759 1301 2801 in
1346 2758 1452 2803 τινὰ
1498 2773 1599 2802 eon·
1630 2760 1691 2802 M
1702 2759 1718 2784 ²

97 2814 153 2853 20
191 2816 478 2865 πενθοῦντες
501 2817 535 2860 Ι
569 2816 575 2874 1
619 2823 839 2872 φανῶμεν
871 2817 931 2868 ὡς
962 2817 1152 2874 ἀληθῶς
1181 2818 1307 2861 inser
1329 2817 1387 2861 1²
1428 2818 1434 2875 Ι
1476 2818 1723 2875 ἀλγοῦντες
1748 2819 1784 2862 Ι

103 2868 108 2925 ἶ
143 2869 530 2975 ἐπολογησῗμεθα
563 2875 647 2919 Mo
678 2876 726 2919 et
756 2875 848 2919 Bee
991 2881 1043 2920 21
1077 2876 1196 2933 λύπη
1228 2877 1263 2919 Ι
1287 2876 1368 2919 sed
1399 2893 1427 2932 η
1459 2876 1509 2919 in
1539 2890 1614 2919 ras
1648 2877 1776 2920 31itt

179 2944 271 2985 υπη
303 2946 349 2974 τε
