2060 3162
647 137 875 182 LIBANII
905 135 1133 182 ORATIO
1164 135 1294 181 XXV
1696 137 1806 190 539

115 276 193 339 εἰς
252 276 318 328 τὰ
372 284 484 328 τῶν
537 273 855 343 ἀνθρώπων
915 273 1207 343 πράγματα
1266 273 1435 326 πάλαι
1496 271 1717 341 βλέπων
1773 272 1807 326 ἃ

112 365 320 427 πάντας
358 363 560 430 ὁμοίως
599 367 678 426 εἰς
715 363 981 415 δουλείαν
1016 362 1215 429 ὑπάγει
1253 362 1402 430 τινά,
1441 363 1706 425 πολλάκις
1744 361 1807 416 ἐν

110 460 185 525 τῷ
215 456 403 525 πολλῷ
442 453 622 525 χρόνῳ
661 454 793 515 τοὺς
825 453 1028 514 ἄλλους
1066 449 1158 504 καὶ
1194 449 1434 520 ἐμαυτὸν
1466 451 1807 521 ὀδυρόμενος

109 540 391 611 ἀξιώσαιμ’
424 540 495 594 ἂν
524 542 768 610 θάτερον
797 549 920 594 τοῖν
950 539 1249 609 ὀνομάτοιν
1281 538 1560 609 ἐκχωρεῖν,
1597 540 1670 603 ὡς
1701 541 1805 593 οὐκ

113 633 275 694 ὄντος
313 631 459 703 αὐτῷ
491 630 823 701 πράγματος.
1850 650 1870 683 5

220 720 268 772 3.
311 720 471 771 Πολὺ
511 717 576 771 δέ
610 737 672 787 γε
708 719 815 788 πρὸ
848 717 983 787 ἐμοῦ
1014 725 1179 770 τοῦτο
1211 718 1462 770 κατεῖδεν
1493 717 1805 787 Εὐριπίδης

109 809 139 863 ὁ
185 809 413 877 ποιητὴς
466 808 567 876 τὴν
605 806 844 875 Ἑκάβην
890 816 1084 860 ποιῶν.
1159 813 1255 874 τῆς
1309 807 1413 876 γὰρ
1466 807 1534 875 δὴ
1577 805 1808 876 Ἑκάβης

108 896 371 967 δεομένης
424 903 524 949 τοῦ
582 894 979 965 Ἀγαμέμνονος
1035 894 1352 965 συμπρᾶξαί
1408 896 1462 948 οἱ
1515 896 1652 965 πρὸς
1706 897 1808 965 τὴν

108 993 208 1039 τοῦ
250 987 685 1055 Πολυμήστορος
722 986 991 1055 τιμωρίαν
1030 982 1207 1038 ἔδεισε
1246 984 1348 1051 μὲν
1388 984 1416 1038 ὁ
1455 983 1807 1054 Ἀγαμέμνων

106 1076 179 1143 μὴ
222 1076 549 1144 διαβληθείη
596 1075 734 1144 πρὸς
778 1075 877 1127 τὸν
917 1074 1153 1145 στρατὸν
1200 1074 1273 1136 ὡς
1317 1074 1383 1126 τὰ
1428 1082 1541 1127 τῶν
1588 1073 1808 1144 ἐχθρῶν
1831 1097 1876 1128 10

106 1165 214 1233 πρὸ
260 1171 361 1216 τοῦ
409 1165 618 1217 οἰκείου
665 1163 1013 1231 θεραπεύων,
1069 1161 1254 1232 ὁρῶσα
1300 1159 1360 1216 δὲ
1407 1163 1440 1231 ἡ
1487 1170 1660 1231 γραῦς
1709 1164 1809 1216 τὸν

107 1253 281 1306 αὐτὸν
334 1252 574 1322 ἄρχοντά
626 1271 685 1305 τε
738 1261 850 1305 τῶν
901 1250 1128 1322 Ἀχαιῶν
1181 1252 1272 1304 καὶ
1335 1252 1625 1305 δεδοικότα
1677 1254 1809 1315 τοὺς

119 1340 382 1411 Ἀχαιούς,

223 1438 370 1500 φεῦ,

109 1517 234 1588 ἔφη,
1833 1540 1875 1573 ¹5

181 1608 298 1661 οὐκ
336 1606 474 1662 ἔστι
512 1614 774 1677 θνητῶν
813 1608 995 1671 ὅστις
1033 1606 1159 1661 ἔστ’
1192 1607 1572 1679 ἐλεύθερος·

181 1697 214 1766 ἢ
253 1698 598 1766 χρημάτων
637 1698 757 1767 γὰρ
799 1698 1037 1760 δοῦλός
1077 1697 1257 1750 ἐστιν
1296 1697 1329 1767 ἢ
1367 1698 1587 1767 τύχης,

141 1782 146 1784 ’
182 1785 215 1854 ἢ
255 1790 508 1855 πλῆθος
542 1788 549 1854 Ι
585 1786 784 1839 αὐτὸν
822 1787 1054 1849 πόλεος
1091 1785 1124 1854 ἢ
1156 1788 1376 1855 νόμων
1414 1785 1660 1856 γραφαὶ
1715 1799 1896 1843 RH64

183 1879 485 1944 εἴργουσι
524 1880 813 1944 χρῆσθαι
852 1876 932 1944 μὴ
971 1876 1131 1928 κατὰ
1170 1875 1432 1944 γνώμην
1471 1877 1753 1944 τρόποις.

217 1971 365 2016 ποιεῖ
418 1960 520 2031 μὲν
574 1964 641 2031 δὴ
695 1961 786 2015 καὶ
841 1971 1014 2016 ταῦτα
1066 1965 1346 2031 δουλειάν,
1400 1973 1549 2016 ποιεῖ
1602 1960 1663 2016 δὲ
1713 1965 1805 2017 καὶ
1828 1986 1873 2019 20

106 2050 263 2121 ἕτερα
301 2052 438 2120 πρὸς
477 2052 696 2115 τούτοις
735 2052 838 2104 οὐκ
879 2052 1053 2120 ὀλίγα.

217 2141 267 2193 4.
308 2142 597 2210 Πρότερον
629 2139 694 2194 δέ
721 2160 783 2210 γε
814 2140 1094 2208 σκεπτέον,
1134 2142 1183 2194 εἰ
1213 2141 1410 2210 τὸμὲν
1441 2140 1799 2212 ἀνθρώπειον

107 2229 359 2282 δουλεύει
401 2228 578 2298 γένος,
618 2230 679 2283 τὸ
718 2235 882 2283 θεῖον
921 2227 971 2282 δ’
1003 2228 1324 2283 ἀδέσποτον.

109 2477 126 2519 l
158 2476 174 2520 l
214 2418 509 2521 8865133ur.Hec.
528 2423 624 2464 752.
654 2424 750 2463 789.
778 2423 862 2463 841
987 2424 1013 2462 9
1039 2420 1146 2463 Eur.
1166 2419 1240 2463 l.l.
1260 2424 1345 2464 855
1358 2424 1493 2464 -863
1611 2424 1667 2463 14
1690 2420 1799 2464 Eur.

132 2512 139 2519 .
180 2512 188 2520 .
314 2492 382 2533 sq.

228 2658 254 2696 2
286 2653 460 2710 ἀπάγει
490 2656 525 2699 Ι
662 2660 687 2699 3
721 2655 886 2707 ἄλλους
915 2656 1041 2701 inser
1073 2655 1141 2700 V²
1282 2661 1310 2699 4
1343 2655 1561 2713 ἐκχωρεῖν
1595 2656 1635 2701 Ο
1660 2656 1743 2700 sed
1773 2672 1802 2699 κ

110 2726 135 2755 e
167 2730 194 2770 y
226 2727 327 2757 corr
350 2712 420 2756 m²
570 2719 596 2757 6
628 2731 679 2772 γε
711 2727 787 2758 om
815 2716 854 2760 G
993 2720 1017 2758 7
1050 2721 1132 2771 τῆς
1163 2714 1251 2772 γὰρ
1283 2715 1475 2758 vocibus
1507 2715 1602 2759 des.
1634 2714 1802 2759 folium

109 2773 366 2828 praefixum
397 2772 447 2815 in
482 2773 529 2827 Ο,
562 2772 620 2830 δὴ
654 2772 823 2831 ἑκάβης
853 2773 942 2818 inc.
968 2773 1048 2819 fol.
1076 2779 1161 2818 232
1343 2779 1369 2817 9
1411 2773 1802 2830 Πολυμνήστορος

110 2830 213 2874 Mor
363 2835 418 2874 10
450 2833 685 2890 διαβληθῇ
712 2833 756 2877 V
901 2838 953 2876 11
987 2833 1016 2889 ἡ
1049 2847 1125 2877 om
1149 2833 1251 2877 Mor
1395 2838 1449 2877 12
1482 2831 1672 2878 δεδιότα
1705 2834 1749 2877 V

112 2894 167 2933 18
197 2889 362 2940 πόλεος
393 2890 559 2946 scripsi
591 2893 781 2936 auctore
811 2892 879 2935 Re
911 2906 1018 2935 cum
1048 2893 1119 2936 ed.
1146 2891 1250 2935 Ald.
1277 2891 1384 2935 Eur.
1476 2891 1655 2937 πόλεων
1689 2891 1801 2935 libri

110 2949 203 2992 edd
263 2947 437 2999 πόλεως
465 2949 576 2993 libri
600 2949 707 2994 Eur.
735 2951 743 3009 Ι
770 2950 957 3008 γραφὰς
981 2952 1066 2996 Mo
1199 2954 1255 2994 23
1287 2949 1421 3008 γένος
1452 2951 1661 2996 δουλεύει
1692 2951 1806 2995 ΒΜ
