2060 3162
674 128 903 173 LIBANII
932 127 1167 173 ORATIO*
1192 128 1300 173 XVI
1719 128 1821 180 171

169 293 174 298 ·
246 266 330 319 26.
363 263 539 335 Ἐμοὶ
578 272 780 318 ταῦτα
818 265 1174 330 σύνοισθα;
1210 266 1216 331 Ι
1251 266 1480 333 φήσειεν
1520 262 1591 317 ἂν
1622 264 1734 316 Εὔ-
1765 276 1916 320 R494

137 358 338 424 βουλος
384 353 736 423 ἀναπηδήσας
789 352 880 406 καὶ
929 353 958 406 ὁ
1012 352 1125 422 μετ’
1167 351 1382 406 ἐκεῖνον
1430 351 1522 406 καὶ
1570 352 1599 406 ὁ
1646 354 1829 422 τρίτος

128 444 226 496 καὶ
267 443 296 496 ὁ
342 441 599 513 τέταρτος
640 440 731 494 καὶ
779 451 890 495 τῶν
941 442 1124 495 ἄλλων
1173 441 1412 505 ἕκαστος.
1490 442 1592 494 οὐκ
1641 438 1826 510 ἔγωγε.

137 532 304 585 πάλαι
349 532 454 601 γὰρ
494 529 564 583 ἄν
601 530 736 597 ὑμῖν
783 528 985 601 ἐχθρὸς
1030 526 1117 599 ἦν,
1169 531 1221 583 εἴ
1255 550 1309 583 τι
1354 537 1612 584 τοιοῦτον
1657 528 1827 601 ᾔδειν.

134 619 253 674 ἀλλ’
291 617 409 673 οὐδ’
450 618 520 672 ἂν
574 617 752 672 ἐκεῖνο
807 621 1116 687 πεισθείην,
1179 619 1252 682 ὡς
1314 619 1415 672 οὐκ
1477 617 1850 687 ἐξεφοίτησεν.
1875 640 1893 672 5

135 708 399 763 ἐντεῦθεν
429 707 653 778 ἀφορμὴ
682 709 743 762 τὸ
775 715 935 778 μῖσος
966 706 1330 776 ἐπισπωμένη.
1400 706 1490 760 καὶ
1525 706 1651 777 παρ’
1685 707 1828 760 ὅτων

131 797 236 865 μὲν
291 796 623 868 ἀνθρώπων,
686 796 894 866 ἀγνοῶ,
956 795 1390 866 περιτρέχουσαν
1445 796 1507 849 δὲ
1566 797 1828 865 τοιαύτην

136 885 303 949 δόξαν
356 886 632 957 ᾐσθόμην.
708 886 795 938 27.
843 885 1276 954 ’συκοφάντου
1331 886 1449 955 γὰρ
1501 885 1569 937 τὸ
1618 882 1826 954 ἔργον.

130 974 300 1027 πάλιν
345 976 379 1043 ἡ
428 982 528 1027 τοῦ
578 973 845 1043 βασιλέως
895 973 1057 1044 ἀρετὴ
1115 974 1322 1042 ταύτην
1370 974 1503 1042 ἡμῖν
1552 973 1827 1027 ἀποκλείει

123 1064 236 1132 ’τὴν
272 1066 614 1133 καταφυγήν.
688 1064 852 1126 ἄλλος
890 1063 992 1132 μὲν
1030 1064 1134 1133 γὰρ
1173 1061 1279 1116 κᾶν
1316 1063 1543 1132 ὑπήχθη
1582 1063 1674 1115 καὶ
1712 1061 1828 1132 ἐξη-
1853 1085 1895 1116 10

126 1154 369 1221 πατήθη,
409 1159 609 1205 τοῦτον
649 1149 710 1205 δὲ
749 1151 855 1205 κάν
892 1161 1010 1214 ταῖς
1049 1153 1226 1214 δίκαις
1264 1151 1481 1222 ὁρῶμεν
1528 1152 1630 1221 οὐχ
1677 1151 1828 1206 ἑλκό-

133 1261 304 1310 μενον
354 1240 464 1294 ὑπὸ
524 1250 636 1294 τῶν
690 1240 1065 1311 ψευδομένων,
1128 1240 1267 1294 ἀλλά
1319 1241 1498 1294 πάντα
1550 1247 1828 1294 πατοῦντα

131 1330 224 1383 καὶ
286 1333 638 1383 κατακλῶντα
698 1330 1040 1399 φενακισμὸν
1104 1328 1195 1382 καὶ
1256 1329 1507 1399 καθάπερ
1572 1330 1829 1398 φάλαγγα

132 1418 416 1488 ῥηγνύντα
461 1419 556 1481 τὰς
609 1419 963 1488 παραγωγάς,
1019 1417 1121 1481 ἕως
1168 1417 1238 1470 ἂν
1288 1416 1369 1471 ἐπ’
1410 1418 1542 1471 αὐτὸ
1593 1417 1829 1486 τάληθὲς

127 1507 504 1576 πορευόμενος
542 1506 816 1577 ἀφίκηται.
1793 1528 1798 1533 ·
1852 1527 1893 1560 15

247 1595 331 1647 28.
386 1593 524 1648 Ἀλλ’
563 1597 611 1648 εἰ
658 1596 824 1664 δοκεῖ,
872 1597 974 1664 τὴν
1013 1595 1223 1665 ἀγορὰν
1261 1594 1437 1661 ἐῶμεν
1474 1595 1564 1647 καὶ
1603 1595 1828 1648 πάντων
1906 1633 1912 1639 -

134 1681 315 1751 ἀέρων
349 1683 355 1750 Ι
390 1684 456 1735 τὰ
495 1682 815 1752 ἐγκλήματα.
890 1685 948 1737 οἱ
983 1681 1044 1737 δὲ
1082 1693 1260 1746 κακῶς
1299 1679 1452 1737 οὗτοι
1491 1677 1734 1752 γυμνού-
1766 1695 1912 1739 R495

131 1790 291 1837 μενοι
322 1770 413 1823 καὶ
445 1771 639 1825 κάκιον
668 1771 953 1842 τρέχοντες
983 1772 1074 1826 καὶ
1099 1773 1398 1835 δεδωκότες
1422 1772 1611 1835 αὑτοῖς
1634 1773 1826 1825 ἄδειαν

134 1867 234 1912 τοῦ
274 1869 454 1923 κακῶς
493 1859 674 1929 λέγειν
713 1860 780 1914 ὃν
818 1859 888 1913 ἂν
927 1858 1180 1930 ἐθέλωσι,
1219 1859 1309 1914 καὶ
1351 1861 1384 1914 ἃ
1427 1859 1557 1930 μηδ’
1594 1860 1665 1913 ἂν
1702 1859 1818 1914 κατ’

130 1947 386 2017 ἀλλήλων
424 1951 800 2017 φθεγγόμενοι
840 1951 1064 2013 δικαίως
1103 1949 1362 2018 ἀπῆλθον
1408 1949 1604 2022 ἀθῷοι,
1655 1957 1825 2003 ταῦτα
1849 1972 1894 2004 20

131 2036 488 2105 καταχέαντες
534 2046 634 2090 τοῦ
684 2039 1144 2107 σωφρονεστάτου
1198 2037 1288 2092 καὶ
1337 2039 1687 2092 δικαιοτάτου
1735 2040 1825 2092 καὶ

257 2209 279 2248 1
307 2205 378 2249 t.1
397 2209 494 2260 139,
511 2210 549 2250 9.
582 2206 732 2250 Amm.
751 2205 857 2250 XIV
876 2211 915 2260 7,
934 2211 990 2250 6?
1112 2211 1167 2250 20
1199 2206 1282 2250 Iul.
1297 2207 1399 2250 Mis.
1421 2211 1504 2251 357
1522 2207 1640 2261 Asq.
1682 2210 1767 2250 360
1785 2206 1823 2248 D

256 2365 277 2403 1
328 2360 513 2416 signum
544 2360 923 2418 interrogationis
956 2361 1029 2405 P³
1059 2362 1195 2417 Fabr,
1237 2375 1417 2405 comma
1448 2362 1516 2406 Re
1689 2366 1716 2404 4
1763 2360 1822 2405 ἂν

133 2432 214 2462 om
239 2419 306 2462 Re
333 2420 339 2478 Ι
368 2420 538 2477 ἐχθρὸς
567 2420 677 2476 ὑμῖν
710 2422 795 2464 Mo
915 2425 941 2464 5
974 2419 1267 2477 ἐξεφοίτησεν
1297 2422 1333 2465 I
1358 2421 1439 2465 sed
1470 2421 1518 2474 ξε
1549 2421 1674 2465 inser
1695 2420 1765 2463 m’·

135 2482 163 2521 6
196 2476 408 2535 ἀμορφία
439 2479 524 2522 Mo
551 2479 557 2536 Ι
584 2475 699 2534 παρ’
730 2476 845 2524 ὅτων
878 2480 910 2522 Ι
937 2479 1018 2523 sed
1044 2477 1089 2523 ’ὁ
1123 2479 1173 2522 in
1196 2493 1271 2523 ras
1303 2479 1373 2523 m³
1440 2478 1563 2535 παρό
1595 2496 1686 2523 των
1719 2493 1824 2523 cum

310 2581 319 2590 ·
503 2568 583 2595 mov
1522 2537 1668 2591 δόξαν

135 2593 212 2623 ras
239 2587 261 2624 1
287 2581 367 2624 htt
390 2581 435 2625 U
500 2597 586 2625 οτω
613 2583 675 2625 Μ
803 2586 826 2623 7
860 2581 944 2638 τὴν
966 2583 1188 2639 τοιαύτην
1212 2583 1335 2626 Fabr
1454 2587 1481 2626 8
1512 2584 1668 2641 χώραν
1693 2584 1778 2627 Mo
1813 2583 1819 2642 Ι

135 2639 341 2696 ηὐξάμην
364 2639 487 2684 Fabr
607 2644 632 2682 9
664 2639 805 2684 πάλιν
830 2642 864 2684 Ι
889 2642 970 2684 sed
994 2658 1044 2685 αι
1076 2655 1217 2698 supra
1240 2658 1287 2686 ιν
1304 2641 1374 2685 m²
1400 2642 1406 2700 Ι
1434 2641 1463 2698 ἡ
1487 2649 1569 2687 τοῦ
1602 2656 1678 2686 om
1701 2642 1824 2685 Fabr

143 2699 150 2754 Ι
183 2698 292 2753 ὑμῖν
326 2700 410 2743 VB
541 2702 595 2742 10
627 2699 723 2756 καὶ]
758 2696 848 2743 κᾶν
882 2701 925 2743 V
950 2702 997 2743 et
1028 2714 1169 2757 supra.
1200 2701 1282 2745 καὶ
1312 2700 1370 2744 1⁸
1493 2707 1544 2745 11
1577 2708 1711 2746 τοῦτο
1739 2703 1823 2746 Mo

201 2761 253 2799 13
285 2756 529 2815 φάλαγγας
559 2756 729 2811 Gasda,
763 2759 813 2801 ab
844 2757 900 2802 cf.
926 2758 977 2802 11.
1003 2762 1029 2812 ζ
1051 2764 1076 2802 6
1223 2764 1278 2803 14
1307 2758 1619 2817 πορευόμενος
1649 2758 1821 2816 ἀφίκη-

136 2829 215 2858 ται
237 2816 439 2872 ταληθὲς
463 2817 506 2860 V
620 2820 674 2859 17
698 2815 828 2871 παρὰ
857 2823 949 2861 τῶν
980 2818 1136 2875 ἀγρῶν
1160 2819 1283 2862 Fabr
1309 2821 1315 2875 Ι
1343 2818 1461 2863 οὕτω
1481 2820 1542 2862 Μ
1660 2823 1715 2862 20
1743 2820 1821 2862 ἀλ-

137 2871 363 2977 &fill-,03:131
349 2874 541 2976 Ιηᾶλλων
574 2888 675 2919 corr
698 2874 770 2919 ΡΞ
819 2878 826 2931 Ι
876 2874 1068 2928 δικαίως
1098 2878 1316 2933 ἀπῆλθον
1356 2891 1431 2921 om
1455 2877 1579 2922 Fabr
1619 2879 1627 2934 Ῑ
1667 2878 1821 2921 ἀθῶοι
