2072 3162
201 128 271 180 60
735 127 964 172 LIBANII
995 126 1219 172 ORATIO
1251 128 1357 172 ΧΠ]

198 270 272 316 ita
311 268 687 328 distribuuntur,
727 270 784 315 ut
818 266 955 316 CAP
985 268 1180 330 prioris,
1213 268 1498 317 VIMoBM
1531 269 1733 318 alterius
1774 269 1888 332 sint,

210 343 261 392 U
298 358 414 391 vero
467 343 799 390 recensionem
849 358 906 390 ex
955 343 1165 404 utraque
1214 342 1422 390 mixtam
1469 342 1717 405 praebeat.
1793 343 1888 391 Fa-

199 417 340 464 milia
377 415 514 478 prior
552 416 761 463 alteram
797 417 958 478 pretio
1000 416 1150 478 paulo
1191 420 1403 478 superat.
1482 415 1681 465 Codices
1722 419 1888 465 autem

203 485 519 538 ‘scholastici'
567 505 591 537 e
636 491 908 553 propagine
955 490 1175 538 familiae
1223 490 1448 551 alterius,
1493 492 1595 552 vel,
1644 493 1701 539 ut
1748 506 1886 539 accu-

199 565 358 613 ratius
413 563 595 625 dicam,
649 580 674 611 e
726 564 890 612 codice
942 563 1233 625 prodierunt
1286 565 1371 627 qui
1422 579 1725 612 communem
1776 580 1887 613 cum

210 639 255 685 V
298 639 554 700 parentem
599 637 787 686 habuit.
866 637 1007 694 Quod
1044 639 1102 685 ut
1137 638 1511 701 intellegeretur
1552 639 1793 702 simulque
1831 642 1889 687 ut

198 714 306 760 tota
344 711 533 761 indoles
579 711 726 760 huius
774 711 996 760 codicum
1043 713 1233 776 generis
1281 712 1514 773 eluceret,
1559 729 1713 760 unum
1759 714 1887 776 elegi

202 785 494 833 Sinaiticum
533 779 627 853 (==
660 781 727 852 S)
761 786 898 833 cuius
937 785 1188 847 lectiones,
1226 788 1283 833 ut
1321 801 1351 833 a
1382 786 1690 835 Bernardaki
1726 789 1885 835 trans-

200 860 413 921 scriptae
453 861 615 921 erant,
653 861 706 907 in
746 861 1042 922 apparatum
1081 861 1310 908 criticum
1347 860 1624 923 reciperem.

309 933 698 982 Necessitudinis
746 937 911 981 autem
956 934 1210 982 vinculum
1256 950 1352 996 quo
1390 934 1444 981 hi
1483 935 1648 982 decem
1698 934 1887 983 codices

201 1009 451 1055 coniuncti
489 1010 618 1071 sunt⁷
656 1008 747 1056 hoc
785 1008 879 1055 tibi
918 1009 1127 1056 stemma
1166 1010 1281 1055 ante
1322 1009 1486 1057 oculos
1525 1011 1702 1070 ponet:

312 2628 603 2679 Paucissimi
625 2616 951 2680 loci'Macarii
976 2632 1361 2695 Chrysocephali
1383 2632 1563 2679 Roseto
1588 2633 1637 2678 et
1659 2629 1885 2679 Andreae

201 2703 506 2766 Lopadiotae
545 2705 701 2753 lexico
741 2699 824 2770 (cf.
864 2708 900 2753 t,
932 2705 957 2752 Ι
986 2723 1034 2767 p.
1062 2708 1163 2754 351
1179 2722 1247 2768 sq.
1281 2707 1331 2754 et
1363 2698 1494 2771 238)
1533 2705 1717 2752 servati
1756 2707 1882 2752 sunt.

311 2777 505 2826 Primus
551 2779 603 2825 in
641 2779 800 2826 lucem
845 2780 1090 2841 protraxit
1127 2780 1181 2828 F.
1213 2779 1448 2827 Morellus
1496 2777 1708 2826 editione
1757 2793 1882 2839 quae
2056 2839 2062 2843 *A

200 2850 346 2899 hodie
391 2852 471 2899 vel
516 2852 569 2898 in
615 2851 871 2899 ditissimis
919 2851 1228 2900 bibliothecis
1275 2852 1580 2899 desideratur
1623 2852 1883 2913 inscripta:
2045 2843 2064 2917 ξ

204 2924 482 2989 ,,Λιβανίου
543 2931 630 2973 τοῦ
692 2931 928 2988 σοφιστοῦ
985 2920 1234 2993 Ἰουλιανῷ
1298 2922 1717 2991 προσφωνητικός.
1793 2925 1882 2973 Li-
2030 2934 2063 3162 ἐ
