2054 3140
892 713 1012 767 XII.

221 868 392 917 Oratio
432 866 516 926 εἰς
549 861 879 916 Ἰουλιανὸν
917 865 1252 933 αὐτοκράτορα
1290 866 1518 915 ὕπατον
1549 867 1700 928 iussu,
1739 867 1799 913 ut

109 942 346 991 Libanius
384 942 491 1005 ipse
530 943 617 992 vit.
657 940 689 1003 ἓ
717 943 819 989 127
852 943 888 989 t.
913 941 939 988 I
967 959 1014 1004 p.
1045 942 1164 1002 144,
1184 943 1212 988 7
1233 956 1303 1003 sq.
1345 941 1436 1003 ait,
1484 940 1798 1003 imperatoris

108 1017 333 1066 kalendis
364 1016 610 1064 Ianuariis
651 1016 768 1063 anni
802 1016 905 1063 363
939 1015 1112 1063 habita
1140 1017 1198 1062 ut
1227 1015 1390 1075 huius,
1428 1015 1502 1063 ita
1532 1017 1800 1077 postquam

110 1091 162 1138 in
192 1090 448 1153 publicum
478 1090 666 1152 prodiit
677 1083 734 1156 ¹),
765 1090 1038 1138 multorum
1068 1089 1302 1151 plausum
1332 1091 1495 1150 nacta,
1531 1088 1617 1137 sed
1647 1089 1800 1136 etiam

109 1167 284 1229 postea
329 1164 545 1213 studiose
599 1165 825 1212 lectitata
879 1166 967 1212 est.
1051 1164 1302 1212 Numerus
1355 1163 1514 1227 igitur
1557 1162 1800 1211 librorum

111 1240 563 1301 manuscriptorum
599 1238 745 1286 hodie
777 1237 1099 1300 superstitum
1132 1237 1267 1286 haud
1297 1252 1480 1300 parvus
1514 1239 1601 1286 est.
1673 1236 1801 1284 Sunt

111 1313 243 1362 enim
284 1315 351 1361 27
394 1316 544 1375 atque
583 1312 636 1359 hi
677 1311 894 1374 quidem:

226 1389 270 1434 1.
313 1386 633 1435 Chisianus
672 1386 717 1433 R
746 1385 819 1432 VI
845 1387 912 1434 43
947 1379 1043 1453 (=
1070 1379 1129 1452 C)
1164 1400 1286 1434 saec.
1311 1379 1510 1450 XIJXH
1547 1385 1799 1433 f01.138*.

112 1460 238 1508 Vide
275 1463 311 1508 t.
335 1460 361 1508 Ι
391 1477 437 1523 p.
468 1462 535 1508 10
554 1475 623 1522 sq.
696 1458 910 1508 Contuli.
1671 1516 1674 1519 .

227 1535 273 1582 2.
304 1534 676 1583 Monacensis
708 1550 787 1597 gr.
814 1534 918 1582 483
954 1534 1074 1582 olim
1097 1533 1424 1598 Augustanus
1457 1528 1551 1600 (=
1569 1526 1637 1599 A)
1673 1547 1798 1581 saec.

114 1601 385 1670 XHIJXIV
414 1608 528 1655 inde
561 1624 591 1656 a
621 1608 704 1656 fol.
733 1609 828 1656 60*
867 1609 916 1655 et
948 1622 1070 1655 saec.
1098 1607 1143 1654 X
1180 1606 1294 1655 inde
1327 1623 1356 1655 a
1387 1607 1471 1655 fol.
1499 1607 1565 1654 66
1609 1599 1803 1673 (καιρὸς

115 1673 179 1744 ἧν
215 1697 263 1743 p.
299 1681 383 1742 32,
411 1674 518 1747 16).
593 1681 721 1729 Vide
758 1683 794 1729 t.
820 1681 846 1728 I
883 1698 929 1743 p.
967 1682 1031 1729 15
1053 1696 1123 1743 sq.
1202 1679 1418 1730 Contuli.

227 1756 274 1803 3.
314 1754 636 1804 Vaticanus
675 1755 994 1803 Palatinus
1033 1771 1111 1818 gr.
1148 1756 1252 1803 282
1296 1748 1390 1822 (=
1418 1749 1483 1821 P)
1524 1770 1649 1804 saec.
1681 1753 1803 1803 XIV

115 1829 199 1878 fol.
233 1829 317 1876 43.
393 1827 519 1876 Vide
557 1830 592 1876 t.
616 1828 642 1875 Ι
678 1845 727 1891 p.
762 1830 830 1877 20
848 1843 917 1891 sq.
996 1828 1208 1877 Contuli.

227 1903 274 1950 4.
329 1901 653 1950 Vaticanus
693 1919 770 1966 gr.
805 1903 873 1950 84
914 1918 1042 1951 anno
1079 1903 1219 1951 1425
1262 1919 1286 1951 e
1327 1902 1556 1951 Palatino
1595 1919 1667 1966 gr.
1695 1903 1800 1950 282

116 1991 265 2024 manu
293 1977 444 2025 tertia
475 1978 690 2024 correcto
715 1976 794 2025 vel
819 1993 876 2024 ex
896 1976 1067 2025 eodem
1098 1978 1235 2025 fonte
1259 1977 1532 2039 descriptus
1556 1977 1640 2025 fol.
1658 1977 1802 2025 157V.

116 2049 240 2098 Vide
280 2052 316 2097 t.
340 2050 366 2097 Ι
402 2067 450 2112 p.
484 2051 590 2098 415
610 2066 680 2112 sq.
759 2049 973 2099 Contuli.

230 2125 274 2172 5.
314 2123 645 2173 Vaticanus
685 2141 756 2188 gr.
792 2126 894 2174 939
937 2139 1059 2173 saec.
1091 2124 1183 2172 XV
1221 2125 1305 2173 fol.
1336 2126 1478 2174 164¹&
1549 2123 1676 2172 Vide
1715 2127 1751 2172 t.
1777 2124 1803 2172 Ι

117 2214 164 2260 p.
198 2199 267 2246 44
285 2213 356 2260 sq.
434 2197 639 2247 Initium
679 2191 785 2265 (fol.
815 2192 1179 2266 164v—165v)
1217 2199 1418 2247 contuli.

230 2274 275 2321 6.
315 2271 585 2321 Patmius
618 2274 722 2320 471
759 2287 883 2320 saec.
908 2272 1027 2320 XIV
1050 2272 1134 2321 fol.
1162 2273 1246 2321 89.
1308 2272 1434 2320 Vide
1465 2272 1545 2321 t.I
1574 2289 1620 2335 p.
1647 2274 1714 2320 41
1730 2288 1801 2335 sq.

239 2459 280 2514 1)
313 2455 378 2500 Cf.
405 2470 476 2513 ep.
502 2461 587 2502 695
618 2455 753 2515 λόγος
783 2456 835 2502 δὲ
868 2457 892 2501 ὁ
924 2456 1006 2515 μὲν
1039 2458 1105 2508 εἰς
1134 2457 1219 2514 τὴν
1248 2456 1513 2515 πανήγυριν
1543 2457 1607 2502 ἔτι
1639 2456 1803 2514 μέλλει,

118 2532 146 2559 κ
177 2514 408 2559 ύπτεσθαι
439 2516 522 2573 μὲν
555 2515 742 2571 ἐθέλων,
776 2515 1017 2573 ἑλκόμενος
1047 2517 1099 2561 δὲ
1129 2517 1194 2567 εἰς
1224 2514 1364 2574 μέσον
1394 2515 1525 2572 παρὰ
1554 2523 1638 2561 τοῦ
1671 2518 1802 2575 βασι-

43 2588 54 2599 “
118 2577 142 2618 λ
169 2590 230 2625 ως
252 2575 332 2618 καὶ
357 2574 464 2626 ἴσως
488 2582 719 2631 φανεῖται.
761 2578 836 2620 δεῖ
855 2575 942 2633 γὰρ
969 2576 1148 2622 ἐκεῖνον
1172 2583 1360 2630 κρατεῖν
1385 2578 1476 2620 κτλ.
1532 2574 1802 2620 Orationem

118 2632 342 2677 Libanius
367 2633 510 2678 etiam
532 2634 582 2678 in
606 2634 847 2691 epitaphio
870 2634 1042 2680 Iuliani
1065 2640 1089 2689 ξ
1106 2641 1133 2679 4
1158 2634 1227 2678 t.I
1248 2650 1293 2691 p.
1313 2639 1412 2689 523,
1441 2639 1494 2679 10
1505 2649 1572 2691 eq.
1590 2635 1632 2678 R
1656 2634 1802 2691 signi-

118 2691 258 2736 ficare
287 2692 482 2736 videtur.
546 2692 715 2737 Iuliani
754 2707 858 2737 cum
901 2694 962 2737 ad
993 2693 1110 2738 alios
1152 2695 1254 2738 tum
1296 2693 1357 2738 ad
1396 2695 1610 2738 senatum
1654 2708 1802 2750 popu-

118 2748 308 2806 lumque
338 2751 693 2796 Atheniensium
724 2752 974 2809 epistulam
1008 2752 1082 2810 (cf.
1117 2757 1141 2806 ἓ
1167 2757 1223 2796 64
1254 2767 1299 2809 p.
1326 2757 1396 2808 33,
1416 2755 1539 2809 3sq.)
1581 2767 1715 2796 suum
1751 2752 1802 2795 in

103 2823 254 2853 ⁴usum
285 2811 531 2913 οοὲνῖτίῑῇὺ,
571 2811 702 2855 cuius
741 2811 822 2867 qui
852 2811 943 2856 huc
973 2811 1155 2856 faciunt
1184 2811 1310 2856 locos
1348 2811 1398 2855 in
1429 2811 1803 2856 testimoniorum

120 2881 309 2912 numero
375 2882 403 2913 a
435 2884 499 2913 ui.

208 2951 406 2984 Lmnums
430 2952 487 2984 ed.
510 2951 751 2986 Foerster.
790 2953 841 2984 11.
1511 2949 1533 2985 1
