2060 3162
681 139 910 184 LIBANII
940 138 1166 184 ORATIO
1197 139 1326 183 XXV
1732 139 1843 191 553

149 279 290 331 κύνα
328 280 497 349 λίθῳ,
552 277 788 346 φάσκειν
834 274 918 330 ἑνὶ
964 276 1141 347 τούτῳ
1189 273 1511 345 ἐλευθερίας
1557 275 1692 328 εἴδει
1743 275 1843 327 τὸν

150 367 423 434 δεσπότην
459 370 831 419 πλεονεκτεῖν·
873 366 920 418 εἰ
961 361 1021 417 δὲ
1061 362 1151 417 ἐπὶ
1190 365 1399 426 πάντας
1437 363 1640 431 ὁμοίως
1673 360 1742 416 ’ἔν
1778 361 1845 430 γε’

148 474 201 508 τι
237 454 472 508 τουτωνὶ
512 464 623 507 τῶν
666 462 853 507 κακῶν
897 451 1148 523 φέρεται,
1198 453 1450 522 καθάπερ
1498 453 1705 521 ὄμβρος
1750 450 1840 505 ἐπὶ

147 551 329 597 πᾶσαν
372 544 473 612 τὴν
519 542 889 612 ὑποκειμένην
935 550 1058 611 γῆν,
1114 540 1410 608 ὁμόδουλοι
1457 549 1573 603 τοῖς
1619 542 1844 604 δούλοις

149 634 202 686 οἱ
240 633 502 685 δεσπόται
541 632 870 701 νοσημάτων
908 651 971 699 γε
1010 631 1208 684 εἵνεκα.
1889 651 1912 682 5

260 720 344 774 34.
399 721 510 773 Καὶ
558 722 668 790 μὴν
712 719 802 773 καὶ
851 721 912 773 τὸ
952 718 1048 773 ὑπ’
1077 721 1260 772 ἄλλων
1300 720 1537 787 ἄγεσθαι
1584 720 1674 772 καὶ
1721 718 1844 788 ἐφε-

148 810 341 865 στάναι
381 810 571 880 γνώμῃ
611 810 839 878 γνώμην
885 807 972 862 ἔνι
1009 809 1112 878 μὲν
1150 807 1212 862 ἐν
1252 807 1510 875 οἰκέταις,
1557 806 1642 861 ἔνι
1682 805 1742 861 δὲ
1783 807 1844 861 ἐν

149 899 453 961 δεσπόταις.
530 901 661 961 τοὺς
700 898 802 965 μέν
840 917 903 966 γε
933 897 1088 965 ἡμεῖς
1125 897 1478 966 ἡνιοχοῦμεν,
1516 897 1656 966 ἡμᾶς
1689 897 1751 950 δὲ
1790 898 1849 950 οἱ

148 989 332 1056 νόμοι,
392 988 482 1040 καὶ
538 988 598 1040 τὸ
652 995 765 1040 πᾶν
823 986 1023 1051 ἐξεῖναι
1076 996 1189 1039 τῶν
1244 988 1465 1040 δούλων
1518 983 1619 1055 μὲν
1672 986 1844 1054 ἡμεῖς,

148 1076 303 1145 ἡμῶν
342 1077 404 1129 δὲ
443 1075 472 1130 ὁ
512 1079 680 1146 νόμος
711 1073 1002 1146 ἀφῄρηται.
1065 1074 1156 1128 καὶ
1189 1074 1530 1129 ἐδούλευσαν
1562 1074 1844 1143 Ἀθηναῖοι
1870 1097 1916 1127 10

147 1166 249 1233 μὲν
286 1174 402 1228 τοῖς
441 1167 728 1233 Σόλωνος,
768 1166 1199 1234 Λακεδαιμόνιοι
1248 1161 1310 1217 δὲ
1352 1173 1468 1227 τοῖς
1507 1164 1844 1234 Λυκούργου

148 1253 238 1309 καὶ
303 1254 517 1322 Πέρσαι
579 1259 877 1322 Περσικοῖς
937 1254 1027 1306 καὶ
1089 1254 1319 1306 Σκύθαι
1380 1257 1692 1315 Σκυθικοῖς
1751 1251 1845 1305 καὶ

154 1347 365 1413 Θρᾷκες
401 1351 517 1404 τοῖς
556 1342 742 1396 αὑτῶν
780 1341 872 1395 καὶ
911 1342 940 1395 ὁ
974 1341 1244 1411 Ἰλλυριὸς
1289 1351 1405 1404 τοῖς
1453 1343 1692 1404 οἰκείοις.
1753 1340 1844 1394 καὶ

148 1432 304 1500 ἡμῶν
343 1428 402 1485 δὲ
444 1432 594 1494 ὅστις
633 1432 701 1484 οὐ
732 1433 1002 1501 μαίνεται,
1041 1434 1192 1503 νόμῳ
1228 1435 1234 1497 Ι
1271 1431 1562 1484 δουλεύειν
1593 1431 1723 1500 ὀμο-
1753 1443 1795 1486 R
1817 1442 1937 1486 1174

150 1524 325 1589 λογεῖ,
387 1520 417 1574 ὁ
467 1517 528 1573 δὲ
580 1521 972 1590 ἀποσειόμενος
1016 1522 1117 1590 τὴν
1163 1522 1424 1574 δουλείαν
1469 1521 1643 1582 εὐθύς
1692 1518 1845 1573 ἐστιν
1870 1540 1912 1573 15

150 1607 212 1662 ἐν
266 1611 437 1680 ζημίᾳ.
522 1609 608 1662 35.
670 1613 947 1679 καλοῦμεν
1001 1606 1062 1662 δὲ
1116 1619 1228 1663 τῶν
1281 1610 1382 1676 μὲν
1436 1610 1657 1662 δούλων
1706 1609 1846 1677 ἡμᾶς

150 1698 350 1761 αὐτοὺς
398 1700 689 1766 δεσπότας,
740 1701 870 1761 τοὺς
918 1695 979 1751 δὲ
1017 1698 1173 1767 ἡμῶν
1212 1698 1398 1751 αὐτῶν
1445 1699 1712 1760 δεσπότας
1750 1698 1845 1766 ἄρ-

150 1806 345 1856 χοντας
398 1787 857 1855 ὑποκοριζόμενοι
910 1789 1013 1856 τὴν
1059 1787 1307 1856 ἀνάγκην
1354 1788 1580 1859 εὐφήμῳ
1634 1786 1846 1855 ῥήματι.

151 1876 204 1928 οἱ
252 1872 313 1928 δὲ
358 1874 449 1928 καὶ
497 1878 778 1945 παίουσιν,
833 1878 880 1929 εἰ
928 1878 1131 1930 τούτου
1180 1876 1322 1944 δέοι,
1372 1876 1463 1929 καὶ
1502 1873 1726 1945 ἔδησαν,
1776 1875 1848 1944 ἣν

149 1966 310 2030 μείζω
350 1963 643 2034 ἀδικῶμεν,
682 1963 772 2017 καὶ
813 1963 1072 2033 ἐξέβαλον
1110 1973 1219 2019 νῦν
1256 1962 1358 2032 μὲν
1390 1965 1599 2033 οὐσίας,
1638 1972 1746 2017 νῦν
1782 1961 1843 2016 δὲ

150 2053 429 2122 πατρίδος,
469 2052 560 2106 καὶ
601 2052 943 2125 ἀπέκτειναν,
982 2055 1137 2123 ἡμῶν
1177 2051 1238 2107 δὲ
1269 2055 1370 2107 τὸν
1401 2053 1619 2122 οἰκέτην
1654 2051 1846 2106 οὐδενὶ

151 2140 374 2204 ἔξεστιν.
452 2143 500 2195 εἰ
556 2143 618 2196 δὲ
670 2144 801 2205 τοὺς
854 2144 926 2211 μὴ
984 2143 1317 2206 ἀδικοῦντας
1370 2139 1538 2196 οὐδὲν
1588 2150 1847 2195 τοιοῦτον

152 2230 378 2299 δρῶσιν,
426 2230 560 2283 οὐδὲ
598 2231 754 2299 ἡμεῖς
791 2233 921 2294 τοὺς
958 2233 1229 2300 χρηστοὺς
1267 2240 1378 2284 τῶν
1418 2232 1646 2284 οἰκετῶν
1685 2231 1846 2283 κολά-

271 2409 297 2448 8
327 2405 523 2449 Philem.
549 2406 577 2449 l.
595 2406 625 2449 l.
651 2422 690 2450 v.
711 2412 736 2450 2
862 2411 915 2450 18
947 2406 1140 2451 Aristid.
1168 2420 1231 2450 or.
1251 2410 1307 2450 45
1331 2408 1364 2449 t.
1383 2406 1425 2448 Π
1451 2410 1549 2458 151,
1569 2409 1623 2448 23
1644 2404 1684 2446 D

274 2567 296 2603 1
332 2560 548 2618 φάσκειν]
582 2560 687 2616 ἤτοι
719 2560 871 2617 φάσκε
901 2561 968 2606 V²
1000 2562 1057 2605 cf.
1092 2562 1153 2605 ad
1184 2561 1257 2604 t.1
1279 2566 1444 2617 p.142‚
1465 2565 1519 2603 16
1554 2562 1601 2603 et
1632 2563 1732 2614 291,
1751 2563 1810 2602 20

273 2720 298 2759 2
333 2712 378 2758 δ’
407 2715 475 2759 Re
654 2720 678 2758 3
711 2723 803 2760 τῶν
835 2723 993 2760 κακῶν
1023 2716 1220 2760 τουτωνὶ
1245 2717 1356 2760 ΒΜ
1533 2719 1558 2757 6
1590 2714 1651 2771 μὴ
1683 2714 1786 2757 Mor

155 2778 179 2817 7
213 2771 258 2818 δ’
286 2774 355 2817 Re
477 2779 503 2818 8
533 2789 718 2819 versum
751 2774 1019 2820 comoediae
1050 2775 1181 2831 ἡμεῖς
1213 2771 1367 2834 (ἄρ’)
1399 2773 1694 2832 ἡνιοχοῦμεν,
1726 2772 1849 2829 ἡμᾶς

154 2830 200 2878 δ’
229 2832 274 2877 οἱ
305 2831 441 2889 νόμοι
480 2834 694 2890 agnoseit
725 2833 928 2877 Kockius
961 2834 1039 2877 1.1.
1069 2840 1181 2878 1516
1386 2837 1411 2876 9
1459 2833 1542 2890 μὲν
1581 2847 1655 2876 om
1680 2833 1791 2876 ΒΜ

156 2896 211 2936 13
242 2892 288 2936 οἱ
316 2890 526 2947 Ἰλλυριοὶ
557 2893 660 2937 Mor
796 2897 850 2935 15
881 2893 1055 2950 ταύτην
1086 2893 1170 2949 τὴν
1204 2892 1308 2936 coni
1331 2892 1402 2936 Re
1531 2896 1583 2935 17
1619 2892 1772 2935 αὐτῶν
1804 2892 1853 2935 Ρ

157 2951 239 2994 sed
272 2969 306 2995 ω
339 2951 388 2994 in
411 2965 486 2995 ras
509 2951 579 2995 m²
