2060 3162
671 130 898 175 LIBANH
928 129 1151 176 ORATIO
1183 130 1331 177 XVIII
1716 132 1826 185 233

905 278 933 309 a

6 864 18 871 ’
497 587 1218 1223 >A
1260 817 1650 1211 *fl

1627 1165 1668 1210 U

246 1377 296 1426 A
330 1377 461 1440 quod
498 1380 550 1426 in
588 1380 803 1426 maxima
839 1381 982 1441 parte
1018 1379 1255 1426 orationis
1295 1378 1615 1438 desideratur,
1655 1377 1821 1425 dolen-

138 1451 254 1499 dum
287 1455 374 1501 est.
434 1453 470 1500 Ι
492 1455 541 1501 et
562 1454 631 1501 M
658 1453 721 1501 ad
750 1452 882 1501 idem
913 1453 1159 1515 exemplar
1189 1452 1361 1512 redire,
1401 1452 1531 1513 quod
1564 1467 1620 1499 ex
1652 1452 1822 1499 eodem

140 1541 235 1587 quo
267 1526 349 1574 La
378 1527 522 1574 fluxit
552 1527 703 1588 fonte,
734 1527 902 1589 palam
934 1526 990 1574 fit
1018 1541 1256 1574 consensu
1280 1528 1525 1573 certarum
1553 1541 1820 1587 pravarum

137 1600 425 1662 lectionum,
462 1603 520 1648 ut
557 1600 704 1668 μοίρᾳ
741 1617 831 1662 pro
873 1597 1001 1665 μέρει
1039 1617 1085 1661 p.
1121 1601 1241 1661 244,
1263 1602 1308 1659 7,
1353 1598 1566 1663 κατάσχῃ
1612 1615 1702 1661 pro
1742 1616 1820 1663 με·

140 1671 287 1737 τάσχη
320 1691 367 1735 p.
395 1675 515 1735 257,
543 1675 627 1734 20,
657 1673 894 1739 πρότερον
924 1689 1014 1735 pro
1045 1672 1251 1738 πότερον
1281 1690 1327 1735 p.
1357 1674 1476 1734 264,
1504 1675 1550 1734 5,
1589 1671 1822 1738 λεγόμενα

137 1762 226 1808 pro
266 1746 510 1811 τιμώμενα
547 1764 594 1809 p.
622 1749 743 1808 581,
770 1750 834 1795 21
856 1748 921 1808 R,
959 1748 1037 1795 vel
1074 1763 1251 1795 vocum
1292 1748 1595 1808 omissarum,
1639 1748 1698 1794 ut
1737 1744 1822 1795 καὶ

137 1837 182 1882 p.
200 1821 320 1881 260,
337 1823 420 1881 17,
450 1813 515 1884 ἦν
537 1838 583 1883 p.
604 1822 724 1882 575,
742 1822 774 1869 8
793 1822 849 1882 R,
882 1818 970 1884 μὲν
993 1838 1039 1883 p.
1060 1822 1181 1882 578,
1196 1822 1244 1882 8,
1275 1818 1338 1869 ἂν
1360 1822 1545 1883 p.593,
1563 1823 1644 1869 13.
1699 1819 1820 1868 Cum

137 1895 175 1940 I
220 1895 371 1942 etiam
420 1895 708 1957 plerumque
757 1896 881 1943 facit
930 1895 1080 1944 codex
1128 1895 1320 1943 Athous
1367 1894 1662 1957 Batopaedii
1714 1895 1818 1943 367

140 1962 233 2034 (=
259 1962 387 2035 Ba):
434 1970 521 2031 qui
568 1985 870 2031 quamquam
915 1969 1038 2016 mihi
1083 1969 1260 2033 dignus
1299 1971 1432 2017 visus
1479 1984 1577 2017 non
1622 1971 1697 2016 est
1736 1971 1820 2030 qui

135 2041 327 2105 integer
362 2044 416 2089 in
448 2046 743 2105 apparatum
774 2044 1000 2091 criticum
1030 2044 1343 2105 reciperetur,
1380 2045 1547 2091 tamen
1585 2043 1821 2091 lectiones

135 2116 478 2165 memorabiles
529 2118 589 2165 ab
641 2133 696 2166 eo
735 2132 835 2165 non
881 2117 1074 2166 exclusi.
1152 2117 1356 2166 Prorsus
1404 2117 1464 2165 ab
1510 2117 1602 2165 hoc
1653 2117 1820 2166 abesse

136 2192 342 2250 possunt
380 2190 568 2239 codices
610 2187 896 2255 ‘eclogarii'.

247 2263 599 2326 Eloquentiam
638 2281 787 2328 quam
824 2265 1060 2313 Libanius
1098 2267 1152 2312 in
1189 2265 1280 2312 hac
1327 2266 1547 2312 oratione
1587 2263 1823 2325 exhibuit,

136 2337 316 2386 multos
357 2339 553 2400 quidem
584 2339 807 2388 allexisse
847 2339 963 2400 dixi,
1002 2339 1085 2387 sed
1116 2339 1299 2386 Iuliani
1337 2353 1546 2401 persona
1582 2340 1635 2386 in
1671 2353 1820 2387 causa

137 2409 248 2471 fuit,
286 2414 344 2458 ut
372 2413 519 2474 pauci
556 2413 690 2462 locos
720 2413 982 2460 laudarent
1014 2414 1398 2474 excerperentve.
1468 2411 1644 2474 Itaque
1682 2412 1821 2459 nulla

138 2487 252 2532 sunt
288 2487 575 2534 testimonia
614 2489 870 2535 auctorum
908 2486 1281 2550 florilegiorum,
1319 2487 1621 2548 paucissima
1658 2501 1820 2548 gram-

138 2559 452 2620 maticorum,
489 2562 547 2607 ut
586 2560 800 2608 Thomae
837 2560 1087 2623 Magistri,
1126 2560 1206 2609 vel
1244 2559 1619 2609 scholiastarum
1656 2574 1821 2607 recen·

138 2631 322 2679 tiorum
345 2635 401 2680 ut
426 2633 643 2681 codicum
670 2634 924 2695 Euripidis
939 2633 1191 2682 Leidensis
1224 2637 1273 2682 et
1287 2633 1734 2682 Wolfenbuttelani
1759 2633 1821 2680 ad

141 2702 322 2754 Phoen.
343 2708 463 2754 290.
526 2706 710 2756 Contra
739 2708 886 2755 multi
916 2723 1026 2756 cum
1057 2708 1255 2771 singula
1285 2710 1391 2756 tum
1422 2707 1681 2765 univerum
1710 2722 1819 2754 con-

141 2777 305 2825 silium
345 2780 476 2841 quod
507 2780 688 2827 Iuliani
729 2780 999 2829 admirator
1036 2784 1228 2829 secutus
1268 2784 1355 2841 est,
1389 2781 1819 2843 impugnaverunt.

140 2848 244 2905 Quo
283 2852 336 2899 in
367 2869 571 2901 numero
602 2854 815 2901 habendi
847 2857 961 2902 sunt
993 2857 1041 2902 et
1073 2858 1295 2903 auctores
1326 2855 1622 2902 scholiorum
1654 2865 1818 2915 super-

140 2925 310 2978 stitum
356 2928 406 2973 et
443 2929 705 2988 scriptores
743 2943 906 2975 rerum
945 2927 1406 2988 ecclesiasticarum,
1445 2930 1501 2975 ut
1542 2926 1819 2976 Socrates
