2060 3162
675 147 902 192 LIBANII
934 147 1157 193 ORATIO
1189 147 1295 192 XIX
1716 149 1822 201 411

140 285 193 337 οἱ
233 282 280 337 δ’
312 283 647 346 ἀπελθόντες
683 290 758 356 τῷ
790 285 967 356 πόθῳ.
1037 285 1319 353 νοσήματα
1351 281 1412 337 δὲ
1446 285 1650 354 ἰατρῶν
1688 285 1823 337 σπά-

138 391 223 425 νει
284 379 424 442 νικᾷ.
501 372 531 426 ὁ
579 371 628 425 δ’
668 371 970 426 ἀποθανὼν
1029 371 1301 444 πατρςόων
1355 372 1634 442 ἐστέρηται
1695 394 1825 442 μνη-

137 461 337 528 μάτων.
415 462 572 527 λιμὸς
633 458 694 513 δὲ
755 460 816 514 ἐν
870 461 938 514 οὐ
993 465 1131 534 λιμῷ
1187 462 1280 514 διὰ
1333 462 1393 514 τὸ
1443 467 1661 530 πλῆθος
1713 471 1826 515 τῶν

139 548 436 618 ἑκασταχοῦ
468 548 812 618 καθημένων.
875 551 1136 619 ἄρχοντες
1169 547 1230 602 δὲ
1262 551 1528 619 ἄχθονται
1568 547 1668 617 μὲν
1706 559 1825 614 ταῖς

138 639 585 707 μεταναστάσεσι,
625 639 869 691 κωλύσαι
908 635 968 692 δὲ
1008 639 1111 692 οὐκ
1151 641 1339 707 ἔχουσι
1373 647 1436 709 τῇ
1468 647 1566 692 τοῦ
1599 638 1825 708 μέλλον-
1871 660 1892 694 5

136 746 229 789 τος
269 726 485 797 ἀγνοίᾳ·
526 727 663 797 πρὸς
702 728 806 797 γὰρ
846 727 946 781 τὸν
983 726 1251 797 τρέμοντα
1288 729 1349 781 τὸ
1389 728 1561 797 μηδὲν
1599 730 1826 782 ἔσεσθαι

139 817 387 885 λυπηρὸν
433 816 535 868 οὐκ
582 814 653 869 ἂν
702 814 1082 884 ἐγγυήσασθαι
1132 817 1410 870 δύναιντο.
1488 819 1602 870 ἔστι
1641 816 1689 870 δ’
1722 813 1826 870 οὗν

137 903 428 974 οὐδέτερος
473 903 572 968 ἔξω
620 906 820 973 φόβου,
874 905 1000 958 οὔτε
1047 904 1076 958 ὁ
1126 905 1309 972 μένων
1350 907 1477 958 οὔτε
1523 905 1552 958 ὁ
1593 908 1825 976 πορευό-

136 1013 316 1060 μενος.
399 991 491 1045 καὶ
544 995 649 1062 γὰρ
705 988 866 1056 οὗτος
926 994 987 1046 τὸ
1039 994 1398 1063 μεμενηκέναι
1451 994 1680 1048 δέδοικε.
1763 996 1824 1048 τὸ

137 1077 242 1134 οὗν
317 1083 518 1152 χρόνον
589 1089 857 1135 τοσοῦτον
928 1082 1174 1154 τοσούτῳ
1248 1082 1599 1151 συνεζηκέναι
1667 1084 1824 1155 φόβςο
1850 1105 1892 1138 10

136 1172 313 1239 πόσην
367 1173 476 1240 ἔχει
522 1171 623 1239 τὴν
669 1171 843 1239 δίκην.
921 1169 1072 1234 ἐλπὶς
1124 1172 1228 1240 γὰρ
1282 1172 1534 1225 θανάτου
1584 1170 1676 1225 καὶ
1725 1179 1824 1225 τοῦ

136 1261 208 1328 μὴ
248 1258 622 1328 γενησομένου
662 1267 756 1328 τῆς
796 1260 928 1313 ἄνευ
960 1261 1294 1329 προσδοκίας
1331 1264 1542 1330 πληγῆς
1580 1260 1826 1329 ἀλγεινό-

136 1367 311 1417 τερον.
378 1347 463 1400 60.
495 1351 720 1411 πολλοῖς
751 1348 998 1401 ἀπόλωλε
1029 1351 1291 1418 χρήματα,
1324 1353 1568 1418 βασιλεῦ,
1600 1353 1826 1412 πολλοῖς

135 1437 471 1506 θεράπαιναι
510 1435 572 1489 ἐν
611 1437 679 1490 οὐ
719 1446 980 1506 φορητοῖς
1019 1437 1301 1506 καμάτοις,
1350 1442 1580 1501 πολλαῖς
1624 1439 1825 1509 μητρά-

137 1539 230 1578 σιν
268 1524 327 1578 ἐκ
365 1534 477 1578 τῶν
523 1526 774 1594 γονάτων
813 1524 1028 1589 ἐξέπεσε
1074 1527 1140 1579 τὰ
1185 1527 1402 1595 παιδία,
1445 1529 1683 1590 πολλοὺς
1729 1529 1823 1580 ἄν-
1849 1548 1890 1581 15

141 1616 275 1685 δρας
313 1616 523 1685 ἥρπασε
564 1620 779 1685 λῃστῶν
815 1616 1052 1683 κύματα,
1098 1614 1296 1668 πολλοὶ
1341 1624 1460 1678 ταῖς
1496 1623 1696 1685 ψυχαῖς
1733 1617 1825 1669 καὶ

136 1705 318 1773 ταφὴν
356 1702 881 1774 προσαφῃρέθησαν.
959 1701 1112 1773 ἑτέρα
1158 1703 1388 1772 γέγονεν
1426 1705 1557 1773 ἡμῖν
1595 1704 1628 1773 ἡ
1667 1707 1824 1769 πόλις

137 1791 170 1860 ἢ
209 1795 270 1845 τό
309 1812 371 1860 γε
411 1791 799 1861 ἀληθέστερον,
840 1792 971 1845 οὐδὲ
1009 1794 1180 1855 πόλις.
1239 1792 1244 1863 Ι
1301 1792 1570 1846 κέκλειται
1609 1794 1710 1860 μὲν
1762 1807 1909 1850 R651

256 1957 283 1995 4
317 1952 372 1996 οι
406 1952 486 1999 t.1
515 1956 723 2009 p.192,5
846 1957 870 1996 9
905 1952 961 1997 οἱ
988 1953 1081 1996 ι11
1108 1954 1419 2010 296,11εᾳ.1ι

259 2091 281 2128 1
331 2084 383 2130 οῖ’
407 2088 441 2130 Ι
490 2088 495 2141 Ι
554 2083 601 2131 δ’
629 2086 698 2129 Re
756 2087 761 2142 Ι
819 2085 984 2129 σπάνει
1024 2086 1189 2142 scripsi
1228 2100 1252 2130 e
1285 2087 1330 2130 P
1372 2087 1452 2130 sed
1485 2103 1525 2131 ει
1558 2099 1613 2130 ex
1645 2104 1690 2130 ιν
1724 2101 1824 2131 corr

138 2144 220 2198 ιη’,
260 2146 304 2190 U
331 2159 435 2188 cum
465 2145 534 2189 Re
564 2145 705 2188 Anim
795 2144 966 2189 σπάνιν
1004 2145 1173 2200 reliqui
1203 2145 1314 2189 libri
1352 2146 1420 2190 Re
1453 2145 1566 2189 Sinn
1657 2145 1825 2199 σπάνις

138 2204 240 2248 Mor
272 2204 361 2248 Sav
392 2204 474 2260 qui
506 2203 678 2248 σπάνιν
711 2205 815 2248 coni
988 2208 1012 2247 3
1044 2205 1202 2260 λοιμὸς
1233 2207 1280 2249 et
1310 2207 1452 2264 λοιμῷ
1472 2207 1515 2249 V
1565 2209 1570 2263 Ι
1621 2202 1668 2249 δ’
1696 2206 1764 2250 Re

139 2267 165 2307 5
197 2262 495 2319 μεταστάσεσι
521 2264 591 2319 V}
618 2278 731 2306 num
762 2265 962 2308 κωλῦσαι
994 2266 1047 2308 ut
1078 2266 1110 2308 I
1118 2269 1138 2307 ?
1171 2263 1227 2308 cf.
1254 2264 1316 2307 ad
1346 2267 1378 2308 t.
1403 2264 1425 2308 I
1450 2269 1549 2320 272,
1568 2269 1592 2308 5
1621 2266 1627 2322 Ι
1656 2264 1707 2309 δὲ
1739 2265 1823 2309 οὐκ

141 2366 296 2424 ἔχουσι
327 2366 377 2409 in
400 2379 533 2424 marg
555 2367 590 2410 I
611 2370 616 2424 Ι
645 2364 691 2412 δ’
712 2366 780 2411 Re
903 2372 926 2409 7
954 2340 1273 2424 §yyvoifoaovm
1296 2369 1331 2411 I
1386 2367 1507 2412 ἔστιν
1531 2369 1566 2411 Ι
1587 2370 1592 2423 Ι
1621 2365 1668 2411 δ’
1696 2380 1772 2411 om
1795 2369 1830 2411 Ι

143 2425 153 2492 Ι
184 2422 268 2469 οὖν
300 2441 375 2470 om
409 2427 557 2470 VBad
705 2429 731 2468 8
769 2423 872 2470 οὐδ’
902 2424 1053 2480 ἕτερος
1076 2427 1170 2470 ΑΡ
1317 2431 1341 2470 9
1382 2441 1493 2470 num
1523 2430 1585 2486 τῷ
1611 2427 1701 2483 My?
1762 2427 1822 2484 μὴ

139 2485 436 2528 inserendum
468 2486 626 2529 censet
656 2485 724 2528 Re
815 2485 895 2540 qui
926 2487 1169 2541 praeterea
1205 2485 1310 2529 coni
1342 2482 1477 2536 οὗτος
1506 2486 1557 2529 τὸ
1590 2486 1822 2543 ἀποδεδη-

139 2542 337 2600 μηκέναι
375 2542 465 2599 (vel
494 2546 846 2601 πεπορεῦσθαι),
890 2543 1106 2605 κᾴκεῖνος
1143 2544 1195 2588 τὸ
1235 2543 1541 2601 μεμενηκέναι
1581 2543 1763 2590 δέδοικε

142 2606 196 2645 10
232 2609 346 2660 γοῦν
378 2603 487 2646 Bad
518 2602 620 2646 Mor
661 2605 666 2658 Ι
708 2602 858 2660 χρόνω
889 2604 1090 2648 τοσούτω
1124 2605 1233 2648 Bad
1275 2606 1280 2659 Ι
1318 2603 1520 2662 τοσούτῳ
1551 2617 1627 2647 om
1658 2603 1766 2647 Flor

142 2665 196 2704 12
229 2664 405 2719 πληγῆς
436 2662 484 2704 in
508 2674 582 2704 ras
610 2665 663 2704 12
695 2661 775 2705 litt
796 2661 855 2705 1²
1036 2667 1088 2706 13
1128 2665 1314 2714 πολλοῖς
1345 2663 1427 2720 (2)]
1458 2663 1624 2706 πολλαὶ
1656 2664 1765 2707 Bad

144 2724 198 2763 15
231 2719 444 2773 ἐξέπεσον
479 2720 804 2765 ΟΑΡΠΤΒΜ
831 2722 878 2765 eb
909 2739 963 2778 γρ
989 2721 1090 2765 Mor
1114 2720 1202 2765 Sav
1365 2726 1419 2764 15
1451 2722 1647 2772 πολλοὺς
1678 2748 1733 2754 -—-
1768 2726 1821 2765 16

140 2779 323 2834 κύματα
356 2780 472 2823 citat
493 2778 611 2821 Plan
642 2778 849 2823 fol.103v
1002 2785 1054 2823 16
1086 2783 1260 2836 ληστῶν
1286 2781 1404 2824 ΡΙΒ
1431 2781 1438 2837 Ι
1466 2780 1550 2823 σὺν
1583 2782 1691 2824 ante
1721 2788 1824 2831 ταῖς

141 2838 183 2892 Ι,
214 2837 411 2882 fortasse
441 2839 566 2882 recte
747 2842 801 2882 18
847 2835 895 2896 ἢ]
928 2840 1008 2883 καὶ
1040 2839 1147 2882 Flor
1203 2841 1208 2896 Ι
1266 2837 1579 2895 ἀληθέστερον
1618 2839 1765 2884 εἰπεῖν
1796 2841 1831 2882 Ι

170 2900 257 2997 f18
306 2899 353 2940 et
382 2913 426 2954 p.
453 2901 552 2953 412,
573 2901 595 2939 1
629 2895 883 2941 κέκλεισται
915 2899 1133 2952 ΙΒαάΜ,
1174 2912 1199 2942 e
1231 2896 1455 2942 κέκλειται
1488 2912 1589 2942 corr
1622 2898 1693 2954 0⁸,
1733 2897 1823 2941 edd

143 2968 200 2998 c.
233 2960 477 3011 p.343‚12
