2060 3162
203 663 222 695 5

180 1107 224 1138 10

180 1549 221 1581 15

182 1993 224 2024 20

245 154 354 205 412
774 152 1003 196 LIBANH
1033 151 1257 197 ORATIO
1288 152 1394 196 XIX

245 288 487 358 θέατρον
532 287 734 355 ἐκεῖνο,
788 286 1056 340 κέκλειται
1102 284 1164 340 δὲ
1215 288 1567 359 ἱππόδρομος.
1644 287 1711 341 οὐ
1758 290 1931 357 κόρην

247 378 431 444 ἄγεται
471 378 736 444 νυμφίος,
777 376 844 428 οὐ
884 377 1048 446 δᾷδες
1087 377 1350 430 ἅπτονται
1388 377 1604 445 γάμοις,
1656 377 1757 446 οὐχ
1802 377 1932 446 ὑμέ-

245 485 399 527 ναιος
431 463 634 535 ᾄδεται.
696 463 934 533 ἐξῆλθον
962 463 1122 518 αὐλοὶ
1146 465 1362 533 πάντες,
1394 463 1631 534 ἐξῆλθον
1655 467 1931 535 σύριγγες,

246 552 482 622 ἐξῆλθον
529 552 753 624 ᾄσματα.
831 554 899 606 οὐ
946 563 1198 623 σκῶμμα,
1249 554 1351 606 οὐκ
1397 553 1632 623 ἀστεῖον,
1687 555 1754 607 οὐ
1794 568 1928 621 συμ-

245 644 459 696 πόσιον.
523 639 690 696 οὐδὲν
729 642 912 704 ἁπλῶς
946 651 1058 696 τῶν
1088 642 1297 710 ἡδονὴν
1328 644 1617 713 φερόντων
1646 642 1736 696 καὶ
1770 644 1932 713 χάριν

247 732 359 783 ἴδοι
397 750 479 793 τις
526 730 595 784 ἂν
641 729 702 784 ἐν
749 731 900 801 αὐτῆ.
978 731 1062 783 61.
1117 730 1509 784 καταλέλυνται
1555 729 1656 800 μὲν
1702 733 1757 784 αἱ
1805 734 1931 801 περὶ

245 822 375 881 τοὺς
421 821 623 887 λόγους
677 820 980 889 διατριβαί,
1034 819 1429 873 καταλέλυνται
1482 820 1543 873 δὲ
1589 821 1645 873 αἱ
1691 819 1817 890 περὶ
1863 822 1931 874 τὰ

245 908 531 977 γράμματα
571 909 933 962 διδασκαλίαι.
1012 908 1258 961 διδάσκει
1306 905 1367 961 δὲ
1405 907 1590 971 οὐδεὶς
1628 908 1758 962 οὐδὲ
1795 930 1931 976 μαν-

245 997 423 1050 θάνει.
499 998 820 1050 νοσούντων
858 994 959 1066 μὲν
998 998 1030 1066 ἡ
1069 999 1228 1067 χρόα,
1276 997 1377 1050 οὐκ
1424 996 1750 1066 ἐρρωμένων
1796 995 1857 1050 δὲ
1896 998 1931 1066 ἡ

247 1088 431 1154 φωνή,
478 1085 910 1154 πεπλανημένων
949 1083 1008 1139 δὲ
1047 1085 1080 1153 ἡ
1119 1087 1333 1154 γνώμη,
1383 1088 1479 1138 καί
1520 1105 1602 1148 τις
1647 1084 1727 1138 ἐπ’
1760 1087 1932 1140 ἄλλον

247 1173 488 1242 ὁρμήσας
527 1176 696 1242 λόγον
736 1173 816 1226 ἐπ’
848 1175 1021 1227 ἄλλον
1060 1174 1359 1243 ἀπηνέχθη.

357 1263 440 1315 62.
507 1257 674 1329 Οἶμαι
722 1263 782 1316 δὲ
831 1261 921 1316 καὶ
967 1264 1066 1316 τὸν
1115 1264 1253 1316 θεὸν
1303 1263 1625 1332 βοηθοῦντά
1669 1283 1777 1330 μου
1815 1273 1932 1326 τοῖς

245 1353 432 1419 λόγοις
484 1353 639 1420 ἄγειν
692 1350 780 1404 ἐπὶ
835 1353 935 1420 τὴν
983 1350 1257 1420 Ῥωμαίων
1313 1360 1416 1420 γῆν
1472 1353 1751 1421 Περσικὴν
1804 1370 1932 1422 πρε-

247 1441 452 1506 σβείαν.
530 1440 596 1492 οὐ
636 1441 739 1510 γὰρ
780 1439 850 1493 ἂν
889 1442 1004 1509 ἔχοι
1041 1444 1220 1503 καλῶς
1275 1441 1416 1493 ἰδεῖν
1470 1439 1715 1503 ἐκείνους
1767 1443 1933 1494 πόλιν

246 1529 347 1596 τὴν
393 1529 574 1596 <τῶν>
627 1529 764 1596 πρὸς
809 1527 879 1582 ἕω
927 1531 1190 1598 μεγίστην
1244 1527 1306 1582 ἐν
1359 1532 1505 1596 μίσει
1554 1549 1612 1582 τε
1664 1536 1739 1601 τῷ
1784 1531 1933 1599 παρὰ

247 1624 348 1670 σοῦ
395 1618 486 1670 καὶ
531 1618 824 1670 κολάσεσιν
871 1619 1140 1686 αἰσχύνην
1185 1617 1439 1686 ἐχούσαις
1487 1624 1563 1689 τῷ
1605 1620 1788 1689 τρόπω
1837 1626 1932 1687 τῆς

245 1707 466 1768 πόλεως.
551 1709 781 1776 νομίσας
830 1703 933 1760 οὖν
978 1707 1116 1774 μηδὲ
1168 1714 1341 1759 ταῦτα
1390 1705 1545 1759 ἀθεεὶ
1596 1713 1933 1774 γεγενῆσθαι

246 1796 444 1862 γίγνου
484 1801 658 1865 πρᾷος
702 1793 793 1847 καὶ
830 1796 902 1863 μὴ
945 1797 1206 1865 στερήσῃς
1251 1796 1352 1863 τὴν
1389 1794 1657 1864 ἡμετέραν
1696 1790 1775 1848 ὧν
1815 1799 1933 1848 Πα-

247 1885 547 1950 φλαγόνων
601 1884 711 1936 τισὶ
764 1883 1139 1952 μεταδέδωκας
1195 1883 1403 1952 ὀλίγοις
1468 1883 1662 1952 ὀλίγην
1715 1886 1931 1937 οἰκοῦσι

249 1973 431 2038 πόλιν,
481 1972 514 2039 ἣ
555 1971 646 2024 καὶ
686 1977 865 2040 φυλῆς
910 1980 1035 2038 μιᾶς
1071 1982 1183 2025 τῶν
1231 1972 1597 2025 ὀκτωκαίδεκα
1640 1982 1751 2025 τῶν
1796 1971 1921 2042 παρ’

247 2058 380 2126 ἡμῖν
418 2062 670 2112 λείπεται,

360 2147 444 2199 63.
496 2151 702 2216 Καλόν,
740 2150 925 2216 καλόν,
973 2146 1015 2202 ὦ
1055 2152 1308 2217 βασιλεῦ,
1358 2148 1450 2201 καὶ
1490 2146 1549 2201 σε
1588 2149 1802 2211 τούτοις
1843 2163 1928 2201 σε-

248 2235 560 2304 μνύνεσθαι
606 2237 697 2289 καὶ
742 2238 941 2299 παῖδας
987 2240 1118 2300 σοὺς
1157 2235 1247 2290 καὶ
1294 2245 1464 2290 ταῦτα
1505 2239 1823 2305 φιλοτιμίαν
1872 2256 1930 2289 τε

366 2372 393 2410 4
439 2368 524 2411 οὐκ
556 2368 760 2425 ἀστεῖον]
795 2373 905 2422 „aut
935 2368 1052 2412 deest
1084 2367 1193 2417 ἔπος
1222 2369 1290 2411 vel
1321 2365 1441 2424 ῥ’ῆμα
1474 2373 1556 2411 aut
1586 2367 1671 2411 οὐκ
1701 2382 1799 2411 una
1829 2381 1930 2411 cum

248 2432 461 2470 commate
491 2432 556 2471 est
585 2427 835 2480 delendum,
867 2432 920 2470 ut
948 2428 1008 2470 sit
1040 2427 1094 2470 οὐ
1127 2433 1315 2482 σκῶμμα
1349 2427 1561 2471 ἀστεῖον“
1593 2426 1661 2470 Re
1803 2430 1829 2469 6
1861 2422 1931 2475 τίς

249 2484 310 2527 Μ
333 2487 340 2540 Ι
369 2482 428 2528 ἂν
452 2485 626 2528 inserui
651 2498 675 2529 e
701 2486 775 2529 VI
781 2484 797 2509 ²
858 2500 933 2528 om
962 2485 1131 2541 reliqui
1163 2485 1271 2528 libri
1303 2485 1394 2529 edd
1531 2490 1553 2528 7
1587 2485 1695 2535 τοὺς
1717 2485 1931 2528 IPaBad

248 2544 296 2586 et
318 2543 442 2587 inser
458 2544 525 2587 Re
587 2559 662 2588 om
685 2543 854 2599 reliqui
878 2543 989 2587 libri
1005 2544 1108 2587 Mor
1227 2549 1251 2587 9
1283 2543 1417 2601 χροιά
1444 2545 1487 2588 V
1602 2549 1656 2587 13
1690 2544 1773 2587 οὐκ
1797 2543 1929 2598 ἄγειν

248 2603 359 2647 ΒΜ
397 2605 402 2659 Ι
437 2603 672 2659 Περσικὴν
703 2603 828 2646 inser
855 2603 912 2648 0⁸
945 2605 951 2658 Ι
986 2601 1231 2660 πρεσβείας
1260 2603 1368 2646 Flor
1490 2607 1544 2646 14
1577 2600 1779 2652 ἐκείνους
1810 2601 1929 2646 ἰδεῖν

254 2662 295 2704 Τ
418 2666 471 2704 15
503 2662 586 2717 τὴν
620 2661 696 2706 del
718 2663 786 2706 Re
825 2663 831 2718 Ι
868 2668 960 2706 τῶν
991 2662 1165 2705 inserui
1197 2676 1300 2705 cum
1331 2662 1399 2706 Re
1427 2664 1432 2717 Ι
1459 2662 1543 2718 τὴν
1575 2663 1682 2705 ante
1713 2658 1929 2716 μεγίστην

248 2721 358 2763 Bad
381 2722 428 2762 eb
451 2720 575 2764 inser
590 2721 648 2765 1²
665 2721 756 2765 edd
783 2723 788 2777 Ι
815 2736 863 2764 τε
888 2734 963 2764 om
980 2722 1091 2764 ΒΜ
1146 2722 1270 2764 inser
1285 2721 1343 2764 1²
1458 2726 1510 2764 16
1536 2738 1590 2778 γρ
1610 2721 1804 2777 ἔχουσαν
1828 2719 1929 2762 Mor

248 2780 296 2822 et
327 2779 431 2822 coni
465 2779 551 2822 Sav
608 2782 613 2835 Ι
670 2787 761 2823 τῶν
791 2777 975 2835 τρόπων
1006 2780 1147 2823 ΙΒΜ
1323 2784 1377 2823 17
1410 2778 1600 2836 νόμισον
1631 2780 1671 2822 Τ
1723 2780 1727 2834 Ι
1785 2778 1844 2834 μὴ
1877 2778 1928 2822 δὲ

247 2838 679 2882 APVIBadTBM
857 2842 909 2881 18
942 2846 1090 2893 πρᾶος
1113 2840 1298 2883 ΡΙΒΜ
1475 2843 1526 2881 19
1558 2839 1650 2882 τισὶ
1680 2837 1803 2880 inser
1826 2837 1884 2880 12
1919 2838 1922 2892 ξ

247 2895 507 2951 μετέδωκας
532 2899 594 2941 Μ
732 2902 787 2940 22
819 2894 962 2942 καλόν
995 2910 1069 2940 om
1093 2899 1203 2943 Bad
1226 2898 1327 2940 Mor
1485 2902 1540 2940 23
1571 2897 1680 2946 τοὺς
1711 2896 1820 2946 σοὺς
1850 2896 1891 2939 Τ
1919 2895 1925 2953 Ι

247 2971 294 2999 τε
327 2969 402 2999 om
427 2957 536 2999 Bad
