2060 3162
202 142 313 194 248
698 141 926 185 LIBANII
958 139 1182 185 ORATIO
1213 141 1363 185 XVIII

200 279 306 347 γὰρ
355 273 417 330 εὗ
473 275 563 330 καὶ
610 281 787 340 καλῶς
838 275 1100 346 ἐκράτησε
1149 284 1245 345 τῆς
1295 278 1535 345 γλώττης
1585 275 1676 330 καὶ
1726 285 1897 331 ταῦτα

199 376 313 419 τῶν
350 367 789 435 περιεστηκότων
827 365 1073 435 ἀνιαρῶν
1113 365 1179 418 οὐ
1221 366 1441 436 σφόδρα
1476 365 1897 435 ἐπιτρεπόντων,

200 456 341 508 ὥστε
380 452 645 525 ἐνέφραξε
684 461 749 523 τῇ
787 455 1047 524 καρτερίᾳ
1086 462 1200 516 τοῖς
1237 455 1635 524 πονηροτάτοις
1673 455 1740 506 τὰ
1775 456 1897 507 στό-

199 564 357 613 ματα.
434 543 521 595 27.
577 543 643 595 οὐ
683 544 794 611 μὴν
841 539 972 595 οὐδὲ
1018 549 1190 594 ταῦτα
1235 544 1389 611 ἤρκει
1435 543 1573 612 πρὸς
1623 545 1898 613 σωτηρίαν

157 656 177 689 5
203 632 337 685 οὐδὲ
386 632 508 700 ἵστη
556 638 631 703 τῷ
671 631 848 700 μάτην
902 629 1239 702 θυμουμένῳ
1290 632 1392 699 τὴν
1439 631 1630 700 ὀργήν,
1684 632 1784 684 τὸν
1837 628 1899 684 δὲ

200 717 315 774 εἶδε
353 721 587 789 Κάδμου
627 720 883 790 θυγάτηρ
916 718 1038 772 Ἰνὼ
1078 721 1486 788 χειμαζόμενον,
1526 721 1559 788 ἡ
1599 722 1899 772 Κωνσταν-

200 812 324 862 τίου
365 812 533 878 γυνή,
587 809 676 862 καὶ
716 809 816 862 τὸν
854 805 956 877 μὲν
1002 807 1221 877 ἠλέησε,
1275 809 1374 860 τὸν
1421 805 1483 860 δὲ
1530 807 1759 877 ἐμάλαξε
1807 807 1897 861 καὶ

203 902 435 961 πολλαῖς
473 905 592 960 ταῖς
632 898 862 959 ἱκεσίαις
893 898 1111 950 ἔπεισεν
1142 895 1353 967 ἐρῶντα
1386 904 1482 966 τῆς
1505 896 1768 960 Ἑλλάδος
1806 895 1898 950 καὶ

199 988 436 1054 μάλιστα
476 987 544 1055 δὴ
580 993 681 1038 τοῦ
713 993 808 1053 τῆς
834 983 1096 1048 Ἑλλάδος
1129 985 1448 1055 ὀφθαλμοῦ,
1488 994 1599 1039 τῶν
1627 985 1897 1054 Ἀθηνῶν,

135 1098 179 1131 10
204 1077 282 1138 εἰς
338 1083 444 1144 γῆν
506 1074 786 1145 ἐρωμένην
838 1072 1061 1142 πέμψαι.
1146 1074 1232 1126 28.
1294 1082 1458 1127 τοῦτο
1514 1076 1710 1127 τοίνυν
1764 1074 1896 1126 αὐτὸ

201 1173 318 1226 πῶς
358 1163 460 1216 οὐκ
499 1163 737 1232 ἀτεχνῶς
774 1170 954 1232 ψυχῆς
993 1161 1052 1216 ἐκ
1091 1168 1244 1215 θεῶν
1284 1162 1591 1232 ἀφιγμένης
1635 1163 1697 1215 τὸ
1738 1182 1900 1215 κατα-

202 1253 406 1306 στάντα
454 1253 531 1314 εἰς
578 1252 791 1320 αἵρεσιν
838 1253 1043 1321 χωρίου
1093 1253 1226 1320 μήτε
1279 1254 1469 1320 κη’πων
1522 1254 1654 1320 μήτε
1708 1252 1901 1304 οἰκιῶν

202 1343 333 1409 μήτε
374 1340 561 1393 αὐλῶν
609 1342 743 1407 μήτε
788 1349 900 1392 τῶν
951 1338 1033 1392 ἐπ’
1065 1341 1337 1407 αἰγιαλοῖς
1388 1340 1575 1409 ἀγρῶν
1624 1342 1757 1409 μήτε
1806 1347 1901 1406 τῆς

202 1429 308 1482 ἀπὸ
350 1438 462 1482 τῶν
493 1430 677 1481 ἄλλων
709 1430 888 1482 ὄντων
921 1429 1023 1481 οὐκ
1059 1427 1264 1496 ὀλίγων
1295 1428 1638 1497 ἐπιθυμῆσαι
1669 1436 1900 1497 τρυφῆς,

136 1539 180 1572 15
207 1517 240 1570 ἃ
294 1517 474 1571 πάντα
526 1513 597 1585 ἦν
651 1516 740 1569 ἐπὶ
793 1525 888 1586 τῆς
937 1515 1146 1579 Ἰωνίας
1199 1518 1366 1589 αὐτῷ,
1429 1516 1548 1570 ἀλλ’
1585 1516 1900 1585 ἡγήσασθαι

206 1607 374 1676 μικρὰ
404 1607 470 1658 τὰ
503 1607 777 1658 δοκοῦντα
806 1605 1026 1674 μεγάλα.
1047 1606 1185 1674 πρὸς
1216 1607 1317 1674 τὴν
1348 1613 1444 1673 τῆς
1465 1603 1698 1673 Ἀθηνᾶς
1720 1607 1899 1672 πόλιν,

206 1696 308 1763 τὴν
347 1693 552 1763 μητέρα
586 1694 887 1756 Πλάτωνος
917 1692 1007 1746 καὶ
1033 1693 1439 1763 Δημοσθένους
1478 1693 1568 1746 καὶ
1608 1701 1703 1761 τῆς
1735 1695 1901 1760 ἄλλης

206 1790 301 1851 τῆς
354 1783 688 1844 πολυειδοῦς
742 1784 963 1851 σοφίας;
1026 1782 1110 1835 29.
1173 1783 1292 1850 ἥκει
1344 1783 1447 1851 μὲν
1499 1777 1674 1850 <οὗν>
1728 1780 1900 1834 ἐκεῖσε

138 1892 181 1925 19
205 1870 376 1939 θέων,
428 1872 500 1933 ὡς
538 1872 881 1939 προσθήσων
921 1863 1004 1933 οἷς
1042 1871 1307 1938 ἠπίστατο
1355 1871 1446 1923 καὶ
1497 1871 1849 1932 διδασκάλοις
1891 1867 1896 1939 l

113 1971 265 2014 R532
314 1957 696 2025 ἐντευξόμενος
736 1959 936 2011 δοῦναί
972 1978 1025 2010 τι
1065 1957 1396 2027 δυναμένοις
1442 1954 1521 2011 ὧν
1561 1955 1670 2026 εἶχε
1715 1957 1901 2010 πλέον.

327 2166 352 2204 6
387 2160 470 2204 Od.
498 2176 519 2204 ε
551 2165 636 2203 333
652 2175 717 2215 sq.
859 2165 882 2203 7
914 2160 1080 2204 Iulian.
1107 2175 1169 2204 or.
1195 2161 1258 2203 ΠΙ
1289 2176 1333 2216 p.
1352 2161 1570 2216 118Bsq.
1613 2173 1682 2216 ep.
1711 2160 1772 2203 ad
1804 2173 1897 2203 sen.

205 2220 374 2263 Athen.
409 2235 453 2276 p.
481 2223 565 2262 273
585 2219 638 2262 A.
688 2218 852 2262 Zosim.
878 2219 942 2262 ΙΠ
969 2225 1006 2262 1.
1057 2219 1178 2263 Socr.
1205 2219 1282 2263 1.1.

327 2414 352 2451 2
386 2412 603 2464 σφοδρῶς
627 2408 968 2465 ἐπιτερπόντων
993 2410 1095 2453 Mor
1118 2410 1254 2464 Fabr,
1280 2411 1405 2465 quod
1431 2425 1531 2454 corr
1547 2411 1615 2454 Re
1752 2415 1777 2453 8
1808 2410 1900 2454 ἱκε-

205 2466 351 2518 τείαις
385 2469 428 2511 V
471 2470 476 2526 Ι
521 2469 701 2513 ἔπεισεν
742 2468 907 2524 scripsi
939 2470 1127 2512 auctore
1159 2469 1227 2512 Re
1267 2469 1370 2513 coll.
1406 2469 1527 2513 Socr.
1552 2470 1616 2513 ΙΠ
1643 2474 1663 2512 1
1698 2485 1743 2525 p.
1765 2468 1899 2512 1690

206 2524 405 2570 πείθει
435 2527 519 2571 τὸν
544 2526 734 2585 βασιλέα
759 2526 903 2584 μηδὲν
929 2527 1011 2583 μὲν
1044 2527 1186 2571 αὐτὸν
1219 2531 1390 2584 δρᾶσαι
1414 2528 1575 2582 κακόν,
1608 2535 1901 2585 συγχωρῆσαι

206 2585 257 2629 δὲ
306 2585 383 2629 ἐπὶ
429 2585 511 2635 τὰς
551 2584 755 2640 Ἀθήνας
808 2584 997 2630 ἐλθόντι
1052 2589 1326 2642 φιλοσοφεῖν
1404 2588 1561 2631 ἔλυσεν
1600 2587 1710 2630 libri
1749 2587 1840 2629 edd

208 2648 263 2686 10
313 2643 575 2700 ἐρρωμένην
610 2646 694 2689 Mo
877 2650 930 2687 12
979 2644 1128 2698 αἴρειν
1160 2647 1235 2689 La
1275 2647 1357 2690 sed
1391 2645 1402 2660 '
1442 2648 1489 2689 et
1525 2661 1593 2701 ρει
1632 2645 1681 2687 in
1712 2658 1787 2687 ras
1818 2659 1841 2688 s

210 2707 265 2745 13
312 2709 403 2745 τῶν
452 2717 526 2746 om
559 2703 661 2747 Mor
691 2704 814 2746 Fabr
863 2704 869 2761 Ι
919 2703 1028 2759 μήτε
1067 2709 1148 2759 τῆς
1179 2706 1255 2748 La
1302 2705 1383 2748 sed
1425 2720 1473 2748 τε
1510 2710 1591 2760 τῆς
1632 2704 1682 2746 in
1713 2717 1787 2746 ras
1818 2718 1841 2747 s

209 2766 265 2804 14
312 2761 403 2805 ὑπὸ
444 2762 525 2805 sed
556 2763 688 2805 uncis
728 2762 879 2805 inclus
911 2763 1013 2805 Mor
1062 2764 1067 2818 1
1119 2763 1222 2822 οὐκ]
1255 2778 1330 2807 om
1360 2763 1463 2806 Mor
1555 2762 1686 2817 παρὰ
1717 2761 1841 2804 Fabr

208 2824 262 2862 17
312 2818 484 2875 μητέρα
517 2837 563 2864 τε
595 2821 695 2864 Mor
719 2821 843 2864 Fabr
1031 2825 1083 2864 18
1132 2818 1215 2865 οὖν
1246 2822 1422 2865 inserui
1454 2835 1509 2865 ex
1539 2822 1574 2864 Ι
1581 2821 1662 2863 2M
1681 2822 1748 2877 (et
1769 2819 1899 2877 Par²)

211 2891 399 2922 suasore
431 2879 500 2922 Re
561 2878 647 2935 γὰρ
674 2880 718 2923 V
795 2894 869 2923 om
899 2879 1070 2934 reliqui
1101 2880 1211 2922 libri
1244 2881 1335 2924 edd
1517 2884 1570 2922 19
1603 2882 1730 2923 θεῶν
1756 2879 1839 2922 Mo

215 2941 271 2979 20
303 2936 581 2993 δυναμένοις
611 2940 645 2980 Ι
671 2938 753 2981 sed
783 2937 795 2952 '
830 2940 877 2982 et
909 2955 979 2987 οις
1009 2939 1058 2981 in
1082 2952 1157 2981 ras
1181 2939 1250 2981 m8
