2060 3162
221 126 335 178 262
717 124 946 168 LIBANII
978 123 1201 169 ORATIO
1235 124 1385 170 XVIH

220 260 591 330 μιμησάμενος
637 262 861 328 λόγους,
912 258 941 312 ὁ
987 257 1089 326 μὲν
1135 261 1238 330 γὰρ
1280 256 1432 313 εἶπεν
1472 261 1573 314 οὐκ
1612 256 1755 314 εἶναι
1794 269 1908 323 τοῖς

207 346 433 416 ’Ἕλλησι
481 349 903 417 διαφθαρεισῶν
952 358 1063 401 τῶν
1109 358 1253 402 νεῶν
1298 347 1598 417 ἐπάνοδον,
1647 348 1676 402 ὁ
1718 346 1779 401 δὲ
1817 349 1908 418 ἡτ·

219 442 452 505 τηθεῖσι-
483 438 700 500 τούτοις
753 438 1134 490 κεκλείσεσθαι
1188 438 1284 500 τὰς
1328 439 1512 500 πόλεις
1558 437 1647 491 καὶ
1693 438 1910 506 τροφὴν

221 525 423 577 δώσειν
469 524 689 593 οὐδένα,
743 523 834 577 καὶ
882 523 1117 594 ἐπέθηκε
1165 525 1232 594 δὴ
1279 529 1565 593 τελευτῶν,
1613 526 1685 588 ὡς
1731 527 1779 578 εἰ
1823 524 1908 579 δέ-

177 636 196 667 r>
223 615 412 666 δοκται
476 614 724 682 φεύγειν,
796 614 966 667 αὐτὸν
1028 615 1210 683 δεήσει
1273 616 1589 677 κτείναντας
1649 612 1760 667 τότ’
1804 616 1907 683 ἤδη

222 702 596 773 δραπετεύειν,
636 702 711 765 ὡς
743 703 917 767 ζῶντά
948 722 1010 771 γε
1042 703 1143 755 οὐκ
1175 701 1503 773 ἐπιτρέψειν,
1535 701 1625 756 καὶ
1659 704 1909 756 δείκνυσι

222 791 289 859 δὴ
328 799 440 843 τῶν
478 792 776 861 βαρβάρων
814 793 945 854 τοὺς
983 789 1388 858 ἐλαυνομένους
1425 792 1534 845 ὑπὸ
1570 801 1681 844 τῶν
1712 800 1908 861 τρεψα-

221 877 418 946 μένων.
495 878 582 931 59.
631 880 703 942 ὡς
743 880 805 932 δὲ
843 881 909 932 τὰ
946 876 1049 948 μὲν
1086 882 1350 948 ἤκουσαν,
1396 880 1462 932 τὰ
1501 876 1562 932 δὲ
1602 874 1772 948 εἶδον,
1820 879 1910 933 καὶ

220 968 286 1019 τὰ
325 968 427 1036 μὲν
466 966 846 1039 ᾐσχύνθησαν,
893 977 1009 1031 τοῖς
1049 966 1110 1020 δὲ
1149 969 1423 1037 ἥσθησαν,
1475 968 1815 1037 άνέστρεφόν
1853 988 1911 1021 τε

157 1078 200 1110 10
223 1056 314 1108 καὶ
364 1051 533 1119 αὖθις
583 1055 934 1126 συνέμισγον,
988 1057 1078 1110 καὶ
1128 1058 1188 1110 τὸ
1240 1058 1470 1127 αἰσχρὸν
1520 1055 1765 1125 ἐλέλυτο,
1819 1055 1910 1110 καὶ

222 1152 328 1207 πᾶς
365 1140 436 1212 ἦν
474 1143 535 1198 ἐν
572 1152 648 1218 τῷ
694 1146 937 1199 διώκειν·
991 1146 1129 1198 ὥστε
1168 1146 1257 1199 καὶ
1298 1147 1351 1199 οἱ
1389 1155 1502 1199 τῶν
1552 1148 1912 1216 σκευοφόρων

221 1242 333 1286 τῶν
371 1231 434 1287 ἐν
471 1241 536 1304 τῇ
576 1243 794 1304 κορυφῇ
843 1235 1084 1303 φύλακες
1121 1235 1452 1303 ἠράσθησαν
1501 1244 1614 1288 τῶν
1661 1233 1911 1303 γιγνομέ-

222 1341 339 1374 νων
377 1330 678 1390 μετασχεῖν.
755 1323 828 1385 ὡς
873 1319 934 1375 δὲ
972 1324 1264 1392 ἠπείγοντο
1303 1322 1395 1376 καὶ
1436 1323 1464 1376 ὁ
1507 1324 1709 1392 δρόμος
1748 1324 1913 1391 δῆλος

222 1406 310 1478 ἦν,
343 1408 513 1473 δόξαν
543 1413 800 1474 πλειόνος
832 1412 1116 1479 δυνάμεως
1147 1411 1425 1482 παρέσχον
1451 1421 1566 1474 τοῖς
1597 1413 1912 1483 βαρβάροις,

158 1522 200 1553 15
224 1496 314 1550 καὶ
356 1498 459 1550 οὐκ
497 1494 568 1566 ἧν
607 1498 636 1552 ὁ
675 1499 864 1566 μένειν
895 1498 975 1553 ἔτι
1007 1503 1360 1570 βουλόμενος.
1437 1501 1521 1553 60.
1563 1501 1700 1553 ὥστε
1732 1499 1913 1553 ἐκεκά-

223 1591 396 1639 λυπτο
435 1584 538 1657 μὲν
568 1588 629 1641 τὸ
662 1589 857 1641 πεδίον
890 1589 1314 1658 ὀκτακισχιλίοις
1345 1599 1577 1659 νεκροῖς,
1618 1588 1911 1659 ἐκρύπτετο

225 1672 286 1727 δὲ
326 1675 354 1729 ὁ
388 1675 573 1745 Ῥῆνος
610 1686 725 1739 τοῖς
764 1676 981 1747 ἀπειρίᾳ
1019 1685 1118 1730 τοῦ
1158 1686 1277 1731 νεῖν
1317 1677 1684 1746 άποπνιγεῑσι,
1723 1675 1912 1744 μεσταὶ

225 1761 286 1816 δὲ
339 1760 482 1832 ἦσαν
541 1774 654 1818 τῶν
706 1764 973 1832 κειμένων
1028 1767 1087 1818 αἱ
1136 1774 1296 1835 νῆσοι
1350 1774 1450 1819 τοῦ
1503 1774 1750 1833 ποταμοῦ
1804 1775 1914 1818 τῶν

224 1855 593 1922 νενικηκότων
632 1851 718 1906 ἐπὶ
759 1856 890 1916 τοὺς
929 1852 990 1906 ἐν
1021 1863 1139 1916 ταῖς
1177 1854 1335 1917 ὕλαις
1375 1853 1668 1923 ἐπτηχότας
1702 1855 1913 1907 ἰόντων.

160 1962 203 1994 20
227 1948 340 2002 τοῖς
394 1941 456 1993 δὲ
507 1943 840 2011 πορρωτάτω
893 1943 1195 2012 βαρβάροις
1247 1943 1434 2011 νεκροὶ
1483 1940 1574 1995 καὶ
1626 1942 1765 1995 ὅπλα
1814 1943 1914 2009 τὴν

225 2027 404 2098 μάχην
443 2028 686 2098 ἐμήνυον
723 2030 832 2083 ὑπὸ
873 2038 973 2082 τοῦ
1014 2031 1279 2099 ῥεύματος
1326 2033 1637 2100 φερόμενοι.
1716 2030 1800 2082 61.
1852 2031 1912 2082 τὸ

348 2253 369 2291 1
403 2247 455 2292 11.
481 2264 505 2292 ο
539 2253 624 2292 504
639 2263 703 2304 sq.
831 2254 882 2292 15
915 2249 1064 2293 Amm.
1091 2248 1196 2292 XVI
1219 2253 1287 2303 12,
1313 2253 1367 2292 63
1492 2253 1546 2292 19
1579 2249 1727 2291 Amm.
1754 2248 1830 2291 1.1.
1859 2252 1913 2291 59

348 2459 373 2497 3
406 2456 711 2511 κεκλήσεσθαι
727 2455 829 2499 Mor
889 2453 1196 2511 κεκλήσεσθαι
1218 2455 1286 2498 Re
1407 2460 1434 2498 4
1459 2455 1616 2499 οὐδενὶ
1640 2455 1709 2509 Vl
1737 2454 1817 2497 καὶ
1840 2468 1915 2497 om

236 2513 280 2557 V
351 2520 463 2568 „aut
494 2516 731 2559 delendum
763 2514 844 2558 καὶ
875 2520 958 2558 aut
987 2501 1105 2558 deest
1135 2515 1314 2569 aliquid
1339 2515 1484 2570 paulo
1516 2517 1648 2558 ante“
1681 2513 1750 2556 Re
1800 2512 1805 2569 Ι
1857 2512 1913 2567 δὴ

230 2585 305 2615 om
331 2573 394 2615 M
445 2575 452 2629 Ι
501 2572 719 2617 δέδοκται
745 2573 807 2616 Μ
842 2573 924 2616 sed
955 2589 1004 2615 αι
1045 2585 1184 2628 supra
1216 2589 1239 2616 ο
1271 2573 1353 2627 m³‚
1394 2586 1418 2615 e
1451 2571 1642 2617 δέδοκτο
1676 2585 1776 2614 corr
1798 2571 1856 2613 12

231 2635 257 2673 5
300 2629 560 2682 κτείνοντες
594 2633 754 2676 MoLa
797 2632 878 2675 sed
909 2631 959 2674 in
990 2631 1078 2674 hoc
1111 2647 1156 2681 ες
1187 2645 1242 2674 ex
1281 2649 1326 2685 α,
1369 2633 1422 2674 ut
1463 2631 1658 2683 videtur,
1701 2643 1800 2673 corr
1823 2643 1855 2672 n

231 2694 256 2732 6
282 2693 370 2740 ζῶν
397 2691 500 2734 VM
557 2694 762 2742 συζῶντα
788 2690 871 2734 Mo
994 2694 1017 2732 7
1045 2689 1096 2733 δὲ
1114 2690 1159 2732 P
1182 2690 1188 2747 Ι
1215 2689 1513 2746 τρεφομένων
1538 2689 1640 2732 Mor
1754 2692 1808 2730 14
1834 2691 1914 2732 δυ-

230 2746 430 2804 νάμενος
455 2750 539 2793 Mo
571 2749 652 2793 sed
677 2765 731 2794 νο
755 2750 805 2792 in
828 2762 903 2791 ras
928 2762 983 2791 ex
1007 2766 1056 2802 ω,
1089 2750 1142 2790 ut
1164 2749 1360 2803 videtur,
1387 2762 1489 2792 corr
1510 2747 1579 2789 m²
1606 2749 1612 2802 Ι
1639 2745 1914 2804 παρείχοντο

240 2806 285 2849 V
401 2812 453 2850 15
487 2805 594 2851 ὥστ’
622 2808 690 2851 Re
719 2810 724 2863 Ι
753 2807 1086 2851 ἐπεκαλύπτετο
1118 2807 1220 2850 Mor
1250 2808 1317 2850 Re
1439 2811 1493 2849 16
1525 2805 1582 2849 τὰ
1613 2803 1753 2849 πεδία
1787 2806 1870 2848 Mo
1906 2804 1909 2861 Ι

234 2863 588 2924 ὀκτακισχιλίοις
618 2882 693 2910 om
724 2867 824 2909 Mor
855 2865 978 2909 Fabr
1035 2868 1039 2922 Ι
1099 2864 1348 2920 ἐκέκρυπτο
1381 2867 1456 2910 La
1619 2868 1671 2906 17
1706 2861 1751 2907 δ’
1787 2864 1855 2906 Re

234 2927 289 2966 18
313 2932 403 2968 τῶν
427 2951 485 2957 -
509 2933 721 2982 ποταμοῦ
754 2939 830 2968 om
854 2924 977 2968 Fabr
