2060 3162
678 127 906 171 LIBAMI
937 125 1162 170 ORATIO
1195 125 1301 169 XXI
1725 125 1835 179 465

147 264 215 318 ἐν
255 266 331 334 δὴ
377 270 459 336 τῷ
502 269 584 336 σῷ
627 263 808 333 τάχει
846 262 1179 325 κάκείνοις
1217 263 1289 315 τὰ
1328 270 1438 330 τῆς
1487 271 1614 315 τῶν
1653 260 1834 314 ἀνια-

146 363 276 425 ρῶν
314 354 572 415 λύσεως.
649 352 734 404 32.
783 354 834 405 εἰ
870 353 938 421 δὴ
977 360 1092 414 τοῖς
1130 351 1416 420 ὀφείλουσι
1455 351 1619 421 χάριν
1660 348 1835 414 ἔξεστι

147 444 281 512 πρὶν
312 441 520 496 ἐκτῖσαι
550 441 652 509 τὴν
684 442 863 510 χάριν,
900 439 1092 510 ἑτέραν
1123 441 1360 508 αἰτῆσαι,
1398 448 1511 493 τῶν
1548 438 1674 508 παρ’
1705 440 1836 508 ἡμῖν

148 529 633 598 οἰκοδομουμένων
678 531 769 583 καὶ
815 530 981 593 αὐτὸς
1026 530 1175 599 ἡμῖν,
1227 525 1268 581 ὦ
1314 529 1617 595 θαυμάσιε,
1669 535 1835 596 γενοῦ

145 621 234 673 καὶ
274 620 341 688 δὴ
381 619 471 672 καὶ
510 628 623 672 τῶν
660 620 1060 689 γεωργούντων
1098 617 1185 671 καὶ
1228 619 1463 687 ποίησον
1502 616 1835 687 ἀμφοτέροις
1882 640 1901 672 5

149 707 529 779 λαμπροτέραν
574 709 676 776 τὴν
715 710 879 761 πόλιν
925 709 1016 761 καὶ
1054 706 1356 777 μηδέτερον
1401 716 1512 760 τῶν
1552 706 1836 776 ἀναλωμά-

144 817 255 857 των
293 798 500 867 φύγῃς,
541 797 686 860 ὅπως
724 798 856 866 ἡμῖν
895 794 998 866 μὲν
1036 797 1109 859 ὡς
1147 795 1272 866 περὶ
1311 799 1543 849 πολίτου
1593 794 1837 864 διαλέγε-

144 891 280 939 σθαι
325 888 462 955 πρός
511 905 569 939 τε
617 885 888 955 ἀλλήλους
937 884 1027 938 καὶ
1074 886 1211 954 πρὸς
1256 888 1388 947 τοὺς
1439 885 1640 947 ἄλλους
1679 883 1837 953 ἐξείη,

145 974 232 1027 σοί
274 973 322 1027 δ’
355 974 516 1028 ὁπότε
556 979 670 1044 εἴης
709 973 938 1042 ἐνθάδε,
989 975 1251 1037 πολλάκις
1291 971 1352 1027 δὲ
1390 980 1555 1026 τοῦτο
1602 972 1837 1042 γένοιτο,

146 1063 470 1117 διαιτᾶσθαί
515 1083 572 1116 τε
628 1063 687 1116 έν
738 1065 961 1127 οἰκείοις
1014 1063 1106 1116 καὶ
1160 1071 1224 1134 τῇ
1279 1063 1427 1133 παρὰ
1480 1071 1593 1115 τῶν
1648 1061 1836 1131 ἀγρῶν
1862 1084 1904 1116 ιο

144 1158 294 1222 φορᾷ
331 1154 462 1215 τοὺς
501 1151 847 1222 ἐπιτηδείους
886 1151 1087 1206 ἑστιᾶν.

256 1240 340 1294 33.
394 1240 539 1310 Ἐμοὶ
580 1238 641 1294 δὲ
681 1241 845 1310 ἐγγὺς
884 1238 986 1311 μὲν
1027 1247 1157 1304 ἴσως
1196 1243 1229 1311 ἡ
1268 1242 1491 1309 τελευτὴ
1525 1239 1836 1309 δηλουμένη

143 1335 219 1400 τῷ
258 1339 369 1383 τῶν
408 1329 546 1383 ἐτῶν
572 1326 825 1402 ἀριθμῷ,
876 1331 1011 1400 τάχα
1059 1329 1109 1384 δ’
1141 1329 1211 1383 ἂν
1248 1331 1469 1399 τύχοιμι
1506 1331 1628 1382 τότε
1668 1331 1836 1397 λόγου

145 1419 291 1488 παρὰ
329 1428 440 1471 τῶν
480 1418 806 1487 δυναμένων
845 1419 1044 1487 λέγειν,
1085 1412 1167 1482 οἷς
1207 1418 1427 1489 ἀφορμὴ
1465 1417 1557 1471 καὶ
1596 1427 1709 1471 τῶν
1750 1420 1837 1487 φί-

145 1509 259 1558 λων
308 1507 340 1575 ἡ
378 1514 568 1575 κτῆσις
615 1507 687 1576 ἣν
734 1507 1040 1577 ἐκτησάμην
1089 1508 1232 1575 μάλα
1280 1508 1348 1575 δὴ
1396 1510 1579 1576 φίλων
1626 1516 1835 1576 σαφῶν.
1861 1531 1903 1563 15

146 1594 206 1647 ἐν
244 1597 419 1667 τούτῳ
461 1597 529 1664 δὴ
567 1595 658 1649 καὶ
697 1596 866 1650 πλέον
903 1617 955 1650 τι
995 1595 1119 1666 περὶ
1159 1604 1262 1650 σοῦ
1302 1595 1486 1664 λέγειν
1521 1595 1706 1660 ἕξουσι
1745 1595 1836 1664 μέ-

264 1783 291 1821 4
347 1777 770 1838 οἰκοδομουμένων]
803 1779 905 1834 ἤτοι
951 1779 1326 1835 οἰκοδομούντων
1381 1779 1486 1823 ἀντὶ
1537 1779 1835 1837 ἐνεργητικοῦ

146 1838 416 1894 παθητικόν
444 1838 509 1883 V²

267 2015 288 2053 1
324 2007 468 2055 ἐκείν·
512 2010 548 2056 Ο
576 2009 658 2054 sed
690 2027 718 2066 η
750 2010 798 2052 in
822 2023 897 2053 ras
922 2023 944 2053 s
1025 2007 1218 2068 κάκείνῃ
1251 2011 1297 2053 Ρ
1326 2009 1407 2053 sed
1438 2025 1468 2068 ῃ
1500 2009 1551 2052 in
1573 2022 1649 2052 ras
1674 2008 1757 2064 ω’,
1777 2011 1840 2053 M

147 2068 245 2112 Mor
334 2027 527 2126 κάκείνη
561 2070 596 2113 Ι
626 2069 708 2113 sed
739 2086 767 2126 η
800 2069 850 2112 in
881 2082 956 2112 ras
989 2082 1045 2112 ex
1077 2083 1150 2112 οισ
1189 2082 1291 2113 corr
1322 2070 1369 2112 eb
1399 2083 1456 2125 ησ
1497 2082 1724 2125 suprascr.
1750 2068 1834 2123 ωδ,

147 2128 279 2172 ΜοΒ
341 2126 561 2185 κάκείνης
586 2130 653 2173 Va
696 2133 702 2185 Ι
743 2127 802 2172 τὰ
833 2128 1021 2185 reposui
1053 2141 1078 2172 e
1104 2129 1149 2173 V
1217 2127 1414 2185 μετάδος
1440 2130 1524 2172 Mo
1556 2129 1604 2171 ei:
1633 2127 1683 2171 in
1705 2140 1782 2171 ras
1807 2133 1834 2170 4

144 2186 224 2230 litt
249 2187 321 2243 ΟΒ,
354 2188 445 2231 edd
517 2202 593 2232 om
623 2187 793 2243 reliqui
824 2187 934 2232 libri
984 2188 990 2246 Ι
1039 2194 1120 2244 τῆς
1148 2194 1240 2231 τῶν
1275 2187 1312 2232 0
1341 2187 1423 2232 sed
1453 2194 1545 2231 τῶν
1575 2187 1701 2231 inser
1723 2201 1759 2242 s,
1792 2187 1838 2230 P

146 2246 227 2289 sed
258 2263 312 2302 ης
344 2260 399 2291 ex
430 2264 494 2291 ων
527 2249 574 2291 et
599 2264 662 2292 ων
697 2261 752 2290 ex
783 2264 839 2304 ης
869 2261 971 2291 corr
993 2245 1077 2302 ιη’,
1108 2247 1143 2290 Ι
1168 2247 1251 2291 sed.
1282 2264 1336 2303 ης
1367 2247 1414 2290 οὺ
1438 2263 1501 2290 ων
1533 2246 1582 2289 in
1606 2259 1682 2289 ras
1714 2247 1762 2289 et
1794 2244 1835 2296 ίς

145 2318 286 2361 supra,
316 2323 371 2362 ης
399 2320 485 2362 pos
508 2306 578 2350 m⁸
648 2313 741 2351 τῶν
772 2312 855 2363 τῆς
879 2307 948 2350 Va
1129 2310 1153 2348 2
1186 2305 1317 2349 λύσισ
1348 2319 1372 2348 e
1404 2305 1576 2349 λύσεωσ
1608 2319 1709 2349 corr
1733 2306 1768 2349 I
1774 2304 1790 2329 ⁸
1824 2305 1829 2363 Ι

146 2365 195 2408 ἐν
222 2365 306 2409 Mo
330 2364 432 2409 Mor
480 2367 486 2422 Ι
536 2365 595 2422 δὴ
626 2365 674 2408 in
708 2364 759 2410 δὲ
791 2379 892 2409 corr
919 2365 976 2411 Οξι
1151 2370 1176 2407 3
1211 2363 1387 2410 ἐκτίσαι
1418 2364 1527 2408 libri
1560 2365 1626 2422 (in
1659 2364 1833 2408 ἐκτῖσαι

146 2437 247 2467 corr
270 2424 372 2478 ΡΒ),
404 2424 604 2468 fortasse
634 2426 774 2479 recte,
806 2425 863 2468 cf.
898 2425 959 2468 ad
990 2439 1033 2480 p.
1061 2427 1205 2478 307‚9
1239 2426 1288 2468 eb
1319 2429 1389 2478 28,
1410 2427 1462 2467 19
1600 2428 1626 2467 5
1658 2423 1739 2467 καὶ
1770 2425 1832 2480 (1)

146 2496 222 2525 om
245 2482 348 2526 Mor
396 2485 402 2538 Ι
451 2491 543 2527 τῶν
576 2483 652 2526 del
675 2485 705 2527 Ι
861 2489 886 2527 6
925 2483 1248 2540 λαμπροτέραν
1280 2480 1561 2539 ἀμφοτέροις
1595 2483 1657 2527 Μ
1701 2483 1708 2541 Ι
1750 2482 1834 2539 μὲν

143 2541 227 2597 τὴν
269 2542 338 2586 Va
401 2544 407 2599 Ι
472 2542 533 2599 μὴ
573 2539 619 2587 δ’
649 2541 802 2598 ἕτερον
840 2544 923 2587 AI
1007 2540 1116 2599 μηδ’
1146 2541 1299 2597 ἕτερον
1343 2542 1423 2586 ΟΡ
1466 2541 1548 2585 sed
1587 2542 1636 2585 in
1675 2542 1763 2584 hoc
1803 2539 1826 2555 ’‘

146 2614 270 2675 eras&
297 2602 366 2644 Va
547 2605 570 2643 7
614 2600 744 2658 ἡμεῖς
775 2603 844 2646 Va
1025 2606 1050 2645 8
1090 2601 1208 2656 πρὸς
1239 2602 1300 2658 (2)
1334 2614 1408 2644 om
1434 2601 1706 2646 PIMoBM
1731 2600 1835 2644 Mor

149 2707 153 2762 g
182 2676 373 2759 ῗιῖἓῖἓἈ
449 2704 557 2755 τοὺς
588 2718 664 2747 om
687 2704 754 2747 Re
797 2706 803 2760 ι
847 2702 967 2761 ἐξείη
1001 2705 1063 2748 Μ
1090 2705 1172 2749 sed
1205 2704 1325 2762 ἐξῃει
1355 2703 1405 2746 in
1428 2717 1562 2761 marg
1638 2690 1833 2758 ἐξήέιιΒ

206 2762 324 2816 ἕξειν
360 2763 429 2806 Va
564 2767 589 2806 9
639 2762 690 2807 δὲ
732 2763 798 2806 Va
848 2766 854 2819 Ι
903 2760 1080 2819 γίνοιτο
1115 2765 1183 2808 Va
1320 2766 1374 2805 10
1405 2762 1512 2817 περὶ
1536 2763 1606 2807 Va
1674 2776 1750 2806 om
1776 2765 1838 2807 M

208 2826 261 2866 13
293 2820 395 2866 τότε
418 2820 576 2879 λόγου]
599 2822 651 2865 τὸ
671 2819 800 2871 τέλος
820 2822 890 2865 Va
1011 2827 1066 2866 14
1099 2820 1246 2878 φίλων
1271 2820 1418 2896 λόγων
1443 2820 1472 2877 ἡ
1494 2821 1563 2866 Va
1687 2827 1740 2864 15
1767 2818 1831 2864 ὧν

147 2882 192 2924 Β
231 2883 279 2925 eb
309 2895 365 2925 ex
403 2879 462 2963 ἓν
502 2895 603 2924 corr
635 2882 680 2923 P
724 2883 730 2937 Ι
780 2879 974 2936 μάλιστα
1009 2883 1076 2926 Va
1207 2884 1260 2923 16
1292 2896 1337 2923 τι
1361 2881 1579 2925 IMoBV
1621 2884 1626 2936 Ι
1670 2888 1751 2924 τοῦ
1783 2880 1831 2923 in

146 2939 199 2983 τὸ
232 2954 334 2984 corr
357 2941 403 2984 P

234 3021 432 3054 humarus
456 3022 512 3054 ed.
536 3022 774 3054 Foerster.
815 3022 865 3052 II.
1511 3017 1567 3056 30
