2060 3162
213 156 321 208 422
766 156 992 200 LIBANH
1024 156 1247 202 ORATIO
1280 158 1364 201 XX

212 301 329 355 τοῖς
365 298 520 355 θεοῖς
565 291 738 361 ὕμνος
785 293 924 355 ἅπας
969 288 1031 345 εὗ
1078 294 1218 362 ἔχων
1264 294 1502 358 ἅπαντος
1542 295 1896 364 ἀναθήματος

213 378 355 434 εἶναι
401 381 739 450 τιμιώτερος,
791 381 863 444 ὡς
910 381 1069 449 δηλοῖ
1109 383 1391 450 Πίνδαρος
1431 383 1459 436 ὁ
1503 386 1744 452 Θηβαῖος
1782 403 1895 452 μει-

216 472 387 534 ζόνων
439 469 586 539 παρὰ
638 476 737 522 τοῦ
788 471 1017 522 Πυθίου
1079 471 1382 539 τετυχηκὼς
1434 470 1467 539 ἢ
1521 473 1579 524 οἱ
1635 476 1896 525 πλεῖστον

213 561 446 627 χρυσίον
499 557 670 611 ἐκεῖσε
723 561 1079 624 κεκομικότες.
1157 559 1205 611 2.
1260 560 1587 628 αἰσχύνομαι
1641 557 1742 626 μὲν
1793 556 1896 613 οὖν

170 669 189 701 5
213 655 328 709 τοῖς
366 648 502 699 κατὰ
539 655 634 715 τῆς
683 645 922 716 ἐμαυτοῦ
971 647 1373 716 ῥηθησομένοις
1427 650 1633 716 λόγοις,
1681 648 1796 702 ἐπεὶ
1836 649 1897 702 δὲ

124 749 165 792 R
187 753 272 791 654
327 735 428 788 οὐκ
474 732 559 788 ἔνι
605 743 767 788 τοῦτο
827 735 832 803 Ι
890 738 1141 804 φυγόντα
1188 746 1360 789 σῶσαι
1407 737 1466 789 τὸ
1506 745 1788 807 προσῆκον
1827 743 1901 809 τῷ

214 825 339 894 περὶ
377 833 470 893 τῆς
515 825 736 894 χάριτος
782 827 951 896 λόγῳ,
1000 826 1193 893 φράσω
1232 827 1298 878 τὰ
1345 825 1450 878 ἀπὸ
1496 834 1589 894 τῆς
1636 825 1897 894 ἀληθείας

214 915 551 981 βουλόμενος
601 913 702 982 μὲν
740 912 810 966 ἂν
857 915 1002 982 ἔχειν
1049 916 1224 967 εἰπεῖν
1268 934 1321 966 τι
1367 915 1491 984 περὶ
1537 914 1703 983 αὐτῆς
1749 915 1896 983 ἀμει-

215 1022 334 1069 νον,
373 1010 467 1071 τῆς
505 1001 743 1070 ἀνάγκης
783 999 844 1054 δὲ
882 1003 1050 1072 ταύτῃ
1091 1001 1353 1073 ἀγούσης,
1371 1001 1490 1072 ἐρῶ.

151 1113 194 1144 1ο
328 1091 375 1143 3.
410 1089 656 1159 Ἐγένετο
689 1092 874 1160 φαύλη
906 1089 1029 1161 περὶ
1067 1090 1296 1158 βασιλέα
1335 1092 1571 1162 χρηστὸν
1603 1091 1636 1160 ἡ
1666 1090 1898 1161 ἡμετέρα

212 1181 370 1242 πόλις
406 1181 539 1247 μετὰ
576 1176 679 1247 μὲν
716 1180 817 1248 τὴν
855 1187 952 1248 τῆς
984 1178 1271 1248 ἐπιστολῆς
1302 1180 1617 1247 ἀνάγνωσιν
1649 1179 1897 1233 ἀποσειο-

211 1268 345 1337 μένη
384 1269 484 1337 τὴν
523 1268 696 1338 ἀρχὴν
735 1267 796 1322 ἐν
834 1275 908 1341 τῷ
949 1270 1136 1322 δοκεῖν
1175 1267 1262 1322 ἐπὶ
1301 1271 1398 1322 τὸν
1448 1269 1588 1322 θεὸν
1625 1269 1896 1337 καταφεύ-

211 1377 349 1425 γειν,
391 1366 503 1410 τῶν
541 1358 645 1427 γὰρ
685 1357 1066 1424 ἀδικουμένων
1105 1358 1365 1428 ἀφαιρεῖν
1403 1358 1505 1411 οὐκ
1545 1357 1677 1426 ἐνῆν
1716 1359 1895 1426 δήπου

212 1446 367 1498 ταυτὶ
413 1447 481 1498 τὰ
526 1446 750 1516 ῥήματα.
828 1449 1074 1514 λαβοῦσα
1120 1444 1180 1499 δὲ
1219 1448 1425 1515 ταύτην
1470 1447 1571 1515 τὴν
1617 1445 1790 1516 ἀρχὴν
1836 1444 1898 1498 ἐν

147 1554 189 1588 15
213 1542 287 1605 τῷ
344 1536 673 1607 δικαστηρίῳ
735 1536 951 1605 πονηρὰ
1012 1537 1288 1605 συμμορία
1339 1537 1563 1598 πλείους
1624 1533 1724 1597 ἔξω
1785 1544 1897 1587 τῶν

211 1628 409 1692 θυρῶν
447 1627 838 1693 προσλαβοῦσα
876 1623 968 1677 καὶ
1005 1623 1117 1691 μετ’
1149 1623 1393 1687 ἐκείνους
1432 1626 1510 1677 ἔτι
1544 1626 1766 1686 πλείους
1804 1621 1895 1676 καὶ

214 1711 382 1764 πάλιν
432 1713 632 1775 ἄλλους
684 1711 949 1782 συνέχεαν
999 1710 1100 1780 μὲν
1150 1712 1252 1766 τάν
1297 1719 1371 1784 τῷ
1416 1719 1586 1785 κοινῷ
1626 1714 1897 1783 βαλανείῳ

213 1802 361 1872 νόμῳ
395 1800 803 1870 διατεταγμένα,
842 1801 1163 1870 κινηθέντες
1195 1802 1257 1855 δὲ
1294 1800 1386 1854 ὑπ’
1415 1802 1598 1854 αὐτῶν
1628 1796 1707 1853 ὧν
1739 1801 1897 1871 ἕδρα-

215 1902 319 1941 σαν
365 1887 453 1942 ἐπὶ
507 1891 665 1958 μείζω
720 1888 811 1942 καὶ
858 1891 1288 1960 παρανομωτέρα
1334 1891 1743 1960 προσπίπτουσι
1797 1885 1897 1957 μὲν

148 1998 192 2030 20
215 1977 358 2030 οὕτω
399 1979 655 2047 σφοδρῶς
692 1986 756 2048 τῇ
796 1986 895 2030 τοῦ
935 1980 1198 2048 ἄρχοντος
1228 1979 1470 2047 κιγκλίδι
1507 1976 1598 2031 καὶ
1630 1987 1745 2040 ταῖς
1776 1976 1890 2044 μετ’

214 2063 430 2134 ἐκείνην
475 2067 701 2134 θύραις,
755 2068 893 2119 ὥστε
941 2068 1116 2119 δεῖσαι
1162 2069 1291 2129 τοὺς
1335 2065 1630 2135 ὑπηρέτας,
1684 2066 1756 2134 μὴ
1807 2065 1896 2118 καὶ

333 2259 359 2298 2
405 2255 541 2299 Paua.
565 2255 628 2299 IX
654 2259 723 2310 23,
743 2260 782 2298 3
829 2255 871 2298 X
897 2260 966 2310 24,
984 2260 1023 2299 5.
1086 2255 1297 2299 Eustath.
1332 2268 1533 2312 prooem.
1567 2254 1700 2299 Pind
1730 2260 1754 2308 ξ
1782 2259 1835 2297 27

217 2318 270 2356 12
305 2313 360 2357 of.
395 2328 456 2358 or.
483 2313 588 2357 XIX
617 2329 662 2371 p.
691 2319 788 2369 397,
807 2320 902 2370 2sq
1024 2319 1077 2357 14
1111 2313 1168 2358 cf
1200 2330 1243 2371 p.
1271 2319 1371 2367 397,
1393 2319 1446 2358 16

338 2495 359 2532 1
403 2490 526 2542 ἅπας
556 2508 700 2548 υμνος
730 2494 804 2536 Ρα
853 2494 859 2547 Ι
910 2491 1114 2542 ἅπαντος
1146 2506 1221 2535 0111
1247 2493 1358 2536 ΒΜ
1533 2496 1557 2534 2
1606 2490 1630 2534 ὁ
1664 2505 1738 2534 0111
1763 2492 1836 2535 Ρα

219 2553 244 2592 3
277 2546 326 2607 ἢ]
359 2548 405 2593 οἳ
437 2553 499 2595 Μ
667 2555 692 2594 5
732 2551 889 2606 τῆςῘῙ
914 2551 994 2594 sed
1025 2567 1053 2606 η
1087 2564 1143 2594 ex
1175 2567 1219 2594 οι
1252 2564 1352 2593 corr
1374 2550 1445 2593 m²
1617 2554 1641 2592 8
1674 2564 1783 2592 num
1815 2550 1895 2592 καὶ

217 2609 341 2666 βουλ.
357 2612 377 2650 ⁸?
427 2610 434 2664 Ι
481 2607 526 2653 τί
555 2610 639 2654 ΤΒ
761 2614 785 2653 9
818 2615 899 2665 τῆς
923 2607 969 2654 δ’
991 2608 1197 2666 ἀνάγκης
1226 2610 1395 2666 ταύτης
1419 2610 1491 2654 Ρα
1541 2610 1546 2667 Ι
1599 2609 1684 2664 ἐρῶ
1712 2609 1896 2663 „malim
1979 2618 1982 2622 '

216 2668 393 2711 abesse“
426 2667 493 2711 Re
645 2673 699 2712 10
736 2668 890 2724 φαύλη
923 2682 998 2712 0111
1021 2669 1122 2711 Μο1·
1273 2673 1325 2712 11
1358 2668 1443 2723 τὴν
1475 2682 1550 2712 om
1580 2667 1662 2711 sed
1693 2667 1896 2710 inseren—

219 2725 331 2768 dum
355 2726 458 2770 eom'
476 2727 576 2770 Mor
603 2730 610 2783 Ι
638 2728 721 2771 οὐκ
746 2726 1054 2802 ἀποσειομένη
1080 2727 1184 2770 coni
1201 2728 1268 2771 Re
1362 2731 1416 2770 13
1443 2727 1527 2771 οὐκ
1545 2726 1655 2782 ἐνῆν
1672 2726 1894 2781 ἀφαιρεῖν

216 2785 312 2828 ΙΜ
429 2791 483 2828 14
515 2787 736 2842 ἀφαιρεῖν
766 2787 874 2843 post
905 2783 1083 2842 ρήματα
1114 2787 1184 2830 Ρα
1212 2789 1216 2843 Ι
1244 2786 1418 2842 ταύτην
1449 2785 1595 2860 ἀρχὴν
1619 2786 1654 2828 Ι
1679 2784 1760 2827 sed
1790 2785 1896 2840 post

217 2843 391 2958 {2⁶⁶⁶}ss
421 2850 658 2961 ἶέἒθὲἷεῆ
684 2845 835 2947 ξῗὲτῶ
860 2905 934 2948 Pa
949 2850 1001 2888 ¹5
1049 2842 1896 2958 ῗὲνέςόἓασυμμοῗὲαπὲῖαἶ’ἒῇἓτεῖαι

219 2961 293 3004 Ρα
413 2966 468 3005 20
500 2960 682 3023 κιγκλία
713 2963 814 3007 Mor
838 2962 928 3006 Sav
959 2962 1039 3017 qui
1071 2960 1267 3018 κιγκλίδι
1299 2962 1403 3006 coni
