2060 3162
628 123 856 168 LIBANH
888 124 1111 168 ORATIO
1144 123 1271 168 XXV
1685 125 1789 176 571

94 282 163 331 γε
215 261 339 331 ὁρῶ
387 262 538 323 τοὺς
590 261 917 330 φαιδροὺς
968 262 1390 331 δορυφόρους
1442 263 1509 314 οἳ
1555 280 1795 330 τυραν-

93 358 286 405 νοῦσι
347 358 472 404 τῶν
528 350 1064 419 τυραννούντων,
1127 347 1233 402 καὶ
1288 350 1356 402 τὸ
1413 346 1533 418 μὲν
1586 350 1791 416 ὄνομα

94 440 320 502 αὐτοῖς
381 439 691 508 φύλακες,
753 436 920 511 ἔργῳ
983 437 1055 491 δέ
1114 439 1243 491 εἰσι
1307 438 1636 492 δεσπόται.
1712 437 1792 506 ἢν

94 529 211 598 μὲν
250 529 367 598 γὰρ
408 527 549 580 οἵδε
595 526 910 596 θέλωσιν,
961 525 1282 597 ἁρπάζετέ
1315 546 1381 582 τε
1420 527 1526 580 καὶ
1565 540 1793 580 σκευο-

94 620 345 687 φόρους
397 617 504 669 καὶ
558 617 849 686 χρήματα
902 614 1009 669 καὶ
1058 614 1440 686 παρθένους
1491 616 1603 668 καί
1652 614 1793 668 ἐστε
1840 637 1860 668 5

92 707 436 775 τύραννοι,
474 703 1031 774 βουλευσαμένων
1072 704 1141 757 δὲ
1180 705 1337 757 ἄλλο
1377 723 1439 757 τι
1477 706 1646 774 παρὰ
1684 712 1794 773 τῆς

94 801 389 865 φρουρᾶς
437 793 595 862 ὑμῖν
645 793 674 846 ὁ
725 794 1027 856 θάνατος.
1103 795 1214 846 καί
1263 812 1338 860 με
1387 800 1582 846 τοῦτο
1634 794 1793 846 ἄλλα

94 903 159 937 τε
199 883 316 936 οὐκ
355 882 545 952 ὀλίγα
578 882 881 936 διδάσκει
912 880 1019 936 καὶ
1043 882 1146 951 <ὁ>
1169 882 1386 944 Λυδὸς
1418 882 1792 952 δορυφόρος

93 975 356 1035 κτείνας
394 972 510 1041 μὲν
541 972 654 1025 τὸν
686 973 1035 1040 δεσπότην,
1074 973 1148 1024 τὰ
1189 970 1238 1023 δ’
1271 970 1529 1024 ἐκείνου
1562 972 1794 1040 κτησά-

91 1081 311 1129 μενος,
350 1064 465 1130 τήν
503 1081 568 1114 τε
608 1069 891 1129 γυναῖκα
926 1059 1032 1113 καὶ
1063 1062 1181 1130 τὴν
1212 1060 1432 1129 ἀρχήν.
1512 1059 1596 1112 70.
1635 1060 1792 1127 ὑμῖν
1818 1082 1860 1113 10

102 1147 170 1202 δὲ
234 1147 389 1204 οὐδὲ
450 1150 656 1213 ὕπνος
716 1150 899 1218 ἡδύς,
963 1148 1095 1203 ἀλλ’
1136 1149 1204 1202 ἐν
1256 1158 1395 1211 τοῖς
1450 1149 1792 1219 ὀνείρασιν

93 1238 535 1309 ἀνατρέχουσί
580 1258 645 1292 τε
692 1239 752 1292 οἱ
800 1238 1226 1308 βεβιασμένοι
1278 1239 1440 1309 πρὸς
1490 1239 1563 1292 τα
1612 1237 1793 1307 μετέ-

94 1347 224 1397 ωρα
263 1328 369 1381 καὶ
408 1328 904 1397 προσβάλλουσι
943 1337 1082 1390 τοῖς
1112 1329 1479 1396 βασιλείοις
1512 1326 1619 1380 καὶ
1651 1327 1792 1397 τρέ-

92 1430 289 1469 πουσι
328 1417 480 1479 τοὺς
516 1415 939 1486 ἐπικούρους,
979 1415 1086 1468 καὶ
1119 1414 1390 1469 ἐπειδὰν
1422 1415 1618 1484 ἐγγὺς
1656 1410 1690 1488 ῂ
1722 1417 1790 1469 τὸ

91 1504 304 1574 ξίφος,
356 1503 727 1574 ἀναπηδᾶτε
778 1507 1165 1575 κεκραγότες
1203 1506 1444 1591 χρόνου
1485 1506 1789 1575 δεόμενοι
1815 1526 1856 1558 15

91 1594 252 1686 πρὸς
301 1595 370 1647 τὸ
424 1599 691 1663 μαθεῖν,
747 1595 847 1648 ὅτι
900 1594 1017 1663 οὐχ
1062 1594 1232 1664 ὕπαρ
1281 1584 1378 1662 εἴη
1418 1601 1633 1647 ταῦτα.
1709 1596 1789 1663 μὴ

92 1678 214 1736 οὖν
251 1683 531 1755 μάλιστα
570 1682 941 1753 ἀνθρώπων
974 1681 1406 1750 ἀναμίξαντες
1439 1684 1789 1754 δεσποτεία

91 1771 406 1825 δουλείαν
440 1770 447 1843 Ι
481 1770 587 1825 καὶ
628 1773 736 1825 διὰ
776 1773 1083 1834 δουλείας
1122 1770 1384 1841 ἐκείνην
1423 1773 1660 1841 λαβόν-
1698 1784 1878 1828 RH90

92 1879 195 1922 τες
232 1858 338 1913 καὶ
376 1860 763 1930 κεκτημένοι
804 1861 1211 1930 καθαρεύειν
1250 1866 1479 1914 οἰέσθε
1509 1868 1626 1913 τοῦ
1658 1863 1789 1930 χεί-

95 1968 302 2018 ρονος.
1812 1971 1856 2003 20

208 2038 292 2090 71.
339 2036 489 2090 Ἀλλ’
523 2037 553 2091 ὁ
582 2035 833 2101 Δδοῦλος
873 2039 1105 2091 ἄλλοτε
1145 2038 1347 2091 ἄλλου
1387 2040 1643 2107 γίνεται
1681 2037 1787 2092 καὶ

91 2124 231 2179 ἔστι
269 2134 504 2196 πρᾶσις
542 2134 655 2180 τοῦ
697 2127 1003 2194 σώματος.
1076 2125 1167 2180 καὶ
1199 2129 1257 2180 τί
1283 2128 1454 2198 ταύτῃ
1487 2147 1549 2196 γε
1580 2127 1787 2191 ἐκεῖνος

93 2215 456 2285 ἀθλιώτερος,
511 2217 559 2268 εἰ
598 2215 871 2284 ἀργύριον
911 2215 940 2269 ὁ
979 2216 1082 2285 μὲν
1121 2218 1333 2284 ἔλαβεν,
1381 2215 1410 2269 ὁ
1458 2212 1520 2269 δὲ
1558 2217 1785 2279 ἕδωκενς

213 2349 240 2389 8
272 2345 427 2404 Gyges
459 2345 516 2390 cf.
542 2362 587 2403 p.
613 2351 714 2399 365
735 2351 803 2391 12.
844 2346 950 2390 Her.
978 2347 1070 2390 112

212 2469 315 2546 6sq.
349 2463 451 2519 ἤτοι
480 2464 525 2508 οἱ
557 2472 873 2520 φρουροῦντες
905 2466 1039 2509 αὐτοὶ
1069 2463 1352 2510 ἀπέκτειναν
1391 2465 1456 2507 ΓΞ

214 2587 239 2624 3
273 2580 318 2627 δ’
347 2582 436 2627 εἰσὶ
465 2582 535 2626 Re
664 2587 691 2624 4
724 2579 818 2626 οιδ’
841 2581 1065 2628 ἐθέλωσιν
1099 2585 1142 2626 V
1178 2586 1184 2639 Ι
1218 2598 1266 2626 τε
1297 2583 1423 2627 inser
1449 2581 1556 2627 Mo²
1698 2587 1725 2626 8
1759 2582 1782 2626 ὁ

92 2640 269 2686 inserui
418 2645 444 2685 9
477 2640 529 2687 δὲ
561 2642 646 2685 Mo
674 2643 680 2698 Ι
708 2638 801 2685 δὲ’
808 2639 966 2686 κείνου
991 2643 1036 2686 Α
1189 2646 1243 2686 10
1275 2657 1325 2699 γε
1357 2643 1403 2685 Β
1446 2641 1452 2699 Ι
1493 2641 1606 2698 ἡμῖν
1639 2643 1724 2687 Mo

96 2705 151 2743 14
184 2697 331 2744 ἐπειδ’
354 2717 413 2744 αν
418 2701 484 2745 A
606 2705 660 2744 18
685 2698 898 2751 δουλείας
920 2702 966 2745 Ρ
994 2701 1077 2746 sed
1101 2718 1157 2752 ας
1178 2701 1227 2744 in
1252 2714 1328 2744 ras
1352 2699 1423 2744 m'
1545 2705 1598 2744 19
1625 2700 1782 2746 οἴεσθε

94 2759 136 2804 0
162 2759 243 2802 sed
276 2775 297 2804 ε
329 2762 391 2832 (1)
428 2759 479 2802 in
508 2777 536 2834 η
570 2773 672 2804 corr
693 2774 737 2814 s,
769 2761 849 2805 ΡΙ
888 2760 971 2803 sed
1009 2761 1059 2803 in
1088 2762 1288 2815 utroque
1321 2775 1342 2803 ε
1374 2761 1435 2816 (2)
1473 2758 1524 2803 in
1546 2773 1623 2804 ras
1653 2760 1724 2803 m'

153 2822 208 2862 21
247 2815 452 2862 Ἀλλ’-
483 2817 662 2875 γίνεται
704 2819 765 2863 ad
803 2832 986 2862 versum
1024 2819 1292 2863 comoediae
1322 2818 1511 2863 Asticae
1535 2819 1783 2863 revocavit

91 2875 299 2921 Kockius
330 2876 409 2920 1.1.
442 2877 492 2920 in
522 2878 646 2922 hunc
675 2878 886 2922 modum:
924 2875 1035 2921 Ἀλλ’
1065 2875 1151 2922 οὖν
1190 2877 1214 2921 ὁ
1255 2879 1422 2929 δοῦλος
1459 2875 1611 2922 ἄλλοτ’
1641 2878 1780 2922 ἄλλου

92 2932 268 2991 γίνεται
296 2939 302 2993 Ι
329 2934 536 2994 γίγνεται
570 2938 643 2982 UI
757 2941 812 2980 22
845 2935 1013 2991 πράσις
1045 2938 1235 2982 AMoU
1286 2950 1456 2993 πρασις
1486 2938 1522 2980 Ι
