2060 3162
663 140 890 185 LIBANII
922 139 1146 186 ORATIO
1176 138 1284 184 XIX
1711 140 1819 194 383

130 299 311 332 norum
334 282 627 331 Morelliana
657 283 692 329 t.
711 281 760 328 Π
783 298 831 344 p.
851 282 1157 330 389—420.
1212 281 1414 343 Duplici
1443 281 1599 345 igitur
1621 283 1820 329 nomine

133 357 473 421 neglegentiae
505 356 784 419 arguendus
816 357 892 403 est
920 355 1171 416 Morellus,
1210 371 1320 403 cum
1357 356 1410 402 in
1444 355 1606 403 indice
1638 357 1819 403 oratio-

132 448 252 479 num
288 430 403 478 huic
440 429 647 478 editioni
684 431 953 493 praemisso
998 430 1127 476 hanc
1172 431 1222 477 et
1260 431 1543 490 sequentem
1588 444 1639 478 se
1676 444 1819 491 prae-

131 505 244 553 bere
267 504 409 552 dicit:
443 518 466 552 e
492 503 786 552 Germanica
810 504 917 552 edit.
933 500 1170 551 Aristidis
1192 501 1489 551 Adriaueua
1529 518 1638 551 cwm
1667 516 1816 551 mass,

135 577 284 627 Godd.
314 578 452 627 Rom.
485 578 673 633 collata,
712 581 767 625 ut
794 591 995 636 sequeus
1029 576 1159 626 Orat.
1236 577 1366 624 Nam
1399 577 1550 625 editio
1581 577 1678 625 fuit
1703 577 1815 625 Flo-

130 645 395 717 rentina.¹)
470 652 538 699 Et
587 651 765 699 codicis
811 651 954 711 Reyii
1001 651 1148 714 plane
1194 651 1454 699 immemor
1496 651 1605 700 fuit.
1685 649 1816 707 Quos

130 741 246 775 vero
286 725 407 774 dicit
443 725 634 774 codices
671 726 940 786 Romanos,
979 723 1038 772 de
1076 725 1154 772 his
1192 725 1256 772 ad
1295 741 1353 772 ea
1390 727 1440 773 te
1480 725 1650 789 delego
1692 741 1816 787 quae

130 803 167 851 t.
197 799 223 847 I
259 817 306 862 p.
342 800 408 847 58
461 799 521 847 de
571 799 870 863 apographis
922 814 952 846 a
997 798 1160 847 Leone
1204 799 1396 847 Allatio
1447 799 1510 847 ad
1554 799 1815 848 Morellum

129 874 292 922 missis
330 874 513 922 monui.

242 948 412 995 Tertia
461 947 613 995 editio
666 947 924 1008 utriusque
979 946 1216 995 orationis
1271 946 1458 995 duobus
1514 947 1655 994 annis
1699 949 1815 1009 post

130 1022 345 1084 priorem
397 1021 742 1069 Morellianam
796 1014 988 1087 (1612)
1043 1021 1230 1082 prodiit
1282 1021 1474 1068 Etonae
1528 1023 1701 1069 curata
1755 1020 1816 1068 ab

129 1095 389 1144 Henrico
423 1094 654 1144 Savilio
689 1091 782 1162 (=
803 1088 923 1161 Sav)
948 1097 1001 1142 in
1024 1097 1158 1142 tomo
1185 1097 1359 1158 octavo
1393 1111 1595 1157 operum
1618 1095 1818 1143 Ioannis

132 1169 470 1232 chrysostomi
499 1187 546 1232 p.
568 1163 929 1236 124—1362)‚
961 1170 1046 1231 qui
1076 1170 1129 1216 in
1152 1169 1435 1217 universum
1461 1169 1658 1230 quidem
1681 1169 1817 1216 illius

130 1245 341 1308 vestigia
379 1245 572 1306 pressit,
610 1259 722 1291 raro
762 1244 1101 1292 Florentinam
1140 1245 1280 1304 sequi
1317 1244 1518 1304 maluit,
1565 1244 1815 1292 rarissime

129 1319 461 1366 coniecturam
490 1318 713 1380 protulit.
782 1317 959 1380 Itaque
990 1317 1075 1365 ubi
1107 1317 1234 1364 nihil
1266 1317 1558 1365 adnotatum
1589 1321 1678 1379 est,
1719 1317 1818 1365 Sav

133 1408 244 1440 cum
281 1392 390 1439 Mor
428 1407 694 1456 congruere
733 1392 870 1440 scito,

242 1464 430 1522 Quarta
469 1468 544 1514 est
580 1466 814 1514 Reiskii
862 1459 959 1532 (ed.
984 1465 1010 1511 Ι
1039 1464 1339 1529 Altenburgi
1381 1466 1523 1513 1784
1562 1482 1609 1527 p.
1638 1466 1820 1513 280—

134 1541 264 1600 2923
310 1539 383 1587 ed.
407 1539 459 1587 II
494 1541 631 1587 1791
674 1542 709 1587 t.
735 1539 760 1586 I
797 1556 844 1602 p.
874 1533 1213 1606 626—652),
1266 1541 1353 1600 qui
1397 1542 1661 1601 postquam
1699 1539 1818 1586 Ani-

132 1614 530 1662 madversionum
568 1614 818 1662 volumine
865 1614 1039 1675 quinto
1078 1630 1125 1675 p.
1160 1613 1449 1660 226—232
1498 1613 1656 1660 multa
1694 1614 1819 1660 vitia

130 1687 451 1736 Morellianae
507 1688 641 1735 felici
694 1689 966 1750 sagacitate
1022 1687 1246 1747 sustulit,
1306 1686 1536 1748 pluribus
1586 1687 1707 1735 locis
1763 1703 1820 1735 ex

130 1761 423 1825 Augustano
463 1764 513 1808 et
550 1761 833 1808 Monacensi
872 1760 1119 1808 codicibus
1158 1776 1302 1822 opem
1339 1761 1471 1808 tulit.

241 1834 384 1882 Hanc
422 1835 523 1882 fere
560 1836 795 1896 repetivit
832 1833 1168 1883 Ludovicus
1201 1834 1267 1882 de
1301 1834 1518 1882 Sinner
1550 1829 1643 1901 (=
1672 1828 1818 1901 Sinn)

129 1910 183 1955 in
212 1907 355 1956 Novo
397 1906 691 1956 Sanctorum
721 1908 931 1956 Patrum
963 1907 1261 1956 Graecorum
1299 1909 1481 1956 saeculi
1521 1911 1689 1971 quarti
1724 1909 1820 1956 De-

131 1982 277 2042 lectu‚
316 1981 521 2030 Parisiis
558 1998 685 2030 anno
722 1975 917 2049 18423)
959 1982 1090 2030 edito
1128 2000 1175 2045 p.
1205 1983 1510 2044 193—226‚
1547 1984 1622 2031 ita
1651 1985 1819 2031 tamen

128 2059 187 2103 ut
231 2055 310 2103 hic
347 2056 452 2103 illic
497 2056 732 2104 lectiones
779 2056 1001 2104 codicum
1039 2056 1376 2104 Parisinorum
1425 2058 1566 2105 3017
1620 2072 1742 2119 quas
1790 2072 1820 2104 a

130 2129 526 2178 Boissonadio
565 2124 890 2197 acceperat‚4)
930 2133 981 2178 et
1014 2132 1156 2179 3014
1198 2147 1342 2192 quem
1380 2132 1487 2193 ipse
1527 2132 1819 2192 contulerat,

251 2244 291 2298 1)
340 2240 408 2285 De
448 2241 703 2298 exemplari
746 2241 806 2285 ab
853 2255 907 2285 eo
954 2244 1178 2298 usurpato
1231 2241 1288 2285 cf.
1325 2241 1537 2286 Iebbium
1568 2242 1708 2286 Arist.
1742 2245 1775 2286 t.
1800 2242 1822 2285 Ι

127 2301 273 2357 praef.
294 2315 317 2344 c
337 2305 399 2343 lv.

248 2362 292 2416 2)
351 2363 446 2403 Τοῦ
494 2359 544 2404 ἐν
591 2357 743 2416 ἁγίοις
783 2359 960 2415 πατρὸς
1005 2359 1134 2416 ἡμῶν
1173 2357 1400 2404 Ἰωάννου
1455 2358 1820 2417 ἀρχιεπισκόπου

128 2417 664 2468 Κωνσταντινουπόλεως
699 2425 782 2463 τοῦ
813 2417 1143 2476 Χρυσοστόμου
1180 2426 1274 2463 τῶν
1314 2417 1650 2474 εὑρισκομένων
1681 2417 1822 2474 τόμος

130 2476 296 2535 ὄγδοος
338 2473 405 2520 δι’
435 2475 692 2533 ἐπιμελείας
737 2479 817 2521 καὶ
859 2477 1175 2534 ἀναλωμάτων
1211 2475 1428 2533 Ἐρρικον
1469 2484 1552 2522 τοῦ
1592 2478 1819 2579 Σοίξιλιου

130 2536 180 2581 ἐκ
225 2539 437 2580 παλαιῶν
483 2535 784 2592 ἀντιγράφων
829 2535 1044 2588 ἐκδοθείς
1084 2536 1278 2591 Etonae,
1323 2538 1374 2580 in
1406 2536 1613 2593 collegio
1695 2535 1820 2592 egali

131 2599 243 2639 1612
268 2610 313 2652 p.
334 2599 440 2638 124:
473 2596 535 2638 Iu
560 2597 715 2650 priore
741 2598 985 2651 (oratioue)
1017 2597 1182 2640 menda
1213 2597 1437 2652 quaedam
1467 2597 1735 2640 sustulimus
1765 2610 1820 2640 ex

128 2656 267 2699 veteri
297 2655 507 2708 editione,
546 2655 596 2697 in
630 2656 876 2710 posteriore
907 2661 1091 2710 praeter
1121 2657 1352 2711 pauculas
1390 2656 1671 2699 coniecturas
1701 2655 1821 2699 nihil

129 2713 375 2758 admodum
408 2718 644 2768 praestare
674 2715 831 2769 potuit
858 2719 1016 2759 nostra
1048 2720 1090 2758 et
1119 2716 1367 2758 amicorum
1405 2719 1662 2758 nostrorum
1692 2727 1818 2758 cura.

249 2774 293 2828 3)
339 2771 674 2815 Praetermissa
713 2773 784 2815 est
814 2772 963 2816 oratio
1003 2773 1053 2816 in
1082 2786 1203 2816 nova
1234 2773 1442 2817 editione
1481 2786 1600 2829 quae
1641 2772 1820 2829 prodiit

130 2830 216 2875 sub
246 2830 408 2874 titulo:
456 2829 603 2875 Ghoix
633 2830 691 2874 de
722 2830 930 2874 discours
967 2831 1082 2875 tii-es
1114 2832 1195 2875 des
1234 2832 1366 2888 peres
1399 2845 1530 2889 greca
1568 2844 1655 2888 par
1684 2831 1733 2874 L.
1760 2831 1818 2874 de

131 2888 309 2945 Sinner,
341 2888 556 2933 nouvelle
587 2888 659 2932 ed.
690 2902 777 2945 par
805 2888 857 2933 E.
884 2888 1104 2945 Sommcr‚
1136 2890 1329 2934 Parisiis
1362 2894 1477 2934 1860
1509 2891 1557 2935 et
1590 2894 1716 2934 1872.

248 2951 293 3004 4)
326 2946 392 2991 Cf.
425 2962 470 3004 p.
498 2951 522 2990 ‘1
554 2949 650 2991 not.
679 2953 718 2991 1.
