2072 3162
222 125 292 178 80
753 125 982 169 LIBANII
1011 123 1234 169 ORATIO
1266 125 1373 170 xm

132 274 175 317 R
194 278 278 317 421
318 259 628 324 καταδεῖξαι
667 261 830 330 τιμὴν
871 258 878 332 Ι
919 261 980 313 τὸ
1022 263 1356 328 σβεσθεῖσαν
1395 260 1763 330 ἐπαναγαγεῖν
1801 262 1904 316 οὐκ

223 347 466 403 ἔλαττον.

331 438 419 490 47.
480 441 611 491 Νῦν
662 438 857 507 καιρὸν
902 436 973 491 ἂν
1018 436 1133 507 ἔχοι
1181 446 1282 491 τοῦ
1331 442 1426 508 ζῆν
1472 438 1768 508 ἐπιθυμεῖν
1811 438 1903 493 καὶ

221 527 387 580 θύειν
436 527 574 597 ὑπὲρ
625 526 964 597 μακροτέρου
1020 528 1161 594 βίου.
1238 534 1345 580 νῦν
1398 529 1501 599 γὰρ
1557 529 1629 591 ὡς
1683 528 1905 596 άληθῶς

178 637 196 669 5
221 613 335 668 ἔστι
375 618 486 683 ζῆν,
527 613 606 668 ὅτ’
636 616 989 684 εὐδαιμονίας
1027 611 1193 686 αὖραι
1238 617 1340 684 τὴν
1377 624 1482 685 γῆν
1526 616 1902 685 ἐπιπνέουσιν,

221 704 308 756 ὅτε
348 713 501 772 σῶμα
531 704 632 771 μὲν
667 704 989 774 ἀνθρώπου,
1029 706 1175 773 ψυχὴ
1215 704 1278 757 δὲ
1307 709 1447 758 θεοῦ
1479 707 1774 774 βασιλεύει,
1814 706 1904 759 ὅτε

219 800 330 862 πῦρ
370 789 471 859 μὲν
509 790 599 845 ἐπὶ
638 794 840 859 βωμῶν
879 797 1112 862 αἴρεται,
1159 801 1349 864 καπνῷ
1391 793 1452 846 δὲ
1499 793 1600 863 ἀὴρ
1643 795 1770 866 ἱερῷ
1808 814 1903 847 κα-

219 883 489 951 θαίρεται,
529 879 748 934 ἑστιῶσι
788 877 849 933 δὲ
881 882 1172 951 ἄνθρωποι
1212 882 1478 950 δαίμονας
1515 881 1606 935 καὶ
1647 883 1903 949 δαίμονες

221 969 543 1039 ἀνθρώποις
574 968 843 1036 ὁμιλοῦσι.
904 973 1000 1022 καί
1026 990 1121 1039 μοι
1153 971 1307 1023 δοκεῖ
1336 971 1510 1039 μηδὲν
1541 970 1611 1023 ἂν
1642 970 1904 1039 γενέσθαι

155 1080 197 1112 ιο
219 1066 337 1121 ταῖς
373 1060 564 1111 πόλεσι
610 1057 781 1111 πλέον
827 1058 999 1111 αὐτοῦ
1045 1066 1145 1111 τοῦ
1184 1059 1323 1121 Διὸς
1371 1057 1633 1128 ἑλομένου
1672 1060 1738 1111 τὰ
1774 1061 1903 1130 τῇδε

221 1148 452 1200 διοικεῖν
481 1146 795 1210 ὑποδύντος
819 1146 1124 1218 ἀνθρώπου
1151 1149 1341 1201 τύπον.
1381 1141 1464 1211 οἷς
1488 1149 1590 1218 γὰρ
1617 1147 1687 1201 ἂν
1710 1147 1902 1218 ἐχρῆτο

219 1238 356 1304 τότε,
395 1236 532 1289 κατὰ
568 1235 739 1288 ταύτὰ
775 1243 883 1289 νῦν
921 1235 1215 1306 ἀρχόμεθα.
1291 1237 1377 1289 48.
1424 1236 1611 1304 βλέπει
1658 1234 1759 1306 μὲν
1797 1237 1902 1306 γὰρ

221 1323 318 1388 ὀξὺ
356 1325 448 1377 καὶ
484 1332 601 1387 τοῖς
639 1328 922 1394 λογισμοῖς
960 1326 1092 1394 ἡμῖν
1131 1325 1160 1378 ὁ
1199 1327 1460 1392 βασιλεὺς
1497 1326 1700 1388 παντὸς
1742 1329 1904 1392 Θεμι-

222 1412 515 1476 στοκλέους
539 1411 818 1482 ὀξύτερον,
850 1410 993 1466 εἶναι
1017 1413 1083 1466 δέ
1109 1433 1164 1466 τι
1195 1415 1470 1467 πιστεύων
1501 1414 1562 1467 ἐν
1584 1423 1700 1477 τοῖς
1729 1416 1904 1483 κρείτ-

156 1523 195 1556 15
219 1515 340 1555 τοσι
403 1503 722 1572 σοφώτερον
783 1511 900 1565 ταῖς
961 1501 1178 1555 ἐκεῖθεν
1232 1504 1577 1571 εἰσηγήσεσιν
1631 1504 1750 1570 ἄγει
1802 1503 1903 1571 τὴν

221 1589 571 1659 οἰκουμένην,
633 1590 736 1643 οὐκ
797 1590 1084 1657 ἀναμένων
1144 1594 1422 1661 χρησμοὺς
1475 1593 1717 1644 ἄλλοθεν
1771 1591 1903 1644 οὐδὲ

219 1680 644 1751 παραναλίσκων
681 1678 743 1733 ἐν
773 1685 1006 1749 θεωρῶν
1028 1680 1294 1750 ’ῥαθυμίᾳ
1325 1683 1455 1743 τοὺς
1489 1683 1739 1751 χρόνους,
1778 1677 1896 1733 ἀλλ’

222 1766 343 1820 ἀντὶ
380 1775 475 1835 τῆς
515 1771 741 1831 Πυθίας
779 1768 941 1831 αὐτὸς
980 1767 1127 1841 αὐτῷ
1159 1770 1584 1837 καθιστάμενος,
1631 1769 1733 1822 οὐκ
1773 1769 1902 1821 ἀνα-

223 1858 484 1924 σχόμενος
543 1855 768 1923 βλέπειν
822 1858 898 1919 εἰς
956 1856 1141 1927 ὀφρὺν
1192 1858 1441 1924 μάντεων
1496 1854 1627 1911 οὐδὲ
1686 1858 1904 1926 γνώμης

154 1967 197 1998 80
222 1942 421 2013 ἑτέρων
459 1953 680 2014 πρᾶγμα
717 1953 987 1998 τοσοῦτον
1034 1944 1249 2014 ἐξάψαι,
1297 1945 1411 1998 ἀλλ’
1451 1947 1632 2014 εἰδώς,
1683 1946 1765 1998 ὅτι
1809 1946 1901 1999 καὶ

220 2030 382 2084 τοῦθ’
422 2031 483 2085 ἕν
532 2052 585 2085 τι
634 2042 745 2085 τῶν
794 2035 942 2102 παρὰ
989 2040 1064 2105 τῷ
1115 2036 1348 2103 Χείρωνι
1399 2035 1756 2103 μαθημάτων,
1810 2034 1900 2085 καὶ

341 2182 394 2221 13
427 2177 569 2221 Thuc.
587 2178 608 2221 I
626 2182 725 2233 138,
744 2182 769 2221 3
796 2179 843 2221 et
865 2183 892 2221 4
1015 2183 1067 2222 17
1102 2178 1158 2222 cf.
1183 2194 1228 2235 p,
1248 2182 1318 2234 38,
1338 2183 1391 2222 18
1407 2192 1472 2234 sq.
1595 2183 1648 2221 21
1684 2178 1739 2221 cf.
1765 2178 1897 2221 Pind.

220 2236 354 2292 Pyth.
379 2237 443 2281 IV
469 2241 551 2280 102

340 2359 364 2398 3
400 2355 520 2413 ἔχειν
546 2357 607 2399 Μ
736 2362 763 2399 4
796 2356 1050 2412 ὡσαληθῶς
1081 2358 1126 2400 Β
1259 2360 1282 2398 7
1320 2357 1483 2414 βωμῶν
1516 2355 1680 2412 scripsi
1711 2357 1899 2399 auctore

221 2457 289 2500 Re
349 2459 448 2516 βωμ
449 2432 506 2502 οίύ
528 2459 564 2504 S
638 2460 775 2519 βωμῷ
798 2458 966 2514 reliqui
996 2458 1107 2502 libri
1183 2460 1337 2516 βωμοῦ
1371 2459 1460 2502 edd
1495 2459 1501 2517 l
1537 2458 1723 2503 αἴθεται
1755 2457 1899 2501 Cobet

223 2515 391 2560 Mnem.
410 2517 552 2560 V112
586 2517 716 2574 (Coll.
744 2520 846 2575 108)
885 2521 890 2575 Ι
928 2516 1208 2572 καθαίρεται
1241 2517 1347 2576 ἱερῷ
1371 2519 1417 2561 Β
1538 2522 1562 2561 9
1596 2517 1783 2573 ὁμιλῶσι
1813 2517 1898 2560 Mo

223 2575 305 2618 sed
330 2591 384 2619 ov
410 2590 550 2632 supra
574 2595 608 2620 ω
633 2576 702 2620 1112
763 2580 1056 2633 συνομιλοῦσι
1081 2578 1126 2620 Β
1250 2581 1302 2619 12
1319 2563 1445 2634 τότε]
1465 2593 1512 2620 τε
1531 2578 1592 2619 Μ
1615 2577 1620 2634 Ι
1647 2583 1792 2619 ταῦτα
1817 2575 1900 2619 RS

223 2635 270 2676 et
293 2646 318 2676 e
340 2634 486 2678 ταυτὰ
511 2649 612 2678 corr
633 2635 696 2678 12
721 2637 767 2678 et
790 2635 992 2679 Sintenis
1021 2638 1026 2690 Ι
1054 2636 1136 2691 μὲν
1161 2650 1237 2679 0111
1260 2635 1362 2679 Mor
1482 2640 1534 2678 13
1567 2634 1676 2690 ἡμῖν
1701 2648 1775 2677 0111
1798 2634 1900 2676 Mor

283 2696 337 2734 16
392 2692 589 2737 ἄλλοθεν
634 2693 796 2750 scripsi
843 2695 1030 2737 aucssore
1077 2693 1255 2737 Sinteni
1353 2693 1539 2737 άνωθεν
1593 2693 1701 2735 libri
1747 2693 1837 2735 edd

229 2754 283 2794 18
317 2750 425 2795 οὐδὲ
456 2752 524 2795 Re
587 2756 640 2795 19
687 2753 795 2797 οὐδὲ
828 2778 883 2784 -
917 2756 973 2794 20
1012 2751 1183 2808 ἐξάψαι
1223 2753 1338 2795 citat
1367 2752 1454 2795 lex
1479 2751 1677 2794 Vindob
1710 2766 1754 2806 p.
1781 2755 1850 2804 84,
1872 2755 1895 2794 7

220 2808 278 2852 N.
305 2823 338 2852 s.
363 2824 403 2853 v.
433 2810 656 2881 ἐξάψαι
702 2811 807 2855 ἀντὶ
852 2817 932 2854 τοῦ
980 2811 1243 2866 ἐξαρτῆσαι·
1297 2810 1538 2868 Λιβάνιος·
1595 2809 1703 2853 οὐδὲ
1744 2812 1834 2853 κτλ.

223 2872 278 2911 21
302 2865 445 2911 ταῦθ’
466 2869 531 2972 δὲΙ
559 2868 686 2924 παρὰ
718 2883 858 2925 supra
887 2870 994 2924 περὶ
1018 2869 1124 2913 M0²
1152 2871 1158 2925 Ι
1184 2867 1369 2926 χείρωνι
1396 2870 1434 2914 0
1460 2869 1540 2913 sed.
1566 2887 1599 2912 ω
1625 2882 1681 2912 ex
1704 2885 1727 2912 ο
1754 2870 1899 2923 eorrf

280 2925 457 2984 χείρονι
