2060 3162
219 88 328 141 254
709 87 937 132 LIBAN'II
969 86 1192 131 ORATIO
1225 88 1375 133 XVIII

217 225 278 277 τὸ
325 232 545 293 πρῶτον
598 219 663 291 ἧς
708 222 1092 292 παρελάμβανε
1138 230 1238 292 γῆς
1286 223 1563 293 στέφανόν
1608 243 1731 276 τινα
1781 225 1909 277 κλά-

128 323 170 366 R
193 328 276 367 536
320 312 450 379 δων,
489 313 732 373 πολλοὺς
772 311 833 363 δὲ
873 309 932 363 ἐκ
970 312 1259 365 καλωδίων
1296 311 1604 379 τεταμένων
1638 317 1644 378 Ι
1680 314 1759 375 εἰς
1796 315 1911 365 κίο-

217 419 316 461 νας
356 398 414 451 ἐκ
452 401 651 467 τοίχων
691 397 990 470 ἐξαρτῶσιν
1029 400 1082 452 οἱ
1123 400 1287 468 δῆμοι
1327 401 1656 470 μετεώρους,
1696 401 1912 453 τούτων

219 481 297 549 εἷς
335 496 446 539 τῶν
487 488 795 557 στεφάνων,
835 481 878 560 ᾧ
910 489 1320 557 καλλωπίζομεν
1356 490 1452 551 τὰς
1496 490 1706 557 πόλεις,
1754 487 1911 542 ἐκλυ-

173 597 191 629 5
216 574 340 638 θεὶς
377 583 477 628 τοῦ
527 577 732 643 δεσμοῦ
779 578 1128 644 καταβαίνων
1173 571 1243 644 ἦν
1282 575 1343 629 ἐν
1387 584 1452 646 τῇ
1499 584 1598 629 τοῦ
1645 576 1913 644 βασιλέως

215 669 425 734 κεφαλῇ
479 663 569 717 καὶ
616 665 847 734 ἥρμοσε,
900 663 991 718 καὶ
1045 666 1148 734 βοὴ
1203 666 1566 734 πανταχόθεν.
1643 664 1911 733 ἐδηλοῦτο

216 753 345 822 γάρ,
387 747 556 822 οἶμαι,
595 759 670 825 τῷ
703 753 958 825 στεφάνῳ
998 755 1064 806 τὰ
1109 753 1379 821 μέλλοντα
1423 755 1658 823 τρόπαια
1696 752 1786 807 καὶ
1827 753 1910 806 ὅτι

215 844 458 910 νικήσων
497 839 725 911 ἔρχεται.

326 930 413 982 42.
453 931 524 982 El
563 930 665 998 μὲν
704 926 807 983 οὗν
847 930 875 983 ὁ
916 929 1132 1000 πέμψας
1172 928 1468 1007 ἐπέτρεψεν
1508 931 1683 993 εὐθὺς
1724 929 1785 984 ἐν
1823 928 1911 1000 ἔρ-

150 1039 192 1072 10
216 1038 335 1085 γοις
373 1038 431 1071 τε
473 1011 615 1071 εἶναι
655 1017 746 1071 καὶ
785 1024 1027 1089 χρῆσθαι
1066 1027 1182 1081 τοῖς
1223 1024 1522 1088 λογισμοῖς,
1564 1019 1736 1081 εὐθὺς
1766 1018 1907 1087 <ὃὲν>

215 1104 428 1175 ἐδέχετο
468 1106 621 1159 τάκεῖ
658 1107 760 1175 τὴν
790 1109 1116 1175 μεταβολήν,
1155 1114 1262 1160 νῦν
1302 1105 1350 1159 δ’
1382 1106 1410 1159 ὁ
1450 1107 1552 1174 μὲν
1583 1108 1808 1160 πάντων
1838 1103 1910 1175 ἦν

216 1196 418 1265 ἄκυρος
463 1196 607 1263 πλὴν
652 1203 747 1264 τῆς
796 1196 1097 1264 χλαμύδος,
1154 1196 1207 1248 οἱ
1255 1194 1550 1265 στρατηγοὶ
1597 1192 1660 1248 δὲ
1706 1197 1909 1266 κύριοι,

215 1291 385 1336 ταῦτα
422 1284 527 1350 γὰρ
565 1281 819 1336 ἐδέδοκτο
852 1290 927 1355 τῷ
952 1285 1263 1352 πεπομφότι
1295 1287 1423 1346 τοὺς
1454 1283 1555 1352 μὲν
1587 1282 1910 1351 ἐπιτάττειν,

214 1372 312 1424 τὸν
351 1368 412 1424 δὲ
450 1371 758 1440 ὑπηρετεῖν.
837 1372 865 1424 ὁ
907 1371 968 1424 δὲ
1000 1370 1312 1434 Ὀδυσσέως
1349 1391 1407 1424 τε
1446 1372 1536 1424 καὶ
1575 1380 1687 1424 τῶν
1720 1370 1910 1424 Ὀδυσ-

149 1480 190 1513 15
217 1458 352 1522 σε’ως
404 1459 746 1528 μεμνημένος
799 1460 1070 1530 ἠνείχετο,
1133 1469 1249 1523 τοῖς
1303 1469 1626 1531 στρατηγοῖς
1681 1460 1742 1513 δὲ
1804 1461 1910 1528 ἄρα

214 1549 412 1617 ἤρεσκε
471 1548 788 1601 καθεύδειν.
867 1556 1029 1601 τοῦτο
1094 1545 1155 1601 δὲ
1211 1547 1382 1602 ἐποίει
1437 1551 1568 1617 τοὺς
1622 1547 1911 1611 ἐναντίους

213 1635 513 1704 μεγάλους,
576 1638 625 1689 εἰ
679 1635 946 1703 βασιλέως
1009 1637 1240 1705 ἥκοντος
1294 1638 1474 1705 ἔχοιεν
1528 1637 1562 1690 ἃ
1620 1638 1907 1707 πρότερον.

214 1724 300 1776 43.
349 1723 465 1777 ἀλλ’
498 1725 644 1794 ὅμως
691 1725 781 1778 καὶ
829 1724 1212 1794 κεκωλυμένου
1268 1726 1544 1795 πράττειν,
1600 1727 1909 1795 περιιόντος

261 1904 387 2002 29611
421 1899 505 1944 Iul.
532 1913 601 1955 ep.
639 1899 699 1943 ad
732 1912 824 1942 sen.
852 1900 960 1944 Ath.
993 1915 1036 1957 p.
1058 1904 1142 1942 277
1156 1899 1210 1942 D.
1245 1899 1386 1943 278D
1512 1904 1567 1942 14
1600 1898 1682 1942 Od.
1708 1917 1737 1943 v
1765 1903 1818 1941 18
1839 1913 1904 1953 sq.

217 1975 233 2001 ι
364 1972 429 2013 sq.

336 2125 358 2163 1
392 2115 508 2173 ἧςΑ
533 2119 652 2163 sed
639 2134 688 2162 m
711 2133 904 2177 margn
881 2118 934 2163 “v
997 2119 1061 2169 εἰς
1087 2121 1171 2163 Μο
1200 2121 1205 2175 Ι
1233 2118 1417 2163 κλάδων
1449 2131 1474 2162 e
1506 2117 1679 2162 κλάδον
1713 2131 1813 2161 corr
1837 2117 1908 2160 B2

276 2184 300 2223 2
334 2175 380 2222 δ’
409 2178 478 2223 Re
598 2183 625 2222 4
659 2171 694 2237 ᾧ
717 2205 775 2210 --
799 2137 956 2227 πόληεις
980 2177 1180 2221 delenda.
1206 2177 1385 2222 censuit
1408 2177 1476 2220 Re
1493 2177 1633 2220 Anim
1695 2170 1743 2236 ᾧ]
1769 2173 1840 2226 οἷς
1864 2177 1910 2219 Ρ

216 2238 298 2282 sed
338 2254 407 2287 οις
444 2238 494 2281 in
523 2250 599 2280 ras
638 2223 721 2291 m²‚
776 2237 826 2289 U,
869 2236 994 2292 quod
1033 2236 1211 2279 mavult
1248 2237 1316 2279 Re
1497 2241 1522 2278 5
1571 2236 1621 2280 ἐν
1660 2235 1709 2278 in
1740 2248 1816 2278 ras
1848 2234 1906 2278 1²

215 2297 310 2353 (ἐπὶ
350 2296 457 2354 Par)
638 2300 663 2338 6
711 2298 908 2352 κεφαλῆι
943 2295 979 2339 Ο
1015 2294 1097 2338 sed.
1128 2311 1182 2351 γρ
1208 2300 1390 2351 κορυφῆ
1430 2307 1655 2350 suprascr.
1682 2309 1739 2348 m,
1780 2293 1906 2350 quod

215 2355 443 2412 praebent
474 2355 618 2399 etiam
651 2354 741 2398 edd
822 2356 1000 2410 κεφαλὴ
1036 2353 1109 2397 La
1142 2353 1222 2396 sed
1255 2355 1402 2409 κεφαλ
1433 2353 1483 2396 in
1515 2366 1588 2396 ras
1615 2367 1651 2409 p
1726 2355 1903 2426 κεφαλῇ

214 2414 410 2487 praebet
441 2414 584 2458 etiam
618 2413 738 2457 Socr.
772 2412 800 2455 1.
826 2413 856 2455 l.
877 2371 1022 2468 λόγος
1053 2410 1105 2457 δέ
1136 2428 1217 2466 τις,
1251 2410 1321 2456 ὅτι
1353 2412 1419 2462 εἰς
1450 2410 1500 2455 ἓν
1531 2419 1622 2456 τῶν
1653 2409 1905 2469 πολιχνίων

217 2470 507 2523 εἰσελθόντος
546 2472 689 2515 αυτοῦ
730 2470 957 2526 στέφανος
1003 2467 1091 2526 ἀφ’
1120 2467 1184 2515 ὧν
1223 2470 1305 2521 τὰς
1347 2469 1503 2521 πόλεις
1543 2476 1806 2526 κοσμουσιν,
1854 2469 1905 2513 ἐν

216 2529 335 2586 μέσω
365 2538 456 2574 τῶν
488 2530 660 2575 κιόνων
701 2530 751 2574 ἐκ
791 2527 1031 2574 καλωδίων
1045 2528 1325 2602 ἠρτημένος
1362 2535 1423 2587 τῇ
1465 2531 1679 2585 κεφαλῇ
1718 2543 1906 2571 κατενε-

215 2576 349 2646 χθεὶς
381 2587 593 2645 ἥρμοσεν,
627 2587 703 2633 ἐπί
733 2605 781 2633 τε
811 2588 958 2647 τούτῳ
990 2586 1171 2637 πάντας
1200 2604 1309 2639 τους
1337 2586 1576 2660 παρόντας
1617 2587 1901 2659 ἀναβοῆσαι

216 2649 567 2703 προδηλοῦσθαι
592 2647 679 2704 γὰρ
706 2648 831 2707 αὐτῷ
857 2633 940 2691 διὰ
959 2653 1040 2690 τοῦ
1065 2645 1316 2713 γενομένου
1343 2643 1530 2703 σημείου
1554 2645 1639 2700 τὴν
1666 2641 1907 2745 {iomanem

277 2710 300 2748 9
335 2705 581 2761 ἐπέτρεπεν
609 2707 653 2750 V
768 2710 823 2749 10
857 2702 988 2764 (bhv)
1021 2705 1198 2748 inserui
1231 2719 1254 2748 e
1280 2706 1323 2749 V
1379 2719 1453 2748 om
1476 2703 1646 2757 reliqui
1690 2702 1780 2746 ibri
1813 2702 1903 2744 edd

278 2767 329 2807 11
357 2764 491 2807 τάκεῖ
510 2765 613 2822 τὴν]
638 2781 693 2821 τη
697 2781 723 2808 ν
749 2764 845 2808 ἐκεῖ
863 2764 966 2807 Mor
981 2763 1105 2807 Fabr
1132 2764 1137 2821 Ι
1163 2759 1222 2838 ᾖν
1246 2763 1437 2808 πάντων
1454 2764 1500 2807 A
1517 2762 1584 2806 Re
1707 2766 1760 2804 12
1786 2759 1903 2804 άπο-

218 2838 296 2877 ρος
325 2822 428 2866 Mor
450 2822 572 2865 Fabr
665 2782 748 2866 η16
779 2823 907 2867 τουτὶ
938 2822 1060 2865 Fabr
1087 2824 1092 2878 Ι
1121 2820 1308 2878 ηὐποίει
1339 2822 1462 2865 Fabr
1591 2824 1648 2902 ¹17
1682 2818 1907 2875 μεγάλους

217 2895 292 2923 om
316 2880 418 2923 Mor
440 2881 563 2923 Fabr
679 2886 734 2925 18
765 2878 1027 2936 περιιόντος
1058 2883 1103 2925 Ρ
1134 2881 1215 2924 sed
1247 2897 1335 2936 εριι
1366 2881 1416 2923 in
1438 2892 1514 2923 ras
1537 2877 1608 2921 m¹
