2060 3162
196 672 222 707 35

246 164 355 217 570
757 162 987 207 LIBANII
1019 163 1248 208 ORATIO
1282 163 1409 207 XXV

247 299 463 370 ὀρέγειν
503 299 730 368 ἀνάγκη.
809 299 894 351 67.
938 300 1136 370 καιρὸν
1174 297 1235 353 δὲ
1275 300 1632 353 αἰτιάσασθαι
1671 298 1762 352 καὶ
1801 302 1943 363 Διὸς

246 389 421 459 ὀργὴν
458 387 550 442 καὶ
588 388 919 457 πνευμάτων
958 387 1235 441 ἀπουσίαν
1279 386 1372 441 καὶ
1420 387 1522 442 ὅσα
1566 391 1944 459 καρπογονίαν

248 482 406 547 ἴσχει,
438 478 654 530 τούτων
678 474 847 530 οὐδὲν
870 476 1139 545 ἀπολογία
1166 477 1305 547 πρὸς
1329 479 1552 531 δοῦλον.
1607 476 1725 530 ἀλλ’
1749 475 1941 550 ἐκείνῳ

247 586 309 635 γε
348 565 381 634 ἡ
421 574 491 636 γῆ
529 566 621 619 καὶ
659 567 732 635 μὴ
772 565 1022 635 φέρουσα
1063 565 1246 636 φέρει,
1295 565 1468 634 ἐσθὴς
1507 563 1568 619 δὲ
1606 565 1697 619 καὶ
1735 566 1944 635 ὑποδή-

246 675 387 725 ματα
425 655 459 724 ἡ
498 655 600 722 μὲν
638 653 1015 723 ἐξυφαίνεται,
1061 655 1129 707 τὰ
1175 651 1236 708 δὲ
1283 654 1540 724 ῥάπτεται
1585 656 1942 724 καθεύδοντι,

246 750 485 813 γαμοῦσι
526 740 588 796 δὲ
626 743 795 796 οὐδὲν
840 745 1274 814 προνοήσαντες,
1329 742 1447 797 ἀλλ’
1478 745 1512 812 ἡ
1558 741 1660 813 μὲν
1708 745 1943 815 πρόνοια

246 839 346 886 τοῦ
387 833 678 901 δεσπότου,
717 840 817 886 τοῦ
858 831 923 885 δέ
959 831 1110 891 ἐστιν
1142 832 1424 904 ἐρρῶσθαι
1455 833 1593 903 πρὸς
1622 833 1725 902 τὴν
1755 832 1943 902 εὐνήν.

247 920 585 974 ἀσθενοῦντι
655 917 715 974 δὲ
779 920 958 991 οἰκέτῃ
1021 924 1118 988 μία
1181 922 1411 991 φροντὶς
1471 923 1532 974 τὸ
1595 914 1947 991 ἀρρώστημα,

247 1010 554 1081 φαρμάκων
601 1006 661 1063 δὲ
699 1007 790 1063 καὶ
839 1011 1044 1081 ἰατρῶν
1088 1011 1180 1063 καὶ
1228 1009 1459 1082 ἐπῳδῶν
1508 1010 1657 1082 ἄλλῳ
1703 1013 1939 1080 μελήσει.

155 1111 198 1154 R
221 1111 337 1155 1189
375 1099 468 1152 καὶ
507 1098 928 1168 ἀποθνήσκοντί
962 1118 1025 1167 γε
1064 1101 1239 1167 φόβος
1295 1099 1301 1168 Ι
1358 1097 1544 1162 οὐδεὶς
1588 1107 1764 1169 ταφῆς
1801 1099 1942 1170 πέρι.

179 1210 222 1241 11

179 1565 220 1597 15

179 2009 222 2040 20

246 1187 423 1257 ταφέα
474 1189 579 1258 γὰρ
632 1188 803 1241 αὐτὸν
857 1191 965 1258 ἔχει
1016 1189 1114 1241 τὸν
1170 1190 1443 1241 δοκοῦντα
1497 1185 1598 1256 μὲν
1654 1189 1942 1258 δεσπότην,

247 1278 380 1330 ὄντα
421 1274 482 1329 δὲ
521 1278 742 1330 δοῦλον.

358 1366 443 1418 68.
505 1367 578 1418 Εἰ
634 1367 702 1434 δὴ
754 1367 949 1419 δοῦλοι
998 1363 1101 1435 μὲν
1151 1366 1210 1419 οἱ
1257 1367 1473 1434 δοῦλοι,
1529 1367 1724 1419 δοῦλοι
1776 1364 1837 1419 δὲ
1888 1368 1942 1420 οἱ

247 1455 523 1524 δεσπόται,
563 1462 671 1508 ποῦ
711 1475 793 1517 τις
832 1453 903 1508 ἂν
941 1455 1097 1526 εὕροι
1135 1455 1237 1524 τὴν
1277 1454 1625 1525 ἐλευθερίαν;
1663 1453 1733 1508 ἐν
1770 1454 1942 1525 ἡμῖν,

245 1552 413 1612 φαῖεν
445 1542 515 1597 ἂν
547 1545 599 1596 οἱ
631 1545 912 1612 τύραννοι.
974 1542 1007 1612 ἢ
1041 1544 1160 1613 οὐχ
1197 1543 1376 1614 ὁρᾷς,
1418 1546 1714 1613 φήσουσιν,
1755 1543 1942 1613 ἀκρο-

243 1633 472 1695 πόλεις
517 1652 584 1686 τε
631 1631 724 1702 ἐφ’
756 1628 844 1686 ὧν
894 1634 1247 1702 ἱδρύμεθα,
1302 1635 1554 1702 νόμους,
1591 1652 1656 1686 τε
1704 1632 1941 1703 ἀνῃρη-

244 1719 505 1790 μένους,
538 1719 619 1774 ἴν’
642 1721 826 1790 ἡμεῖς
859 1720 990 1775 ἀντ’
1015 1721 1288 1775 ἐκείνων
1314 1723 1634 1791 ἄρχωμεν,
1666 1723 1942 1791 σίδηρόν

245 1829 308 1862 τε
349 1809 417 1863 ἐν
458 1811 722 1879 αἰχμαῖς
770 1818 1010 1864 τοῦτον
1059 1811 1554 1881 περιλάμποντα
1606 1820 1838 1878 στῖφος
1876 1830 1940 1863 τε

244 1897 429 1951 τουτὶ
477 1899 874 1970 δορυφόρων
921 1901 1013 1962 εἰς
1059 1907 1180 1968 γῆν
1226 1900 1500 1952 κύπτειν
1537 1900 1941 1967 καταναγκά-

247 1989 355 2051 ζον
394 1988 503 2050 τὰς
545 1990 792 2053 πόλεις;
856 1988 941 2041 69.
981 1987 1088 2041 ναὶ
1127 1989 1210 2057 μὰ
1239 1990 1392 2056 Δία,
1434 1991 1592 2056 φημί,
1631 1988 1735 2040 καὶ
1774 1988 1940 2054 μάλα

367 2182 418 2220 11
455 2176 592 2233 Soph.
621 2177 732 2221 Oed.
760 2177 855 2222 Col.
883 2183 966 2221 582
1094 2182 1147 2221 15
1161 2193 1227 2234 sq.
1261 2177 1456 2221 Philem.
1482 2177 1559 2221 1.1.
1587 2192 1625 2220 v.
1654 2182 1679 2219 3

367 2360 390 2398 1
424 2355 505 2399 καὶ
536 2354 703 2410 καιρὸν
736 2355 822 2399 Mo
896 2355 1057 2410 καιρὸς
1090 2355 1160 2410 V}
1189 2354 1239 2398 δὲ
1273 2368 1348 2398 om
1374 2355 1459 2399 Mo
1485 2355 1492 2411 l
1521 2354 1602 2398 διὰ
1627 2355 1708 2398 Mo
1828 2359 1855 2397 4
1888 2352 1940 2399 δὲ

246 2414 413 2470 scripsi
473 2430 522 2459 τε
552 2413 665 2457 libri
689 2413 781 2458 edd
836 2413 1087 2457 delendum
1113 2414 1217 2457 coni
1242 2413 1394 2457 Amad
1515 2418 1541 2457 8
1574 2414 1857 2458 ἀσθενοῦντι
1884 2439 1938 2445 -

246 2479 270 2514 9
320 2471 503 2529 μελήσει
543 2473 604 2516 ad
643 2486 799 2516 versus
840 2472 1108 2517 comoediae
1139 2472 1326 2517 Atticae
1357 2472 1593 2517 revocavit
1621 2471 1828 2516 Kockius
1858 2472 1887 2515 1.
1905 2472 1937 2517 l.

247 2536 359 2575 1521
393 2532 444 2575 in
474 2532 599 2576 hunc
629 2532 839 2576 modum.
873 2533 1157 2576 ἀσθενοῦντι
1189 2530 1233 2577 δ’
1264 2530 1418 2590 οἰκέτῃ
1446 2533 1451 2588 Ι
1480 2532 1672 2588 φροντὶς
1710 2529 1792 2588 μία
1829 2532 1938 2586 τάρ-

247 2590 475 2647 ρὼστημα,
508 2590 770 2648 φαρμάκων
803 2588 849 2636 δ’
871 2591 963 2646 άρα
991 2593 997 2647 Ι
1027 2591 1126 2649 [καὶ
1159 2591 1330 2646 ἰατρῶν
1362 2591 1442 2635 καὶ
1475 2591 1686 2650 ἐπῳδῶν]
1718 2590 1838 2649 ἄλλῳ
1863 2605 1938 2646 μ-ε

244 2648 369 2704 λήσει
551 2654 606 2693 10
652 2648 785 2705 πέρι.
805 2648 961 2706 ταφέα
992 2650 1157 2724 scripsi
1190 2664 1291 2694 cum
1327 2649 1378 2694 G.
1403 2636 1643 2694 Dindbrfio
1685 2649 1746 2692 ad
1778 2636 1936 2705 Steph.

245 2708 379 2753 Thes.
399 2723 431 2751 s.
453 2724 492 2752 v,
525 2709 809 2765 περιταφεύς
868 2708 1129 2765 περιταφέα
1153 2709 1263 2753 libri
1295 2709 1395 2765 (sed
1418 2709 1470 2752 τὸ
1503 2706 1822 2764 περιταφέα
1853 2708 1937 2765 οὐχ

246 2766 337 2822 ὁρῶ
385 2766 580 2824 δόκιμον
629 2766 715 2812 ὅσα
761 2767 878 2823 κάμὲ
921 2766 1076 2842 λόγοις
1118 2768 1324 2825 ἐντυχεῖν
1368 2768 1417 2810 in
1451 2782 1585 2825 marg
1627 2766 1708 2823 V2)
1757 2767 1848 2810 edd

247 2830 300 2868 15
334 2825 536 2882 φήσουσι
569 2828 654 2871 Mo
791 2831 845 2870 18
879 2824 1042 2883 στίφος
1071 2827 1181 2871 libri
1215 2828 1271 2870 cf.
1296 2843 1341 2883 p.
1361 2831 1462 2881 501,
1480 2832 1536 2870 24
1660 2830 1712 2870 19
1745 2824 1937 2869 κύπτειν

245 2916 291 2957 Ρ
319 2915 402 2958 sed
432 2931 461 2957 v
491 2914 540 2957 in
565 2928 640 2958 ras
666 2929 690 2958 e
716 2932 772 2970 ρυ
805 2917 859 2958 ut
888 2915 1073 2958 videtur
1105 2929 1207 2959 corr
1229 2914 1300 2958 m²
1360 2901 1551 2959 {tvm-ew
1578 2915 1638 2958 M
1756 2917 1811 2957 20
1844 2913 1936 2970 sig-

243 2987 356 3016 num
387 2973 769 3030 interrogationis
801 2975 937 3030 posui
971 2988 996 3018 e
1029 2975 1073 3018 V
