2054 3140
691 125 917 169 LIBANII
949 124 1172 170 ORATIO
1204 125 1290 168 ΧΠ
1771 125 1843 179 23

159 265 333 316 ναίων
379 262 644 329 λογισμὸν
688 261 779 314 καὶ
824 262 885 314 τὸ
934 267 1141 330 στῆθος
1193 258 1396 330 πλήξας
1446 261 1536 314 καὶ
1581 261 1843 324 κελεύσας

158 353 231 421 μὴ
269 358 625 420 μνησικακεῖν
664 342 781 412 οἷος
818 346 889 418 ἦν
922 352 929 415 Ι
965 349 1177 412 ἀδόλως
1214 358 1533 417 συμπονεῖν.
1784 362 1825 406 Β,
1847 366 1932 405 379

271 439 357 492 42.
412 440 493 492 Αἱ
534 439 637 508 μὲν
683 439 789 508 πρὸ
837 446 933 506 τῆς
977 440 1256 506 βασιλείας
1296 438 1533 492 εὐθῦναι
1579 446 1845 506 τοιαῦται,

159 528 337 582 πάντα
375 526 445 580 ἂν
483 529 747 596 λογιστὴν
785 526 1076 596 ἐπαινέτην
1115 529 1397 594 λαβοῦσαι.
1471 527 1847 596 ὁόκιμάζωμεν

166 614 227 670 δὲ
263 617 354 670 καὶ
392 618 490 669 τὸν
527 618 871 686 κυβερνήτην
908 617 1006 669 τὸν
1044 617 1148 684 ἤδη
1186 623 1452 668 κινοῦντα
1482 617 1613 678 τοὺς
1643 621 1846 679 οἰάκας.
1894 637 1913 669 5

161 706 191 760 ὁ
230 706 332 772 μὲν
371 702 475 758 οὗν
513 703 802 774 ἐκπέμπων
841 703 929 758 ἐπὶ
968 707 1266 774 πολεμίους
1305 700 1366 757 εὖ
1402 704 1740 774 πράττοντας
1779 705 1845 758 οὐ

158 795 320 863 νίκην
360 795 530 847 αἰτῶν
567 793 701 847 οὐδὲ
751 792 950 864 κράτος
995 793 1128 847 οὐδὲ
1177 793 1488 863 ἀριστεύειν
1539 790 1848 860 ἐξέπεμπεν.

161 882 249 935 43.
305 882 478 945 εὐθὺς
524 883 628 952 γὰρ
675 882 824 954 αὐτῷ
870 882 1166 952 μετάμελος
1214 880 1383 953 εἰσῄει
1431 883 1697 950 λογισμὸν
1747 882 1850 935 οὐκ

161 969 320 1041 ἔχων,
361 970 478 1024 ἐπεὶ
516 971 606 1024 καὶ
644 970 741 1034 οὓς
773 970 1197 1024 συναπέστειλεν
1228 970 1290 1024 ἐν
1320 968 1468 1033 τάξει
1499 971 1848 1038 συμβούλων,

164 1061 412 1123 κωλυτὰς
465 1061 644 1129 ἔργων
700 1061 993 1128 γενναίων,
1057 1060 1123 1113 οὐ
1185 1058 1514 1129 παραινέτας
1574 1057 1849 1128 ἐξέπεμπε,
1873 1081 1915 1112 10

165 1151 403 1203 Φοίνικα
435 1149 496 1202 δὲ
527 1147 722 1220 ἐξαιρῶ
754 1157 855 1202 τοῦ
888 1151 1074 1218 λόγου,
1112 1156 1412 1218 τοιγαροῦν
1450 1149 1626 1211 εὐθὺς
1659 1147 1849 1216 ἀφείλ-

162 1258 304 1307 κετο,
335 1241 545 1306 μᾶλλον
577 1235 637 1290 δὲ
666 1237 921 1307 ἐφοβεῖτο
946 1239 1048 1307 τὴν
1071 1245 1170 1291 τοῦ
1196 1238 1572 1308 συνάρχοντος
1596 1238 1850 1290 εὔκλειαν

158 1327 193 1397 ἢ
230 1328 332 1396 τὴν
370 1336 482 1380 τῶν
520 1325 788 1380 ἐναντίων
825 1326 1012 1396 ὕβριν,
1050 1325 1142 1380 καὶ
1179 1327 1241 1379 τὸ
1283 1327 1356 1395 μὴ
1394 1333 1596 1380 τοῦτον
1635 1325 1848 1379 ε’παινε-
1890 1321 1901 1333 '

161 1421 335 1484 θῆναι
358 1422 458 1469 τοῦ
483 1418 759 1484 πληγῆναι
784 1417 912 1478 τοὺς
940 1417 1237 1482 πολεμίους
1266 1416 1430 1484 ἥδιον
1452 1411 1536 1483 ἧν.
1604 1414 1691 1467 44.
1724 1413 1841 1467 ἀλλ’

161 1503 378 1558 ἐκείνου
430 1512 758 1574 κατηγορεῖν
812 1502 932 1573 ἐμοὶ
982 1501 1084 1573 μὲν
1134 1503 1234 1573 οὐχ
1283 1503 1415 1572 ἡδύ,
1473 1510 1548 1576 τῷ
1597 1505 1739 1575 λόγῳ
1788 1503 1849 1556 δὲ
1873 1524 1915 1556 15

162 1592 387 1661 ἀνάγκη.
442 1593 731 1660 διαστῆσαι
756 1593 860 1662 γὰρ
885 1593 985 1661 τὴν
1010 1592 1290 1661 εὐφημίαν
1315 1591 1419 1645 ἀπὸ
1451 1600 1563 1645 τῶν
1592 1590 1849 1660 μέμψεων

164 1681 266 1734 οὐκ
304 1678 469 1734 ἔστιν.
545 1679 810 1751 ὁρμηθεὶς
847 1683 1042 1734 τοίνυν
1086 1679 1139 1744 ἐξ
1173 1679 1403 1743 Ἰταλίας
1450 1682 1557 1733 σὺν
1603 1680 1848 1742 ὁπλίταις

164 1768 449 1822 ἐλάττοσιν
494 1768 527 1837 ἢ
573 1771 945 1836 τετρακοσίοις
992 1768 1052 1821 ἐν
1092 1768 1232 1839 ἀκμῇ
1272 1776 1370 1822 τοῦ
1411 1777 1700 1838 χειμῶνος,
1747 1770 1849 1837 τὴν

168 1854 228 1910 δὲ
267 1865 362 1925 τῆς
401 1857 545 1924 ὥρας
582 1856 915 1926 ὑπερβολήν,
955 1859 1024 1926 ἣν
1063 1856 1322 1910 ἐνιαυτοῦ
1361 1858 1562 1920 κύκλος
1593 1855 1849 1925 ἐφίστησι

162 1953 278 2008 τοῖς
323 1947 535 2013 τόποις,
591 1946 648 1998 οἶ
689 1946 791 2014 μὲν
835 1945 991 2014 ὑμῶν
1037 1947 1293 2015 ἤνεγκαν,
1349 1947 1402 1999 οἱ
1454 1945 1516 1999 δὲ
1565 1945 1846 2014 ἀκηκόασι,
1872 1967 1915 2000 20

283 2125 304 2163 1
338 2119 501 2164 Aeseh.
521 2119 579 2164 de
603 2119 706 2163 fals.
724 2119 815 2178 leg.
836 2125 860 2174 ξ
882 2124 978 2164 176.
1029 2135 1064 2164 c.
1084 2121 1200 2165 Tim.
1227 2125 1251 2174 ἓ
1277 2124 1376 2164 208.
1425 2120 1599 2164 Andoc.
1627 2120 1684 2164 de
1707 2122 1846 2176 myst.

162 2183 188 2232 ξ
222 2183 289 2222 79.
324 2183 392 2222 81.
428 2183 496 2222 90.
526 2179 531 2237 Ι
562 2178 644 2222 Od.
677 2197 706 2223 v
733 2184 786 2222 17
821 2179 879 2224 cf.
910 2179 1036 2224 Decl.
1071 2179 1265 2237 Cephali
1295 2180 1448 2223 Herm.
1483 2179 1547 2222 IX
1571 2184 1641 2233 56,
1670 2185 1774 2235 lsq.

161 2242 188 2282 8
220 2237 363 2282 Thuo.
388 2238 474 2282 VH
497 2242 568 2293 55,
589 2243 610 2282 1
758 2243 809 2281 11
843 2239 1132 2284 Σαλούστιον
1163 2239 1327 2282 Iulian.
1354 2239 1382 2283 l.
1401 2239 1432 2283 1.
1463 2254 1507 2295 p.
1536 2238 1755 2294 281Dsq.
1789 2238 1846 2282 cf.

161 2296 416 2342 Mommsen
439 2297 595 2341 Herm.
621 2297 812 2342 XXXVI
839 2302 925 2342 535
961 2301 966 2355 Ι
1001 2298 1120 2342 Plat.
1145 2298 1342 2342 Phaedr.
1375 2313 1419 2354 p.
1448 2302 1532 2342 242
1550 2298 1601 2341 Β.
1656 2297 1849 2354 Rep.V1

161 2371 204 2412 p.
230 2361 315 2400 492
333 2356 383 2400 E.
447 2355 583 2400 Conv.
615 2371 661 2413 p.
690 2360 772 2400 176
792 2355 838 2401 O.
963 2362 1015 2402 17
1031 2372 1096 2414 sq.
1129 2357 1295 2401 Iulian.
1327 2357 1357 2402 1.
1384 2357 1414 2402 l.
1447 2372 1492 2414 p.
1520 2356 1659 2401 277D

278 2523 306 2562 4
359 2519 576 2576 λογισμὸν
626 2520 664 2564 0
706 2519 788 2563 sed
834 2519 944 2577 στὴν
999 2533 1225 2576 suprascr
1258 2521 1288 2575 f
1336 2521 1342 2576 Ι
1400 2519 1704 2576 δοκιμάζομεν
1744 2519 1787 2561 V

162 2582 188 2621 5
235 2578 285 2621 δὲ
326 2576 414 2634 ἤδη
454 2579 534 2622 καὶ
570 2578 652 2622 τὸν
690 2578 975 2636 κυβερνήτην
1014 2586 1236 2623 κινοῦντα
1268 2581 1314 2623 Β
1493 2583 1519 2622 8
1569 2578 1711 2622 αὐτὸν
1743 2578 1788 2621 Β

159 2641 241 2739 23.
249 2633 869 2740 ⁸f0222855232332112‘33115’532
880 2637 1332 2750 Ἥοὲἰθὲἰὸῗὲὃν
1367 2635 1847 2779 {}“133'12¹¹P¹33t531{1s¹

161 2754 611 2858 ἓξὲῗουαξέῗέευτα
642 2732 1211 2858 {2fe{{]li1{ct{rgrffme}{n
1242 2757 1471 2858 Υέεεῇοὶξ
1479 2814 1562 2870 μὲν
1597 2760 1767 2870 ὲόζεὲἕ
1798 2754 1849 2856 {3

159 2870 265 2972 lclggi
278 2871 469 2974 uffiagrdel
498 2873 543 2929 f)
576 2873 777 2918 APBM
796 2873 864 2917 Re
995 2879 1048 2917 16
1080 2873 1174 2917 ἀπὸ
1206 2887 1282 2917 om
1307 2875 1351 2917 B
1484 2877 1539 2916 20
1570 2872 1699 2929 ἡμῶν
1733 2873 1775 2915 V
1801 2873 1848 2915 eb
