2072 3162
669 101 897 145 LIBANH
928 99 1152 145 ORATIO
1184 99 1292 144 XIV
1719 99 1829 152 105

134 242 211 302 εἰς
250 239 310 292 τὸ
350 243 690 308 λειτουργεῖν
729 235 992 306 ἀφίξεται.
1068 235 1159 289 καὶ
1206 237 1310 306 γὰρ
1351 237 1398 289 εἰ
1436 243 1601 289 τοῦτο
1641 236 1828 304 φαίης,

134 328 208 390 ὡς
255 328 449 389 δώσεις
495 327 664 394 ψιλὴν
711 325 961 378 ἀτέλειαν
1007 323 1147 378 ἐτῶν
1194 326 1264 393 δή
1309 344 1479 378 τινων
1523 324 1614 377 καὶ
1660 331 1827 377 τοῦτο

133 419 395 486 προσήκει
434 413 700 484 στέργειν,
741 414 824 467 ὅτι
856 410 957 483 μὲν
988 415 1376 482 ταπεινότερον
1413 421 1577 466 τοῦτο
1610 411 1826 466 ἐκείνου

133 506 221 557 καὶ
275 504 376 557 οὐκ
426 503 709 572 ἀρκοῦσαν
763 505 892 572 ἔχον
944 509 1019 575 τῷ
1070 510 1311 555 τοσαῦτα
1370 504 1674 555 πεπονθότι
1727 503 1828 570 τὴν

132 594 508 663 παραμυθίαν,
550 590 710 659 ἐάσω,
758 590 894 644 ἀλλά
943 593 1035 644 σοί
1069 611 1131 659 γε
1171 591 1273 643 οὐκ
1313 589 1383 643 ἂν
1430 596 1511 659 εἴη
1558 597 1657 643 τοῦ
1704 592 1827 658 βελ-
1874 613 1898 645 ⁵

132 686 318 743 τίονος
357 682 540 746 λόγου.
603 680 691 732 48.
732 681 903 749 δῆλον
941 680 1064 750 γάρ,
1105 679 1178 742 ὡς
1210 678 1279 732 ἂν
1311 678 1500 747 ἀτελὴς
1530 687 1827 749 περινοστῇ

133 768 259 838 μηδ’
290 767 352 822 ἐν
391 769 537 841 ἄλλῳ
576 789 651 840 τῳ
691 770 794 837 τὴν
834 767 929 837 ἀφ’
962 767 1161 821 ἑαυτοῦ
1201 770 1572 838 παρεχόμενος
1620 769 1827 836 χρείαν,

132 859 328 911 ἄνισον
379 856 524 921 δόξει
570 858 630 910 τὸ
677 865 923 927 πρᾶγμα,
973 857 1064 910 καὶ
1115 859 1347 925 λυπήσει
1398 859 1528 918 τοὺς
1583 860 1828 925 λειτουρ-

131 953 392 1015 γοῦντας,
442 952 610 1009 εἴτις
647 955 758 999 τῶν
799 944 1027 999 ἐκείνων
1066 944 1437 1012 ἀναλωμάτων
1482 946 1697 1014 θεωρὸς
1734 962 1827 997 πε-

133 1039 335 1106 ρίεισιν
375 1035 576 1102 ὁμοίως
607 1043 706 1088 τοῦ
738 1055 796 1088 τε
828 1038 1172 1102 λειτουργεῖν
1203 1035 1292 1087 καὶ
1324 1035 1501 1103 πάσης
1532 1033 1827 1102 ἀφειμένος
1852 1056 1900 1088 10

132 1125 428 1187 διακονίας.
495 1126 582 1177 49.
621 1123 712 1177 καὶ
751 1125 992 1186 πολλούς
1032 1144 1094 1192 γε
1124 1125 1257 1187 τοὺς
1296 1133 1408 1177 τῶν
1447 1123 1632 1176 αὐτῶν
1671 1121 1827 1186 ἀξιώ-

132 1227 331 1276 σοντας
384 1223 572 1282 τυχεῖν
626 1214 902 1283 εὑρήσεις·
972 1213 1039 1266 οὐ
1094 1215 1199 1282 γὰρ
1255 1212 1636 1283 ἀπορήσουσιν
1689 1212 1828 1265 ὅθεν

132 1300 542 1371 ἐνοχλήσουσιν.
620 1295 703 1364 οἷς
750 1303 798 1355 εἰ
836 1299 939 1371 μὲν
977 1303 1149 1355 ἅπασι
1186 1302 1287 1370 τὴν
1326 1301 1575 1354 ἀτέλειαν
1614 1302 1827 1369 δώσεις,

131 1392 360 1458 βλάψεις
398 1392 493 1454 τὰς
530 1393 733 1459 πόλεις,
773 1392 821 1444 εἰ
861 1391 922 1444 δὲ
954 1389 1145 1444 οὐδενὶ
1183 1391 1329 1459 πλὴν
1366 1391 1548 1458 τοῦδε,
1586 1391 1828 1452 πολλοὺς

132 1478 388 1542 ἀνιάσεις.
464 1481 643 1533 πάντα
689 1476 750 1532 δὲ
801 1480 1050 1548 ἄμεμπτα
1100 1482 1409 1548 βουλοίμην
1459 1478 1529 1531 ἂν
1576 1475 1718 1531 εἶναι
1759 1479 1826 1530 τὰ
1851 1499 1897 1532 15

134 1568 219 1634 σά,
257 1569 508 1638 καθάπερ
548 1569 614 1620 τά
652 1577 763 1621 τῶν
792 1573 959 1621 θεῶν.
1026 1567 1112 1620 50.
1153 1565 1225 1619 ἵν’
1258 1563 1360 1620 οὖν
1391 1568 1464 1635 μὴ
1497 1569 1828 1635 Κορινθίων

132 1653 238 1725 μὲν
276 1658 330 1709 οἱ
362 1657 557 1709 πολλοὶ
599 1658 692 1709 διὰ
728 1658 830 1725 τὴν
859 1655 1240 1726 Ἀριστοφάνει
1280 1657 1549 1709 δοθεῖσαν
1581 1655 1832 1709 ἀτέλειαν

136 1745 451 1813 διαφύγωσι
487 1746 547 1798 τὸ
580 1749 940 1814 λειτουργεῖν,
974 1743 1213 1814 Ἀργεῖοι
1246 1741 1306 1798 δὲ
1341 1746 1433 1798 διὰ
1464 1747 1829 1814 Κορινθίους,

135 1837 480 1903 Σπαρτιᾶται
521 1834 582 1887 δὲ
622 1835 713 1887 διὰ
752 1837 881 1897 τοὺς
914 1833 1177 1904 Ἀργείων
1216 1833 1446 1902 ἀτελεῖς,
1486 1843 1597 1886 τῶν
1637 1830 1698 1886 δὲ
1737 1834 1829 1886 ἄλ-

134 1926 246 1974 λων
292 1921 508 1975 ἕκαστοι
556 1924 647 1975 διὰ
693 1925 824 1986 τοὺς
867 1926 1123 1992 πλησιόν,
1170 1921 1418 1991 γενέσθω
1469 1942 1520 1975 τι
1572 1930 1829 1975 τοιοῦτον
1854 1944 1902 1975 20

125 2009 509 2079 Ἀριστοφάνει
563 2013 710 2081 παρὰ
762 2020 857 2080 τῆς
919 2020 1017 2080 σῆς
1079 2013 1351 2080 διανοίας,
1414 2011 1443 2065 ὃ
1494 2012 1672 2083 τούτῳ
1727 2007 1830 2078 μὲν

134 2099 444 2169 εὐσχήμονα
501 2098 507 2171 Ι
564 2102 664 2169 τὴν
704 2100 1018 2154 ἀνάπαυσιν
1059 2106 1216 2169 οἴσει,
1255 2103 1387 2163 τοὺς
1427 2097 1487 2153 δὲ
1528 2102 1731 2162 ἄλλους
1769 2112 1921 2155 R443

135 2188 236 2241 οὐκ
284 2187 430 2242 ἐάσει
481 2189 911 2258 δαπανωμένους
950 2189 1298 2258 ἀγανακτεῖν,
1345 2190 1417 2252 ὡς
1463 2188 1533 2241 ἂν
1573 2188 1828 2242 ἐλαττου-

134 2276 350 2344 μένους.
428 2277 514 2331 51.
556 2278 622 2331 οὐ
655 2279 759 2348 γὰρ
802 2277 995 2348 ἑτέρως
1034 2297 1095 2346 γε
1134 2280 1186 2331 ει’
1220 2281 1478 2347 τιμηθειή
1518 2297 1615 2346 τις,
1654 2278 1716 2330 τὸ
1755 2278 1827 2345 μὴ

132 2373 265 2418 πᾶσι
311 2365 574 2433 γενέσθαι
612 2369 714 2435 τὴν
753 2367 927 2435 αὐτὴν
965 2368 1131 2435 τιμὴν
1181 2366 1242 2419 ἐν
1281 2365 1580 2435 ἐγκλήμασι
1621 2367 1827 2434 θήσον-
1851 2386 1897 2419 25

133 2473 239 2522 ται,
280 2453 402 2506 ἀλλ’
434 2453 612 2508 ἐκεῖνο
652 2452 754 2522 μὲν
793 2459 1113 2523 λογιοῦνται
1152 2463 1217 2525 τῇ
1256 2462 1356 2508 τοῦ
1395 2456 1662 2523 λαβόντος
1691 2455 1830 2523 πρὸς

256 2619 282 2657 2
314 2615 460 2659 τούτω
486 2615 671 2659 UBMI
695 2615 777 2659 sed
801 2615 850 2658 in
874 2615 962 2659 hoc
986 2615 1035 2658 in
1059 2622 1194 2659 τοῦτο
1221 2628 1322 2658 corr
1336 2614 1407 2658 m'
1527 2619 1553 2658 5
1584 2621 1720 2658 τοῦτο
1743 2620 1826 2657 τοῦ

144 2673 184 2716 V
215 2674 340 2729 quod
371 2673 577 2731 praefert
601 2673 759 2718 Gasda
882 2678 904 2717 7
938 2671 1029 2730 ἀφ’
1059 2689 1135 2718 om
1159 2676 1204 2718 B
1266 2675 1410 2718 αὐτοῦ
1435 2674 1480 2716 Β
1611 2678 1661 2716 11
1690 2673 1827 2725 ἀξιώ-

140 2746 313 2784 σαντας
344 2733 493 2778 UBM
613 2737 666 2776 15
707 2731 766 2777 ἂν
800 2746 875 2776 om
905 2735 951 2778 B
1074 2737 1127 2777 19
1165 2730 1211 2777 δ’
1240 2733 1307 2776 Re
1428 2737 1484 2775 20
1511 2733 1690 2782 >ἀτελεῖς
1721 2733 1831 2788 post.

137 2789 335 2847 πλησίον
365 2794 410 2836 A
452 2792 533 2837 sed
563 2792 633 2835 m¹
677 2792 866 2848 punctis
914 2792 1140 2846 deletum,
1188 2794 1235 2835 et
1273 2792 1342 2836 Re
1398 2796 1405 2850 Ι
1460 2789 1504 2835 τί
1536 2792 1773 2835 A'VIBM

137 2853 191 2892 21
240 2851 321 2893 διὰ
351 2853 443 2895 ΑΡ
497 2853 502 2907 Ι
559 2856 641 2906 τῆς
679 2866 754 2895 om
786 2852 896 2894 Ferr
919 2851 1022 2894 Mor
1078 2854 1083 2907 Ι
1140 2851 1286 2895 τούτω
1320 2865 1345 2895 e
1375 2858 1510 2894 τοῦτο
1551 2864 1653 2893 corr
1678 2851 1740 2894 M
1750 2850 1767 2874 ³

139 2911 194 2950 24
227 2915 338 2963 „aut
370 2908 520 2965 ἕτερος
550 2916 633 2955 aut
664 2908 830 2969 ἑτέρῳ“
862 2910 930 2953 Re
954 2910 1095 2952 Anim
1215 2915 1270 2954 25
1304 2909 1549 2966 ἐγκλήματι
1579 2909 1648 2951 Re
