2060 3162
249 164 355 216 368
763 164 990 208 LIBANII
1021 165 1242 210 ORATIO
1273 166 1421 210 XVIII

248 299 425 368 ἐπεῖχε
477 302 605 362 τοὺς
657 300 988 369 βαρβάρους,
1042 302 1275 370 φίλτρον
1329 298 1390 354 δὲ
1442 303 1570 364 τοὺς
1621 299 1916 369 ὑπηκόους,

248 397 361 450 πῶς
400 388 498 440 οὐκ
539 387 692 452 ἄξιον
732 387 989 459 ἑκάτερον
1026 390 1332 458 θαυμάσαι,
1371 389 1462 443 καὶ
1503 391 1563 443 τὸ
1602 398 1718 452 τοῖς
1764 389 1918 442 ἐναν-

248 479 384 539 τίοις
450 476 572 540 δέος
637 476 891 545 ἐμβαλεῖν
955 478 1043 530 καὶ
1106 478 1167 531 τὸ
1233 488 1346 541 τοῖς
1407 480 1628 541 οἰκείοις
1696 478 1917 531 εὔνοιαν

249 564 497 621 ἐνθεῖναι
565 564 597 632 ἢ
667 566 715 618 εἰ
788 566 978 633 βούλει
1047 586 1135 634 γε,
1212 565 1541 636 ἀμφοτέροις
1616 566 1918 636 ἀμφότερα;

206 675 225 707 5
250 654 372 706 301.
413 653 618 706 οὐκοῦν
655 655 747 707 καὶ
783 661 946 707 τοῦτο
985 662 1080 723 τῆς
1118 656 1288 723 λύπης
1326 656 1455 724 ἡμῖν
1494 655 1791 724 ἀφαιρείτω
1829 654 1918 707 καὶ

249 744 386 812 πρὸς
423 743 598 814 τούτῳ
638 741 684 810 γ’
718 741 894 795 ἐκεῖνο
934 744 994 796 τὸ
1032 743 1239 812 μηδένα
1277 753 1387 797 τῶν
1422 743 1737 814 ἀρχομένων
1774 740 1920 812 ἔχειν

249 827 379 883 ποτὲ
418 831 555 900 πρὸς
593 831 761 884 αὑτὸν
807 833 997 900 εἰπεῖν,
1047 832 1118 894 ὡς
1164 833 1269 901 ἄρα
1316 832 1415 901 οὐχ
1460 832 1566 885 ὑπὸ
1612 833 1920 902 κρείττονος

161 932 203 976 R
224 936 309 976 624
349 921 583 990 ἄρχοιτο.
651 921 731 982 τίς
765 918 770 991 Ι
806 921 909 990 γὰρ
947 918 1161 974 ἐκείνου
1208 921 1544 990 δικαιότερος
1589 921 1920 988 βασιλεύειν,

251 1009 299 1061 εἰ
345 1009 443 1061 τὸν
486 1009 576 1061 καὶ
622 1015 695 1081 τῷ
736 1017 969 1079 φρονεῖν
1013 1010 1104 1062 καὶ
1148 1015 1222 1081 τῷ
1271 1010 1549 1062 δύνασθαι
1598 1008 1778 1077 λέγειν
1829 1007 1921 1062 καὶ

187 1119 230 1151 10
252 1105 369 1159 ταῖς
408 1097 595 1160 ἄλλαις
634 1097 847 1166 ἀρεταῖς
886 1097 1219 1167 διαφέροντα
1255 1107 1365 1151 τῶν
1397 1099 1577 1151 ἄλλων
1614 1084 1730 1162 τοῖς
1759 1093 1922 1166 ἦττον

252 1185 486 1253 ἀγαθοῖς
539 1184 846 1239 ἐπιστατεῖν
899 1185 1078 1251 ἄξιονς
1147 1186 1269 1239 302.
1323 1187 1493 1239 αὐτὸν
1545 1183 1646 1253 μὲν
1699 1186 1800 1239 οὐκ
1852 1185 1922 1239 ἂν

253 1275 482 1343 ἴδοιμεν,
521 1277 649 1337 τοὺς
688 1275 749 1327 δὲ
781 1274 993 1328 ἐκείνου
1025 1277 1223 1343 λόγους
1260 1273 1411 1328 ἔστιν
1448 1276 1588 1328 ἰδεῖν
1626 1277 1755 1338 τοὺς
1793 1277 1924 1328 πολ-

251 1365 384 1426 λοὺς
420 1363 509 1416 καὶ
547 1364 753 1426 πάντας
799 1365 904 1416 σὺν
948 1362 1122 1433 τέχνῃ.
1198 1365 1373 1416 καίτοι
1417 1373 1528 1416 τῶν
1575 1362 1634 1416 ἐν
1680 1369 1753 1436 τῷ
1795 1363 1924 1433 γρά-

253 1471 381 1520 φειν
404 1454 919 1522 καταγεγηρακότων
950 1453 1004 1505 οἱ
1030 1450 1225 1505 πολλοὶ
1257 1453 1479 1514 πλείους
1510 1454 1720 1521 ἔφυγον
1745 1453 1925 1519 λόγων

187 1561 227 1594 15
253 1539 416 1603 ὁδοὺς
453 1539 486 1608 ἢ
527 1541 658 1604 ὅσας
697 1540 884 1594 ἐλθεῖν
921 1539 1255 1611 ἐθάρρησαν,
1295 1541 1431 1594 ὥστε
1469 1541 1539 1609 μὴ
1577 1537 1718 1594 εἶναι
1756 1541 1923 1593 πλείω

253 1631 569 1697 φιλοτιμίαν
622 1630 808 1692 αὐτοῖς
857 1628 916 1682 ἐκ
968 1639 1079 1683 τῶν
1131 1628 1511 1698 πεποιημένων
1555 1628 1588 1697 ἢ
1638 1631 1817 1697 ψόγον
1866 1627 1926 1682 ἐκ

251 1726 364 1770 τῶν
422 1718 494 1786 μὴ
555 1717 960 1788 γεγραμμένων,
1015 1718 1051 1772 ’ὁ
1107 1718 1167 1771 δὲ
1219 1722 1473 1787 πολεμῶν
1532 1736 1590 1770 τε
1643 1716 1781 1784 ὁμοῦ
1835 1717 1925 1770 καὶ

254 1806 505 1859 πλάττων
544 1808 742 1875 λόγους
788 1807 962 1869 πάσας
1008 1807 1223 1876 μορφὰς
1267 1805 1656 1859 καταλέλοιπεν
1695 1805 1925 1868 ἁπάσαις

254 1891 355 1960 μὲν
404 1895 644 1957 ἅπαντας
689 1905 877 1963 νικῶν,
926 1896 992 1949 τὰ
1042 1894 1091 1947 δ’
1123 1895 1293 1948 αὑτοῦ
1344 1903 1408 1965 τῇ
1457 1904 1567 1947 τῶν
1613 1893 1926 1946 ἐπιστολῶν.

188 2005 231 2036 20
257 1982 378 2033 303.
417 1990 586 2035 ταῦτα
625 1981 729 2050 ἐγὼ
769 1985 1064 2052 λαμβάνων
1101 1986 1460 2052 παραμυθίαν
1493 1984 1795 2052 πορίζομαι,
1836 1981 1927 2034 διὰ

254 2070 465 2122 τούτων
502 2070 656 2136 ὑμεῖς
694 2080 803 2123 τῶν
841 2070 1083 2139 ἐκγόνων
1121 2073 1219 2139 τὴν
1253 2072 1431 2138 λύπην
1462 2075 1647 2123 οἴσετε.
1724 2069 1923 2130 παῖδας

376 2199 398 2236 1
432 2192 711 2260 βαρβάρους]
743 2191 988 2249 πολεμίους
1016 2194 1085 2237 Re
1217 2199 1244 2236 4
1277 2193 1318 2236 εἰ
1347 2193 1471 2236 inser
1501 2192 1558 2234 1³
1692 2196 1717 2234 5
1749 2192 1857 2248 ὑμῖν
1890 2192 1935 2236 V

257 2252 338 2295 sed
375 2269 404 2295 ν
443 2252 492 2295 111
529 2266 603 2295 ras
732 2255 757 2294 6
797 2267 847 2309 γε
886 2254 931 2296 Β
987 2253 993 2310 Ι
1051 2252 1197 2296 ἐκεῖνο
1235 2253 1271 2295 Ι
1303 2251 1384 2294 sed
1421 2252 1528 2306 post
1565 2267 1588 2294 ο
1627 2264 1701 2294 ras
1743 2208 1885 2294 1μ11τ1,
1920 2250 1925 2309 Ι

256 2309 364 2367 μήὃ
388 2310 469 2355 ενα
486 2312 560 2355 La
680 2315 703 2353 ’1
729 2310 871 2355 ἁυτὸν
895 2312 930 2354 Ι
947 2311 1028 2354 sed
1052 2310 1158 2367 spir.
1186 2324 1325 2367 supra.
1347 2327 1376 2353 v
1397 2323 1498 2353 eras
1560 2309 1702 2353 αὐτὸν
1719 2309 1929 2354 BMoLa

256 2378 358 2420 Mor
386 2376 509 2420 Fabr
579 2368 720 2421 αυτὸν
753 2378 816 2421 Μ
841 2374 959 2419 sed‘
999 2376 1092 2419 add
1122 2376 1192 2419 m⁸
1273 2376 1416 2421 αυτὸν
1457 2376 1501 2421 U
1643 2381 1669 2420 8
1701 2376 1859 2432 ἄγοιτο
1893 2376 1938 2420 V

317 2440 342 2478 9
383 2435 440 2493 εἰ]
481 2452 536 2492 γρ
576 2436 637 2486 ὡς
673 2436 722 2478 111
759 2449 892 2492 marg
930 2435 1030 2478 Mor
1082 2437 1087 2492 Ι
1144 2442 1403 2491 σωφρονεῖν
1442 2435 1486 2478 V
1631 2439 1683 2478 11
1723 2450 1771 2478 τε
1808 2434 1930 2478 inter

259 2494 515 2539 ἐπιστατεῖν
547 2496 594 2538 et
623 2494 756 2547 ἄξιον
786 2494 887 2538 Mor
917 2494 1039 2538 Fabr
1113 2494 1335 2551 expunxit
1365 2494 1432 2538 Re
1482 2494 1488 2552 Ι
1537 2493 1620 2550 μὲν
1651 2490 1736 2538 οὖν
1768 2493 1853 2536 οὐκ
1892 2493 1937 2537 V

320 2558 372 2595 12
417 2554 616 2609 ἔγνωμεν
646 2553 747 2597 Mor
778 2553 858 2608 qui
889 2570 943 2626 γρ
976 2552 1168 2627 εἴδωμεν
1200 2553 1249 2596 111
1279 2566 1411 2610 marg
1445 2553 1600 2607 habet,
1631 2552 1754 2595 Fabr
1780 2552 1786 2609 Ι
1813 2548 1859 2596 δ’
1887 2552 1934 2595 Ρ

260 2613 306 2654 et
337 2625 361 2654 e
393 2611 444 2656 δὲ
477 2627 575 2655 corr
606 2611 663 2656 1²
704 2616 710 2669 Ι
751 2612 802 2656 δὲ
835 2610 1037 2715 {nehem}
1067 2610 1245 2656 ἐκείνου
1277 2612 1327 2657 δὲ
1360 2614 1434 2656 La
1589 2614 1641 2654 15
1673 2610 1753 2667 μὴ]
1785 2626 1840 2666 γρ
1872 2610 1928 2653 οὐ

258 2670 307 2713 111
338 2683 470 2727 marg
500 2671 601 2715 Mor
715 2676 767 2715 16
798 2686 1013 2727 πεπονημ
1038 2688 1131 2715 νων
1160 2672 1299 2715 ΒΙΜ
1407 2674 1460 2713 19
1494 2670 1679 2714 απαντα
1712 2670 1780 2723 V!
1806 2667 1864 2711 τὰ
1888 2669 1934 2712 Ρ

260 2729 340 2772 sed
372 2728 402 2771 ὰ
435 2743 534 2773 corr
556 2731 624 2773 m³
651 2731 656 2786 Ι
685 2731 828 2774 αὑτοῦ
859 2731 904 2773 Ρ
931 2727 1046 2773 sed
1086 2729 1155 2773 m³
1214 2730 1358 2773 αὐτοῦ
1385 2730 1603 2774 MoLaM
1627 2727 1728 2771 Mor
1749 2726 1873 2770 Fabr

260 2795 402 2832 αυτοῦ
435 2789 504 2845 ΠΙ
531 2794 585 2844 τῆ
611 2791 657 2833 Ρ
684 2789 765 2832 sed
795 2794 824 2845 ῆ
856 2802 956 2832 corr
978 2788 1047 2832 m⁸
1109 2790 1166 2832 τὰ
1199 2790 1260 2833 Μ
1286 2788 1368 2832 sed
1399 2794 1427 2843 ῆ
1458 2799 1596 2844 supra
1627 2785 1658 2829 ὰ
1683 2785 1757 2853 ‚¹1¹³
1782 2785 1789 2843 Ι
1817 2783 1930 2843 δόξῃ

259 2847 366 2902 post
404 2846 651 2891 ἐπιστολῶν
688 2848 813 2891 inser
851 2848 953 2891 coni
991 2847 1092 2891 Mor
1237 2851 1292 2890 20
1330 2853 1476 2890 ταῦτα
1511 2843 1697 2901 reposui
1735 2857 1760 2888 e
1798 2843 1929 2887 libris

261 2902 406 2962 (ταῦτ’
438 2906 496 2962 V)
556 2906 726 2957 ταύτας
756 2905 847 2951 edd
966 2911 1019 2950 21
1041 2905 1181 2980 ἡμεῖς
1211 2907 1256 2950 Β
1294 2908 1300 2962 Ι
1339 2902 1539 2962 ἐγγόνων
1571 2905 1644 2948 La
1682 2905 1688 2960 Ι
1727 2901 1871 2947 οἴσετε
1902 2903 1939 2946 Ι

262 2963 342 3006 sed
375 2979 394 3008 ε
426 2966 486 3020 (2)
518 2964 567 3007 111
598 2979 672 3008 ras
702 2965 772 3008 1113
861 2979 999 3019 „num
1030 2961 1145 3025 ῥ’ᾷον
1178 2963 1348 3008 οἴσετε“
1379 2963 1447 3006 Re
