2054 3140
178 107 244 159 18
728 106 912 150 LIBAN
913 107 955 149 H
987 105 1209 150 ORATIO
1242 106 1327 150 ΧΠ

175 242 276 310 τὴν
312 243 535 312 πρώτην
573 242 792 311 ἡλικίαν
831 241 1141 311 ἀνενεγκὼν
1179 244 1281 312 τὴν
1310 244 1511 313 κρίσιν,
1553 243 1699 306 ὅπως
1730 245 1858 296 ταύ-

173 350 274 399 την
321 332 583 399 φαίνηται
627 333 1013 401 προσηκόντως
1058 332 1245 401 λαβὼν
1293 330 1384 385 καὶ
1431 330 1610 395 δείξας
1658 331 1859 402 ἀρετὴν

175 417 264 472 ἐπὶ
302 426 396 487 τῆς
434 417 697 482 ἐξουσίας.

84 520 231 564 R375
307 507 393 559 27.
465 505 471 578 Ι
530 505 664 560 Ὅσα
714 505 816 575 μὲν
870 503 973 560 οὗν
1018 510 1386 577 παιδαγωγῶν
1431 527 1488 562 τε
1527 508 1859 578 ἐγκειμένων

131 617 151 650 5
175 594 267 648 καὶ
299 595 647 649 διδασκάλων
679 597 1011 665 φοβούντων
1049 595 1267 660 ἐδέξατο
1299 605 1364 667 τῇ
1395 605 1542 668 ψυχῇ
1573 599 1639 650 τὰ
1669 607 1859 667 πρῶτα

172 694 284 737 τῶν
335 686 498 755 ἱερῶν
542 683 634 738 καὶ
680 686 781 754 τὴν
828 685 982 756 ῥίζαν
1029 688 1242 755 ἔχοντα,
1297 687 1470 739 εἰπεῖν
1522 688 1857 756 παραλείψω.

172 772 262 826 καὶ
300 774 404 842 γὰρ
445 774 493 826 εἰ
531 773 669 842 μηδὲ
706 776 830 827 τότε
867 775 928 827 τὸ
968 782 1064 842 τῆς
1108 776 1425 843 προθυμίας
1471 773 1632 843 ἀπῆν,
1680 780 1757 838 εἴς
1795 794 1857 843 γε

172 862 272 930 τὴν
309 871 421 915 τῶν
459 860 839 930 ἐφεστηκότων
878 863 1063 933 ὀφρὺν
1101 863 1134 931 ἡ
1168 861 1301 926 δόξα
1338 872 1450 916 τῶν
1487 865 1675 916 πόνων
1711 861 1860 933 ἔρχε-

171 969 273 1003 ται.
349 951 435 1003 28.
476 949 593 1002 ἀλλ’
632 949 819 1020 ἐπειδὴ
859 952 1070 1022 προῖὼν
1110 952 1138 1005 ὁ
1173 953 1372 1023 χρόνος
1409 952 1505 1015 τὰς
1542 948 1644 1020 μὲν
1674 952 1857 1005 τοιαύ-

106 1061 149 1094 10
171 1059 266 1102 τας
290 1038 529 1108 ἀνάγκας
559 1037 780 1109 ἔπαυσε,
811 1043 1016 1110 βουλῆς
1047 1041 1109 1094 δὲ
1138 1041 1338 1110 κύριον
1362 1039 1635 1109 ἐποίησεν,
1675 1041 1856 1110 ὥσπερ

171 1128 270 1181 τὸν
302 1125 597 1198 Ἡρακλέα,
644 1128 854 1200 ὑπῆρχε
902 1125 963 1182 δὲ
1000 1130 1093 1182 καὶ
1133 1130 1226 1182 διὰ
1272 1137 1366 1198 τῆς
1412 1131 1559 1192 λείας
1598 1132 1858 1198 ἔρχεσθαι

170 1215 261 1269 καὶ
300 1216 402 1270 οὐκ
440 1212 510 1284 ἦν
549 1217 578 1271 ὁ
609 1218 877 1271 κωλύσων
916 1219 993 1281 εἰς
1032 1211 1191 1271 οἶνον
1229 1216 1598 1288 ἐκφερόμενον
1637 1216 1728 1271 καὶ
1762 1218 1858 1270 κύ-

171 1307 305 1374 βους
342 1306 435 1358 καὶ
473 1306 740 1375 σωμάτων
780 1308 999 1376 ἔρωτας,
1039 1306 1127 1360 ἐπὶ
1163 1307 1261 1360 τὸν
1293 1308 1494 1376 ὄρθιον
1530 1307 1621 1359 καὶ
1651 1308 1858 1376 τραχὺν

173 1390 334 1464 οἶμον
374 1394 540 1465 ὁρμᾷ,
579 1403 675 1448 ποῖ
713 1394 894 1466 φέρει,
944 1398 1156 1462 μᾶλλον
1203 1397 1481 1464 σκοπήσας
1524 1394 1557 1463 ἢ
1599 1393 1671 1447 δι’
1710 1394 1859 1447 ὅσων

107 1505 148 1537 15
173 1486 436 1552 χαλεπῶν.
514 1483 598 1536 29.
653 1482 745 1536 καὶ
790 1483 956 1552 μέσος
1002 1485 1166 1537 δυοῖν
1212 1483 1494 1551 βασιλέοιν
1541 1483 1758 1551 ἰδιώτης
1796 1481 1860 1536 ἐν

178 1569 424 1643 Ἀστακίᾳ
461 1574 797 1641 καθήμενος,
851 1570 1019 1626 ἔνθεν
1072 1569 1174 1639 μὲν
1213 1572 1443 1636 ἀνεψιοῦ
1490 1579 1589 1626 τοῦ
1635 1573 1696 1624 τὸ
1746 1579 1858 1624 πᾶν

172 1659 370 1728 κράτος
408 1662 652 1729 ἔχοντος,
703 1658 975 1730 ἑτέρωθεν
1010 1658 1076 1726 ,δὲ
1115 1660 1362 1730 ἀδελφοῦ
1403 1659 1666 1730 δευτέραν
1703 1659 1858 1723 τάξιν

174 1749 488 1817 εἰληφότος,
529 1747 758 1802 ἐπέθετο
797 1754 1030 1818 κτήμασι
1068 1751 1348 1818 βασιλείας
1386 1751 1652 1817 καλλίοσι,
1700 1751 1857 1817 φιλο-

293 1913 318 1952 5
350 1908 541 1952 Aristid.
562 1923 624 1952 or.
640 1908 762 1951 XLII
777 1909 842 1952 t.1
857 1924 900 1966 p.
915 1913 1012 1964 773,
1029 1914 1054 1952 3
1078 1909 1217 1952 Dind.
1235 1909 1525 1966 Arist.Vesp.
1541 1913 1639 1953 831.
1673 1908 1854 1951 Thesm.

175 1971 258 2011 629
292 1967 418 2023 (Lob.
443 1967 548 2025 Agl.
575 1968 647 2023 54)
831 1973 883 2011 11
915 1967 1029 2011 Xen.
1055 1968 1191 2012 Mem.
1217 1968 1260 2011 H
1282 1973 1320 2021 1,
1347 1973 1400 2011 21
1585 1972 1637 2011 11
1650 1981 1714 2022 sq.
1747 1966 1854 2010 Hes.

173 2041 244 2083 op.
262 2031 347 2071 288
359 2042 423 2083 sq.
542 2030 595 2070 18
606 2040 672 2083 sq.
699 2025 876 2083 Eunap.
895 2027 973 2070 viss.
994 2027 1121 2083 soph.
1142 2027 1365 2084 (Maxim.)
1389 2042 1432 2083 p.
1452 2031 1522 2082 47,
1542 2031 1596 2070 26
1623 2026 1692 2070 ed.
1710 2026 1857 2069 Boiss.

294 2179 349 2217 16
375 2174 596 2232 ἀνεψιοῦ]
615 2180 701 2218 νῦν
719 2174 919 2230 ἀνεψιὸν
942 2172 1075 2232 λέγει,
1100 2172 1154 2219 ὃν
1179 2173 1310 2231 ἡμεῖς
1333 2176 1560 2230 καλοῦμεν
1587 2172 1854 2229 ἐξάδελφον.

173 2232 291 2289 λέγει
330 2232 381 2277 δὲ
413 2231 741 2277 Κωνστάντιον
779 2233 861 2278 τὸν
899 2240 981 2277 τοῦ
1022 2232 1219 2291 μεγάλου
1257 2230 1615 2277 Κωνσταντίνου
1653 2230 1757 2276 υἱόν
1802 2230 1861 2276 Cf

231 2290 629 2406 τέτὲοιΡῗξαδέλφου
667 2298 749 2336 τοῦ
787 2290 1102 2337 κωνσταντίου
1142 2290 1499 2347 (κωνσταντίνου
1531 2293 1592 2348 A)
1638 2292 1684 2336 A
1717 2292 1858 2347 (man,

176 2363 237 2393 an
262 2386 269 2393 .

293 2502 315 2539 1
351 2513 366 2539 ι
397 2497 446 2539 in
477 2494 629 2552 κρίσιν
662 2510 717 2540 ex
749 2514 778 2539 α
811 2511 911 2540 corr
946 2497 1003 2542 Cf
1150 2502 1175 2541 3
1216 2498 1343 2542 οὔπω
1377 2495 1440 2541 ὢν
1474 2499 1581 2540 ante
1621 2496 1696 2540 ἐπὶ
1734 2495 1855 2539 exci-

174 2555 297 2598 disse
336 2556 439 2598 coni
471 2555 539 2599 Re
689 2560 713 2598 6
763 2556 879 2614 ἔχων
919 2556 1066 2601 εἰπεῖν
1110 2557 1213 2600 coni
1255 2557 1323 2599 Re
1355 2555 1662 2612 probabiliter
1736 2554 1855 2612 ἔχων

174 2611 233 2656 ἂν
265 2613 410 2657 εἰπεῖν
443 2613 645 2658 Sintenis
779 2619 801 2657 7
834 2613 935 2659 τότε
967 2629 1041 2658 om
1067 2616 1112 2658 B
1244 2620 1270 2658 8
1304 2615 1455 2670 ὀφρὺν
1483 2628 1540 2658 ex
1571 2613 1722 2669 ὀφρῦν
1755 2627 1856 2656 corr

172 2671 273 2716 ΙΡ8
335 2671 486 2727 ὀφρῦν
509 2673 678 2728 reliqui
709 2673 818 2716 libri
844 2674 933 2716 edd
1056 2679 1106 2716 11
1142 2672 1209 2717 λεί
1241 2688 1344 2717 eum
1369 2686 1529 2716 rasura
1558 2675 1582 2715 5
1607 2671 1703 2714 fere
1728 2671 1853 2714 litte-

173 2744 328 2773 rarum
367 2731 411 2774 U
454 2733 459 2787 Ι
504 2731 723 2789 ἔρχεσθαι
768 2731 893 2774 inser
929 2733 964 2775 Ι
971 2732 987 2756 ²
1034 2734 1081 2775 et
1126 2733 1175 2775 in
1205 2745 1339 2789 marg
1384 2732 1445 2775 0p
1535 2744 1610 2774 om
1649 2730 1795 2774 UMB

177 2795 231 2833 14
262 2795 326 2845 πῆ
351 2789 413 2832 Μ
529 2795 584 2832 16
615 2787 813 2857 ἀστασίᾳ
843 2790 944 2832 Mor
978 2793 983 2845 Ι
1019 2790 1108 2834 ἔνθ
1139 2805 1244 2834 cum
1274 2803 1435 2833 rasura
1467 2795 1492 2832 2
1523 2789 1784 2832 litterarum
1819 2790 1864 2834 U

177 2850 186 2904 Ι
217 2855 299 2891 τοῦ
331 2861 405 2890 om
436 2847 486 2890 in
515 2861 676 2891 rasura
708 2853 733 2891 2
766 2848 1026 2891 lltterarum
1056 2850 1091 2892 I
1265 2853 1318 2892 18
1350 2847 1543 2905 κτήματι
1575 2848 1801 2893 VUIBM

173 2904 380 2951 καλλίονι
413 2907 573 2951 VUIB
606 2908 653 2949 et
684 2920 709 2950 e
740 2906 925 2951 κάλλιον
957 2921 1058 2951 corr
1083 2910 1143 2952 Μ
1153 2907 1169 2932 ²
