2054 3140
650 128 879 174 LIBANH
910 128 1134 173 ORATIO
1166 128 1252 172 ΧΠ
1740 128 1812 182 33

115 268 246 329 τοὺς
285 264 374 319 ἐπὶ
412 273 508 334 τῆς
545 266 756 334 ἠιόνος,
802 264 904 328 ἕως
954 263 1024 317 ἂν
1061 265 1340 333 βούληται.
1418 264 1503 317 64.
1558 265 1701 318 οὕτω
1743 264 1805 318 δὲ

116 356 286 408 πλείω
327 355 494 422 λόγον
531 361 632 407 τοῦ
663 355 735 423 μὴ
776 355 964 407 δοκεῖν
1003 352 1216 406 ἀδικεῖν
1255 352 1287 421 ἢ
1320 361 1415 421 τῆς
1445 355 1601 421 νίκης
1641 353 1809 422 αὐτῆς

116 442 432 511 ἐπεποίητο,
478 439 606 494 ὥστ’
645 439 708 494 ἐν
753 440 940 509 μέσοις
977 449 1094 503 τοῖς
1133 441 1340 503 δεινοῖς
1380 439 1690 510 ἐμβεβηκὼς
1729 438 1801 493 δι’

111 529 390 600 Ἑλλήνων
437 531 640 583 ἅπασιν
688 528 1013 600 ἀνθρώποις
1059 528 1378 598 ἀπελογεῖτο
1429 528 1657 597 πέμπων
1696 528 1810 582 ε’πι-

116 620 312 682 στολὰς
366 617 540 672 ἐκεῖσε
593 620 730 672 κατὰ
782 620 914 682 τοὺς
969 617 1212 671 ἑκάστων
1271 620 1514 689 τρόπους
1573 622 1807 687 μείζους,
1855 640 1874 672 5

117 706 392 775 ἐλάττους,
424 709 485 761 τὸ
516 706 689 775 μέσον
720 705 967 777 ἐχούσας,
1000 708 1073 770 ὡς
1100 705 1332 776 ἔμελλον
1355 716 1469 770 τοῖς
1494 706 1808 774 δεξομένοις

114 796 392 867 ἁρμόσειν.
471 796 556 850 65.
608 795 1022 865 βουλευομένου
1062 798 1258 849 τοίνυν
1297 795 1363 850 ἐν
1399 799 1643 867 Παιονίᾳ
1681 795 1807 866 περὶ

112 892 207 953 τῆς
249 883 484 956 Θράκης,
525 884 620 938 εἴτ’
659 885 896 955 ἐμβολῆς
935 890 1042 938 εἴτε
1081 884 1359 954 καθέδρας
1397 884 1427 938 ὁ
1466 887 1677 954 καιρός,
1715 886 1806 938 καὶ

112 980 187 1047 τῷ
228 977 435 1044 πλήθει
480 984 592 1028 τῶν
636 976 917 1043 πολεμίων
963 973 1380 1036 ἀντιτάττοντος
1430 973 1631 1045 ἀρετὴν
1669 975 1804 1043 τύχη

111 1082 194 1126 τις
232 1064 412 1134 κρίνει
449 1064 511 1116 τὸ
561 1066 728 1133 ἔργον
773 1065 1158 1133 ἡσυχαζόντων
1202 1072 1314 1116 τῶν
1360 1063 1546 1116 ὅπλων
1595 1061 1807 1133 πρέπον
1831 1085 1874 1117 10

111 1151 412 1222 ἐξευροῦσα
451 1160 515 1223 τῇ
555 1154 852 1223 συγγενείᾳ
888 1151 1072 1222 πέρας.
1149 1151 1337 1221 ἐπειδὴ
1378 1152 1482 1222 γὰρ
1523 1152 1635 1205 ἔδει
1673 1171 1804 1221 κρα-

110 1248 271 1310 τῆσαι
316 1242 417 1294 τὸν
466 1241 833 1311 ἀμυνόμενον,
888 1239 1155 1311 ἐξήρπασε
1208 1242 1306 1294 τὸν
1361 1239 1585 1294 ἐπιόντα
1637 1242 1806 1312 νόσω·

111 1331 201 1383 καὶ
241 1331 302 1383 τὸ
342 1331 445 1399 μὲν
483 1332 749 1401 τρόπαιον
788 1329 932 1383 οὕτω
964 1329 1118 1399 μέγα,
1157 1338 1506 1400 στρατιωτῶν
1545 1330 1607 1383 δὲ
1638 1329 1806 1382 οὐδα-

111 1426 218 1487 μοῦ
260 1419 448 1488 τάφος.
528 1418 614 1471 66.
669 1418 1020 1488 ὑποχωρείτω
1061 1420 1256 1472 τοίνυν
1293 1424 1368 1490 τῷ
1408 1419 1625 1485 βασιλεῖ
1661 1419 1751 1471 καὶ
1795 1418 1876 1493 '14

112 1510 301 1577 Κῦρος
346 1507 375 1561 ὁ
430 1507 597 1577 μέγας
644 1506 705 1560 έν
758 1512 1047 1576 θεοφιλῶν
1095 1509 1284 1577 κρίσει.
1361 1507 1450 1559 καὶ
1502 1507 1606 1576 γὰρ
1658 1508 1707 1560 εἰ
1744 1519 1787 1563 R
1810 1525 1895 1564 390

112 1603 212 1648 τοῦ
254 1595 516 1665 ποιμένος
556 1598 749 1664 ἔτυχεν
788 1597 866 1659 εἰς
903 1598 1197 1665 σωτηρίαν,
1239 1595 1376 1649 ἀλλὰ
1407 1596 1708 1664 μεμάχηταί
1742 1615 1806 1664 γε

111 1690 186 1756 τῷ
229 1684 450 1756 πάππῳ,
504 1686 599 1736 καί
646 1703 699 1736 τι
748 1683 841 1737 καὶ
895 1683 1082 1752 πλέον,
1137 1684 1211 1746 ὡς
1254 1682 1565 1753 Ἰσοκράτης
1614 1686 1807 1753 φησίν,

112 1771 256 1825 ὥσθ’
305 1773 445 1842 ὁμοῦ
477 1774 713 1841 Μήδους
750 1792 809 1825 τε
841 1769 951 1842 εἶχε
987 1774 1079 1826 καὶ
1112 1773 1572 1826 συνεκαλύπτετο·
1614 1771 1700 1826 σοὶ
1743 1773 1804 1827 δὲ

111 1862 352 1914 καλλίων
390 1868 488 1915 τοῦ
529 1861 832 1930 κτηθέντος
870 1862 899 1915 ὁ
939 1870 1033 1931 τῆς
1070 1864 1310 1930 κτήσεως
1347 1864 1550 1932 τρόπος
1579 1867 1803 1934 καθαρᾷ

111 1956 176 2019 τῇ
237 1948 379 2018 χειρὶ
430 1950 767 2018 παρελθόντι
819 1950 957 2019 πρὸς
1016 1950 1077 2002 τὸ
1131 1957 1257 2003 πᾶν.
1342 1949 1427 2002 67.
1488 1951 1550 2003 τὸ
1605 1951 1667 2004 δὲ
1720 1953 1868 2006 ἔτιεο

110 2037 356 2105 κάλλιον,
403 2038 504 2106 τὴν
542 2038 647 2108 γὰρ
687 2037 859 2106 αὐτὴν
904 2038 1161 2106 ἥσθησαν
1200 2036 1288 2091 ἐπὶ
1327 2039 1545 2102 τούτοις
1589 2039 1800 2109 ἡδονὴν

111 2124 208 2188 οὕς
258 2145 316 2179 τε
368 2121 497 2194 ἦγες
545 2126 636 2179 καὶ
687 2119 772 2189 οἷς
822 2125 1084 2195 ἀπήντας·
1154 2129 1305 2199 νόμῳ
1355 2127 1457 2195 μὲν
1507 2128 1610 2198 γὰρ
1665 2127 1794 2195 μεθ’

111 2213 313 2284 ἑτέρων
342 2210 499 2283 ἦσαν,
533 2217 745 2286 φίλτρῳ
773 2215 834 2268 δὲ
863 2216 996 2284 μετὰ
1028 2222 1130 2268 σοῦ
1162 2218 1582 2284 πυνθανόμενοι
1608 2218 1796 2287 γνώμῃ

110 2299 212 2372 μὲν
250 2299 392 2355 εἶναι
431 2302 675 2371 βασιλέα,
724 2304 918 2366 πόνοις
965 2304 1027 2357 δὲ
1066 2305 1491 2374 συστρατιώτην.
1568 2304 1653 2358 68.
1708 2303 1798 2358 καὶ

110 2388 256 2443 τοῦτ’
289 2389 378 2460 ἄρ’
407 2387 478 2459 ἧν
508 2392 568 2443 τὸ
600 2392 703 2460 τὴν
732 2394 981 2461 κεφαλήν
1012 2405 1115 2445 σου
1146 2393 1292 2461 παρὰ
1323 2401 1434 2446 τῶν
1465 2395 1795 2462 κρειττόνων
1823 2415 1865 2448 25

232 2555 286 2594 15
317 2550 425 2595 Her.
451 2550 472 2593 1
498 2554 582 2594 110
597 2565 662 2606 sq.
728 2556 780 2594 17
813 2551 949 2596 Isoor.
975 2552 1122 2610 Euag.
1149 2552 1245 2610 (IX)
1278 2557 1303 2606 ἓ
1329 2556 1384 2595 38
1416 2567 1460 2609 p.
1491 2553 1618 2597 196b

230 2701 256 2741 9
287 2705 349 2742 τῶ
381 2697 552 2753 πλήθει
583 2712 609 2743 θ
638 2698 697 2743 τὰ
727 2697 885 2756 πλήθη
918 2713 1020 2743 corr
1049 2699 1118 2743 A²
1271 2703 1325 2744 10
1366 2698 1451 2744 οπλ
1482 2700 1532 2743 in
1566 2697 1716 2744 ’ὅπλων
1748 2699 1798 2743 in

111 2769 186 2801 rae
217 2757 275 2800 1²
404 2759 520 2801 15
558 2757 609 2801 in
639 2765 780 2811 κῦρος
810 2757 860 2801 111
889 2771 965 2802 ras
997 2759 1069 2803 1³⁸
1144 2759 1285 2814 κόρος
1323 2759 1398 2802 VI
1527 2763 1580 2803 17
1613 2757 1696 2803 καί
1725 2775 1798 2803 τοι

120 2815 254 2860 UIM
369 2821 423 2860 21
457 2815 636 2873 ἡδονὴν
670 2817 746 2861 ἐπὶ
769 2816 949 2868 τούτοις
973 2818 1036 2860 Μ
1151 2823 1209 2861 24
1238 2832 1289 2863 σε
1318 2819 1426 2874 post
1449 2813 1571 2862 εἶναι
1601 2818 1728 2861 inser
1750 2820 1797 2862 B

172 2879 228 2918 25
270 2875 323 2919 τὸ
355 2901 411 2907 -
444 2880 514 2930 34,
543 2880 565 2918 1
599 2873 753 2932 ἀνάδη
726 2892 819 2932 ημα
859 2876 976 2920 citat
1005 2876 1429 2933 Τ110111.ΜΡ.26,
1457 2880 1510 2920 15
1560 2874 1677 2921 οθεν
1716 2877 1798 2920 καὶ

113 2931 333 2989 ἀνάθημα
366 2933 390 2977 ὁ
424 2933 665 2990 στέφανος.
726 2933 950 2993 Λιβάνιος
981 2935 1031 2980 ἐν
1062 2939 1126 2995 τῷ
1155 2935 1384 2995 ὑπατικῷ
1417 2935 1468 2979 τὸ
1497 2938 1587 2979 κτλ.
1617 2938 1624 2992 Ι
1651 2949 1734 2979 σοι
1750 2936 1797 2979 Β

201 3013 398 3048 LmAnms
423 3015 566 3047 ed.Fo
545 3024 622 3048 oer
632 3018 731 3048 ster
779 3016 830 3047 Π.
1505 3012 1530 3051 3
