<?xml version="1.0" encoding="UTF-8"?>
<!DOCTYPE html PUBLIC "-//W3C//DTD XHTML 1.0 Transitional//EN"
    "http://www.w3.org/TR/xhtml1/DTD/xhtml1-transitional.dtd">
<html xmlns="http://www.w3.org/1999/xhtml" xml:lang="en" lang="en">
 <head>
  <title>
</title>
<meta http-equiv="Content-Type" content="text/html;charset=utf-8" />
  <meta name='ocr-system' content='tesseract 3.04.00' />
  <meta name='ocr-capabilities' content='ocr_page ocr_carea ocr_par ocr_line ocrx_word'/>
</head>
<body>
  <div class='ocr_page' id='page_1' title='image "./operarecensuitri02libauoft_0437.png"; bbox 0 0 2060 3162; ppageno 0'>
   <div class='ocr_carea' id='block_1_1' title="bbox 677 167 1827 222">
    <p class='ocr_par' dir='ltr' id='par_1_1' title="bbox 677 167 1827 222">
     <span class='ocr_line' id='line_1_1' title="bbox 677 167 1827 222; baseline 0.009 -10"><span class='ocrx_word' id='word_1_1' title='bbox 677 168 904 213; x_wconf 81' lang='lat' dir='ltr'><strong>LIBANII</strong></span> <span class='ocrx_word' id='word_1_2' title='bbox 935 167 1158 214; x_wconf 85' lang='lat' dir='ltr'><strong>ORATIO</strong></span> <span class='ocrx_word' id='word_1_3' title='bbox 1191 169 1275 213; x_wconf 93' lang='lat' dir='ltr'><strong><em>XX</em></strong></span> <span class='ocrx_word' id='word_1_4' title='bbox 1720 170 1827 222; x_wconf 81' lang='grc'><strong><em>427</em></strong></span> 
     </span>
    </p>
   </div>
   <div class='ocr_carea' id='block_1_2' title="bbox 137 298 1954 2238">
    <p class='ocr_par' dir='ltr' id='par_1_2' title="bbox 138 298 1954 1261">
     <span class='ocr_line' id='line_1_2' title="bbox 145 298 1835 378; baseline 0.001 -21"><span class='ocrx_word' id='word_1_5' title='bbox 145 323 276 367; x_wconf 92' lang='grc' dir='ltr'><strong><em>τους</em></strong></span> <span class='ocrx_word' id='word_1_6' title='bbox 315 298 458 357; x_wconf 86' lang='grc' dir='ltr'><strong><em>εἶναι</em></strong></span> <span class='ocrx_word' id='word_1_7' title='bbox 499 305 815 357; x_wconf 80' lang='grc' dir='ltr'><em>δεικνύουσι</em></span> <span class='ocrx_word' id='word_1_8' title='bbox 854 311 928 377; x_wconf 79' lang='grc' dir='ltr'><strong><em>τῷ</em></strong></span> <span class='ocrx_word' id='word_1_9' title='bbox 968 305 1106 373; x_wconf 80' lang='grc' dir='ltr'><strong><em>μηδὲ</em></strong></span> <span class='ocrx_word' id='word_1_10' title='bbox 1145 306 1338 376; x_wconf 82' lang='grc' dir='ltr'><strong><em>δικαίῳ</em></strong></span> <span class='ocrx_word' id='word_1_11' title='bbox 1385 310 1625 376; x_wconf 84' lang='grc' dir='ltr'><strong><em>χρῆσθαι</em></strong></span> <span class='ocrx_word' id='word_1_12' title='bbox 1671 311 1835 378; x_wconf 79' lang='grc' dir='ltr'><strong><em>θυμῷ</em></strong></span> 
     </span>
     <span class='ocr_line' id='line_1_3' title="bbox 143 389 1829 461; baseline 0.001 -15"><span class='ocrx_word' id='word_1_13' title='bbox 143 393 418 456; x_wconf 75' lang='grc' dir='ltr'><strong><em>πολλάκις.</em></strong></span> <span class='ocrx_word' id='word_1_14' title='bbox 500 393 581 444; x_wconf 83' lang='grc'><strong><em>13.</em></strong></span> <span class='ocrx_word' id='word_1_15' title='bbox 634 392 807 455; x_wconf 80' lang='grc' dir='ltr'><strong><em>οὕτως</em></strong></span> <span class='ocrx_word' id='word_1_16' title='bbox 847 389 950 446; x_wconf 83' lang='grc' dir='ltr'><strong><em>οὗν</em></strong></span> <span class='ocrx_word' id='word_1_17' title='bbox 996 393 1178 461; x_wconf 78' lang='grc' dir='ltr'><strong><em>ἡγεῖτο</em></strong></span> <span class='ocrx_word' id='word_1_18' title='bbox 1218 399 1374 456; x_wconf 81' lang='grc' dir='ltr'><em>θεοῖς</em></span> <span class='ocrx_word' id='word_1_19' title='bbox 1426 399 1543 456; x_wconf 82' lang='grc' dir='ltr'><strong><em>ἴσος</em></strong></span> <span class='ocrx_word' id='word_1_20' title='bbox 1590 396 1761 457; x_wconf 85' lang='grc' dir='ltr'><strong><em>ὄντως</em></strong></span> <span class='ocrx_word' id='word_1_21' title='bbox 1800 394 1829 448; x_wconf 84' lang='grc' dir='ltr'>ὁ</span> 
     </span>
     <span class='ocr_line' id='line_1_4' title="bbox 144 482 1828 552; baseline 0.001 -17"><span class='ocrx_word' id='word_1_22' title='bbox 144 484 402 550; x_wconf 88' lang='grc' dir='ltr'><strong><em>βασιλεὺς</em></strong></span> <span class='ocrx_word' id='word_1_23' title='bbox 434 487 737 550; x_wconf 81' lang='grc' dir='ltr'><strong><em>φανεῖσθαι</em></strong></span> <span class='ocrx_word' id='word_1_24' title='bbox 775 482 867 534; x_wconf 83' lang='grc' dir='ltr'><strong><em>καὶ</em></strong></span> <span class='ocrx_word' id='word_1_25' title='bbox 907 482 940 533; x_wconf 95' lang='grc' dir='ltr'><strong><em>δ</em></strong></span> <span class='ocrx_word' id='word_1_26' title='bbox 951 483 1260 552; x_wconf 86' lang='grc' dir='ltr'><strong><em>ιοτρεφὴς</em></strong></span> <span class='ocrx_word' id='word_1_27' title='bbox 1299 483 1370 545; x_wconf 83' lang='grc' dir='ltr'><strong><em>ὡς</em></strong></span> <span class='ocrx_word' id='word_1_28' title='bbox 1402 483 1638 552; x_wconf 79' lang='grc' dir='ltr'><strong><em>ἀληθῶς,</em></strong></span> <span class='ocrx_word' id='word_1_29' title='bbox 1680 484 1726 536; x_wconf 88' lang='grc' dir='ltr'><strong><em>εἰ</em></strong></span> <span class='ocrx_word' id='word_1_30' title='bbox 1757 485 1828 552; x_wconf 85' lang='grc' dir='ltr'><strong><em>μὴ</em></strong></span> 
     </span>
     <span class='ocr_line' id='line_1_5' title="bbox 143 568 1830 640; baseline 0.001 -17"><span class='ocrx_word' id='word_1_31' title='bbox 143 572 427 640; x_wconf 78' lang='grc' dir='ltr'><strong><em>τιμωρίαις</em></strong></span> <span class='ocrx_word' id='word_1_32' title='bbox 457 571 646 638; x_wconf 80' lang='grc' dir='ltr'><strong><em>ἥδοιτο</em></strong></span> <span class='ocrx_word' id='word_1_33' title='bbox 678 579 795 633; x_wconf 89' lang='grc' dir='ltr'><strong><em>ταῖς</em></strong></span> <span class='ocrx_word' id='word_1_34' title='bbox 825 571 961 623; x_wconf 76' lang='grc' dir='ltr'><strong><em>κατὰ</em></strong></span> <span class='ocrx_word' id='word_1_35' title='bbox 992 572 1094 639; x_wconf 82' lang='grc' dir='ltr'><strong><em>τὴν</em></strong></span> <span class='ocrx_word' id='word_1_36' title='bbox 1132 569 1303 634; x_wconf 83' lang='grc' dir='ltr'><strong><em>ἀξίαν.</em></strong></span> <span class='ocrx_word' id='word_1_37' title='bbox 1380 570 1470 624; x_wconf 84' lang='grc' dir='ltr'><strong><em>καὶ</em></strong></span> <span class='ocrx_word' id='word_1_38' title='bbox 1509 571 1654 624; x_wconf 88' lang='grc' dir='ltr'><strong><em>τοῦτ’</em></strong></span> <span class='ocrx_word' id='word_1_39' title='bbox 1690 568 1830 625; x_wconf 79' lang='grc' dir='ltr'><strong><em>εἶναι</em></strong></span> 
     </span>
     <span class='ocr_line' id='line_1_6' title="bbox 141 653 1895 731; baseline 0.001 -19"><span class='ocrx_word' id='word_1_40' title='bbox 141 662 348 726; x_wconf 81' lang='grc' dir='ltr'><strong><em>νομίζει</em></strong></span> <span class='ocrx_word' id='word_1_41' title='bbox 401 660 831 727; x_wconf 83' lang='grc' dir='ltr'><strong><em>βασιλικώτερον</em></strong></span> <span class='ocrx_word' id='word_1_42' title='bbox 876 659 965 712; x_wconf 80' lang='grc' dir='ltr'><strong><em>καὶ</em></strong></span> <span class='ocrx_word' id='word_1_43' title='bbox 1006 653 1048 731; x_wconf 76' lang='grc' dir='ltr'><strong><em>ᾧ</em></strong></span> <span class='ocrx_word' id='word_1_44' title='bbox 1081 663 1292 726; x_wconf 85' lang='grc' dir='ltr'><strong><em>μᾶλλον</em></strong></span> <span class='ocrx_word' id='word_1_45' title='bbox 1339 659 1409 712; x_wconf 75' lang='grc' dir='ltr'><strong><em>ἂν</em></strong></span> <span class='ocrx_word' id='word_1_46' title='bbox 1456 659 1591 730; x_wconf 81' lang='grc' dir='ltr'><strong><em>ἀρχὴ</em></strong></span> <span class='ocrx_word' id='word_1_47' title='bbox 1633 662 1831 714; x_wconf 81' lang='grc' dir='ltr'><strong><em>διασώ-</em></strong></span> <span class='ocrx_word' id='word_1_48' title='bbox 1876 681 1895 714; x_wconf 83' lang='lat'><strong>5</strong></span> 
     </span>
     <span class='ocr_line' id='line_1_7' title="bbox 143 746 1829 818; baseline 0.001 -18"><span class='ocrx_word' id='word_1_49' title='bbox 143 751 301 812; x_wconf 81' lang='grc' dir='ltr'><strong><em>ζοιτο.</em></strong></span> <span class='ocrx_word' id='word_1_50' title='bbox 379 747 444 800; x_wconf 86' lang='grc' dir='ltr'><strong><em>οὐ</em></strong></span> <span class='ocrx_word' id='word_1_51' title='bbox 486 748 589 817; x_wconf 83' lang='grc' dir='ltr'><strong><em>γὰρ</em></strong></span> <span class='ocrx_word' id='word_1_52' title='bbox 630 747 803 810; x_wconf 80' lang='grc' dir='ltr'><strong><em>οὕτως</em></strong></span> <span class='ocrx_word' id='word_1_53' title='bbox 842 746 1114 815; x_wconf 81' lang='grc' dir='ltr'><strong><em>ἀγαπᾶται</em></strong></span> <span class='ocrx_word' id='word_1_54' title='bbox 1162 749 1222 800; x_wconf 86' lang='grc' dir='ltr'><strong><em>τὸ</em></strong></span> <span class='ocrx_word' id='word_1_55' title='bbox 1262 756 1505 818; x_wconf 81' lang='grc' dir='ltr'><strong><em>κρατοῦν</em></strong></span> <span class='ocrx_word' id='word_1_56' title='bbox 1551 749 1678 802; x_wconf 82' lang='grc' dir='ltr'><strong><em>οὔτε</em></strong></span> <span class='ocrx_word' id='word_1_57' title='bbox 1725 749 1829 802; x_wconf 87' lang='grc' dir='ltr'><strong><em>ἀπὸ</em></strong></span> 
     </span>
     <span class='ocr_line' id='line_1_8' title="bbox 140 836 1830 908; baseline 0.001 -19"><span class='ocrx_word' id='word_1_58' title='bbox 140 839 422 905; x_wconf 79' lang='grc' dir='ltr'><strong><em>τροπαίων</em></strong></span> <span class='ocrx_word' id='word_1_59' title='bbox 461 837 587 890; x_wconf 77' lang='grc' dir='ltr'><strong><em>οὔτε</em></strong></span> <span class='ocrx_word' id='word_1_60' title='bbox 627 836 733 890; x_wconf 88' lang='grc' dir='ltr'><strong><em>ἀπὸ</em></strong></span> <span class='ocrx_word' id='word_1_61' title='bbox 773 838 988 889; x_wconf 84' lang='grc' dir='ltr'><strong><em>πόλεων</em></strong></span> <span class='ocrx_word' id='word_1_62' title='bbox 1027 836 1059 905; x_wconf 78' lang='grc' dir='ltr'>ἢ</span> <span class='ocrx_word' id='word_1_63' title='bbox 1096 836 1528 906; x_wconf 76' lang='grc' dir='ltr'><strong><em>λαμβανομένων</em></strong></span> <span class='ocrx_word' id='word_1_64' title='bbox 1568 838 1757 902; x_wconf 79' lang='grc' dir='ltr'><strong><em>ὅπλοις</em></strong></span> <span class='ocrx_word' id='word_1_65' title='bbox 1797 840 1830 908; x_wconf 76' lang='grc' dir='ltr'><em>ἢ</em></span> 
     </span>
     <span class='ocr_line' id='line_1_9' title="bbox 139 924 1831 995; baseline 0.001 -18"><span class='ocrx_word' id='word_1_66' title='bbox 139 924 489 994; x_wconf 81' lang='grc' dir='ltr'><strong><em>ποιουμένων</em></strong></span> <span class='ocrx_word' id='word_1_67' title='bbox 545 926 787 988; x_wconf 79' lang='grc' dir='ltr'><strong><em>σπονδὰς</em></strong></span> <span class='ocrx_word' id='word_1_68' title='bbox 842 927 968 978; x_wconf 80' lang='grc' dir='ltr'><strong><em>οὔτε</em></strong></span> <span class='ocrx_word' id='word_1_69' title='bbox 1024 925 1128 977; x_wconf 89' lang='grc' dir='ltr'><strong><em>ἀπὸ</em></strong></span> <span class='ocrx_word' id='word_1_70' title='bbox 1180 928 1432 994; x_wconf 80' lang='grc' dir='ltr'><strong><em>πλήθους</em></strong></span> <span class='ocrx_word' id='word_1_71' title='bbox 1484 937 1831 995; x_wconf 79' lang='grc' dir='ltr'><strong><em>στρατιωτῶν</em></strong></span> 
     </span>
     <span class='ocr_line' id='line_1_10' title="bbox 141 1013 1827 1084; baseline 0.001 -17"><span class='ocrx_word' id='word_1_72' title='bbox 141 1014 270 1067; x_wconf 81' lang='grc' dir='ltr'><strong><em>οὔτε</em></strong></span> <span class='ocrx_word' id='word_1_73' title='bbox 325 1013 428 1066; x_wconf 89' lang='grc' dir='ltr'><strong><em>ἀπὸ</em></strong></span> <span class='ocrx_word' id='word_1_74' title='bbox 477 1016 663 1083; x_wconf 86' lang='grc' dir='ltr'><strong><em>νόμων</em></strong></span> <span class='ocrx_word' id='word_1_75' title='bbox 708 1013 916 1077; x_wconf 78' lang='grc' dir='ltr'><strong><em>θέσεως</em></strong></span> <span class='ocrx_word' id='word_1_76' title='bbox 971 1015 1097 1067; x_wconf 77' lang='grc' dir='ltr'><strong><em>οὔτε</em></strong></span> <span class='ocrx_word' id='word_1_77' title='bbox 1145 1013 1247 1067; x_wconf 89' lang='grc' dir='ltr'><strong><em>ἀπὸ</em></strong></span> <span class='ocrx_word' id='word_1_78' title='bbox 1296 1016 1495 1084; x_wconf 79' lang='grc' dir='ltr'><strong><em>σοφίας</em></strong></span> <span class='ocrx_word' id='word_1_79' title='bbox 1546 1016 1672 1068; x_wconf 80' lang='grc' dir='ltr'><strong><em>οὔτε</em></strong></span> <span class='ocrx_word' id='word_1_80' title='bbox 1722 1015 1827 1069; x_wconf 89' lang='grc' dir='ltr'><strong><em>ἀπὸ</em></strong></span> 
     </span>
     <span class='ocr_line' id='line_1_11' title="bbox 138 1101 1954 1179; baseline 0.001 -24"><span class='ocrx_word' id='word_1_81' title='bbox 138 1110 234 1171; x_wconf 82' lang='grc' dir='ltr'><strong><em>τῆς</em></strong></span> <span class='ocrx_word' id='word_1_82' title='bbox 274 1101 334 1155; x_wconf 83' lang='grc' dir='ltr'><strong><em>ἐν</em></strong></span> <span class='ocrx_word' id='word_1_83' title='bbox 371 1109 445 1175; x_wconf 79' lang='grc' dir='ltr'><strong><em>τῷ</em></strong></span> <span class='ocrx_word' id='word_1_84' title='bbox 480 1103 720 1167; x_wconf 77' lang='grc' dir='ltr'><strong><em>δικάζειν</em></strong></span> <span class='ocrx_word' id='word_1_85' title='bbox 759 1103 1057 1173; x_wconf 80' lang='grc' dir='ltr'><strong><em>ἀκριβείας,</em></strong></span> <span class='ocrx_word' id='word_1_86' title='bbox 1098 1104 1170 1166; x_wconf 82' lang='grc' dir='ltr'><strong><em>ὡς</em></strong></span> <span class='ocrx_word' id='word_1_87' title='bbox 1210 1103 1315 1156; x_wconf 87' lang='grc' dir='ltr'><strong><em>ἀπὸ</em></strong></span> <span class='ocrx_word' id='word_1_88' title='bbox 1354 1111 1454 1156; x_wconf 84' lang='grc' dir='ltr'><strong><em>τοῦ</em></strong></span> <span class='ocrx_word' id='word_1_89' title='bbox 1495 1105 1830 1173; x_wconf 72' lang='grc' dir='ltr'><strong><em>συγγνώμην</em></strong></span> <span class='ocrx_word' id='word_1_90' title='bbox 1855 1126 1896 1157; x_wconf 89' lang='lat'><strong><em>10</em></strong></span> <span class='ocrx_word' id='word_1_91' title='bbox 1948 1174 1954 1179; x_wconf 20' lang='grc' dir='ltr'><strong>ι</strong></span> 
     </span>
     <span class='ocr_line' id='line_1_12' title="bbox 141 1190 768 1261; baseline -0.002 -16"><span class='ocrx_word' id='word_1_92' title='bbox 141 1190 202 1245; x_wconf 80' lang='grc' dir='ltr'><strong><em>ἐν</em></strong></span> <span class='ocrx_word' id='word_1_93' title='bbox 242 1192 527 1261; x_wconf 84' lang='grc' dir='ltr'><strong><em>ἁμαρτίαις</em></strong></span> <span class='ocrx_word' id='word_1_94' title='bbox 567 1191 768 1261; x_wconf 86' lang='grc' dir='ltr'><strong><em>νέμειν.</em></strong></span> 
     </span>
    </p>

    <p class='ocr_par' dir='ltr' id='par_1_3' title="bbox 137 1274 1915 2238">
     <span class='ocr_line' id='line_1_13' title="bbox 256 1274 1827 1350; baseline 0.001 -18"><span class='ocrx_word' id='word_1_95' title='bbox 256 1281 337 1332; x_wconf 89' lang='grc'><strong><em>14.</em></strong></span> <span class='ocrx_word' id='word_1_96' title='bbox 373 1278 427 1332; x_wconf 80' lang='grc' dir='ltr'><em>Ἄ</em></span> <span class='ocrx_word' id='word_1_97' title='bbox 458 1301 551 1348; x_wconf 90' lang='grc' dir='ltr'><strong><em>μοι</em></strong></span> <span class='ocrx_word' id='word_1_98' title='bbox 584 1282 735 1334; x_wconf 86' lang='grc' dir='ltr'><strong><em>δοκεῖ</em></strong></span> <span class='ocrx_word' id='word_1_99' title='bbox 763 1285 940 1344; x_wconf 86' lang='grc' dir='ltr'><strong><em>καλῶς</em></strong></span> <span class='ocrx_word' id='word_1_100' title='bbox 979 1276 1142 1344; x_wconf 85' lang='grc' dir='ltr'><strong><em>οὗτος</em></strong></span> <span class='ocrx_word' id='word_1_101' title='bbox 1182 1280 1537 1348; x_wconf 81' lang='grc' dir='ltr'><strong><em>ἐπιστάμενος</em></strong></span> <span class='ocrx_word' id='word_1_102' title='bbox 1569 1274 1652 1344; x_wconf 82' lang='grc' dir='ltr'><strong><em>οἷς</em></strong></span> <span class='ocrx_word' id='word_1_103' title='bbox 1683 1276 1827 1350; x_wconf 82' lang='grc' dir='ltr'><strong><em>εἶχεν</em></strong></span> 
     </span>
     <span class='ocr_line' id='line_1_14' title="bbox 141 1368 1828 1439; baseline 0.001 -18"><span class='ocrx_word' id='word_1_104' title='bbox 141 1368 392 1437; x_wconf 80' lang='grc' dir='ltr'><strong><em>ἐγκαλεῖν</em></strong></span> <span class='ocrx_word' id='word_1_105' title='bbox 441 1371 507 1422; x_wconf 80' lang='grc' dir='ltr'><strong><em>τὰ</em></strong></span> <span class='ocrx_word' id='word_1_106' title='bbox 553 1368 781 1438; x_wconf 84' lang='grc' dir='ltr'><strong><em>μέγιστα</em></strong></span> <span class='ocrx_word' id='word_1_107' title='bbox 833 1371 939 1439; x_wconf 88' lang='grc' dir='ltr'><strong><em>πρὸ</em></strong></span> <span class='ocrx_word' id='word_1_108' title='bbox 995 1380 1107 1422; x_wconf 83' lang='grc' dir='ltr'><strong><em>τῶν</em></strong></span> <span class='ocrx_word' id='word_1_109' title='bbox 1159 1378 1254 1438; x_wconf 80' lang='grc' dir='ltr'><strong><em>τῆς</em></strong></span> <span class='ocrx_word' id='word_1_110' title='bbox 1308 1378 1543 1439; x_wconf 81' lang='grc' dir='ltr'><strong><em>ταραχῆς</em></strong></span> <span class='ocrx_word' id='word_1_111' title='bbox 1596 1373 1828 1439; x_wconf 75' lang='grc' dir='ltr'><strong><em>χρόνων,</em></strong></span> 
     </span>
     <span class='ocr_line' id='line_1_15' title="bbox 139 1457 1826 1528; baseline 0.001 -18"><span class='ocrx_word' id='word_1_112' title='bbox 139 1459 353 1510; x_wconf 90' lang='grc' dir='ltr'><strong><em>τούτων</em></strong></span> <span class='ocrx_word' id='word_1_113' title='bbox 392 1457 517 1521; x_wconf 80' lang='grc' dir='ltr'><strong><em>ἐξὸν</em></strong></span> <span class='ocrx_word' id='word_1_114' title='bbox 555 1467 765 1511; x_wconf 89' lang='grc' dir='ltr'><strong><em>κτεῖναι</em></strong></span> <span class='ocrx_word' id='word_1_115' title='bbox 805 1460 1108 1527; x_wconf 77' lang='grc' dir='ltr'><strong><em>φείσασθαι</em></strong></span> <span class='ocrx_word' id='word_1_116' title='bbox 1140 1458 1245 1511; x_wconf 90' lang='grc' dir='ltr'><strong><em>ἀπὸ</em></strong></span> <span class='ocrx_word' id='word_1_117' title='bbox 1279 1466 1371 1527; x_wconf 80' lang='grc' dir='ltr'><strong><em>τῆς</em></strong></span> <span class='ocrx_word' id='word_1_118' title='bbox 1411 1459 1578 1528; x_wconf 82' lang='grc' dir='ltr'><strong><em>αὐτῆς</em></strong></span> <span class='ocrx_word' id='word_1_119' title='bbox 1617 1459 1826 1528; x_wconf 88' lang='grc' dir='ltr'><strong><em>ἀρετῆς.</em></strong></span> 
     </span>
     <span class='ocr_line' id='line_1_16' title="bbox 139 1543 1893 1619; baseline 0.002 -20"><span class='ocrx_word' id='word_1_120' title='bbox 139 1554 253 1609; x_wconf 88' lang='grc' dir='ltr'><strong><em>τοῖς</em></strong></span> <span class='ocrx_word' id='word_1_121' title='bbox 299 1543 400 1615; x_wconf 75' lang='grc' dir='ltr'><strong><em>μὲν</em></strong></span> <span class='ocrx_word' id='word_1_122' title='bbox 444 1544 534 1599; x_wconf 86' lang='grc' dir='ltr'><strong><em>καὶ</em></strong></span> <span class='ocrx_word' id='word_1_123' title='bbox 580 1545 813 1616; x_wconf 82' lang='grc' dir='ltr'><strong><em>πλήξασι</em></strong></span> <span class='ocrx_word' id='word_1_124' title='bbox 857 1545 948 1600; x_wconf 86' lang='grc' dir='ltr'><strong><em>καὶ</em></strong></span> <span class='ocrx_word' id='word_1_125' title='bbox 1001 1545 1262 1600; x_wconf 81' lang='grc' dir='ltr'><strong><em>ἑλκύσασι</em></strong></span> <span class='ocrx_word' id='word_1_126' title='bbox 1307 1548 1405 1600; x_wconf 92' lang='grc' dir='ltr'><strong><em>τὸν</em></strong></span> <span class='ocrx_word' id='word_1_127' title='bbox 1452 1548 1690 1615; x_wconf 81' lang='grc' dir='ltr'><strong><em>Σκύθην</em></strong></span> <span class='ocrx_word' id='word_1_128' title='bbox 1734 1546 1825 1619; x_wconf 75' lang='grc' dir='ltr'><strong><em>καὶ</em></strong></span> <span class='ocrx_word' id='word_1_129' title='bbox 1852 1569 1893 1602; x_wconf 86' lang='lat'><strong><em>15</em></strong></span> 
     </span>
     <span class='ocr_line' id='line_1_17' title="bbox 137 1624 1915 1705; baseline 0.003 -18"><span class='ocrx_word' id='word_1_130' title='bbox 137 1637 564 1688; x_wconf 85' lang='grc' dir='ltr'><strong><em>καταποντίσασι</em></strong></span> <span class='ocrx_word' id='word_1_131' title='bbox 614 1635 619 1704; x_wconf 89' lang='grc' dir='ltr'>Ι</span> <span class='ocrx_word' id='word_1_132' title='bbox 668 1637 767 1688; x_wconf 92' lang='grc' dir='ltr'><strong><em>τὸν</em></strong></span> <span class='ocrx_word' id='word_1_133' title='bbox 804 1638 1020 1705; x_wconf 77' lang='grc' dir='ltr'><strong><em>νεκρόν,</em></strong></span> <span class='ocrx_word' id='word_1_134' title='bbox 1067 1631 1146 1688; x_wconf 81' lang='grc' dir='ltr'><strong><em>ὧν</em></strong></span> <span class='ocrx_word' id='word_1_135' title='bbox 1184 1634 1312 1688; x_wconf 80' lang='grc' dir='ltr'><strong><em>καθ’</em></strong></span> <span class='ocrx_word' id='word_1_136' title='bbox 1344 1635 1574 1689; x_wconf 79' lang='grc' dir='ltr'><strong><em>ἕκαστον</em></strong></span> <span class='ocrx_word' id='word_1_137' title='bbox 1612 1636 1730 1704; x_wconf 78' lang='grc' dir='ltr'><strong><em>ἠδι-</em></strong></span> <span class='ocrx_word' id='word_1_138' title='bbox 1768 1624 1810 1691; x_wconf 76' lang='lat' dir='ltr'><strong>R</strong></span> <span class='ocrx_word' id='word_1_139' title='bbox 1830 1653 1915 1692; x_wconf 87' lang='lat'><strong><em>659</em></strong></span> 
     </span>
     <span class='ocr_line' id='line_1_18' title="bbox 138 1723 1828 1793; baseline 0.001 -17"><span class='ocrx_word' id='word_1_140' title='bbox 138 1732 285 1777; x_wconf 88' lang='grc' dir='ltr'><strong><em>κεῖτο</em></strong></span> <span class='ocrx_word' id='word_1_141' title='bbox 324 1725 600 1792; x_wconf 76' lang='grc' dir='ltr'><strong><em>βασιλεύς,</em></strong></span> <span class='ocrx_word' id='word_1_142' title='bbox 639 1732 748 1793; x_wconf 81' lang='grc' dir='ltr'><strong><em>τῆς·</em></strong></span> <span class='ocrx_word' id='word_1_143' title='bbox 772 1724 1021 1793; x_wconf 81' lang='grc' dir='ltr'><strong><em>μέμψεως</em></strong></span> <span class='ocrx_word' id='word_1_144' title='bbox 1053 1723 1142 1778; x_wconf 80' lang='grc' dir='ltr'><strong><em>ἐπὶ</em></strong></span> <span class='ocrx_word' id='word_1_145' title='bbox 1173 1725 1235 1777; x_wconf 90' lang='grc' dir='ltr'><strong><em>τὸ</em></strong></span> <span class='ocrx_word' id='word_1_146' title='bbox 1268 1733 1363 1793; x_wconf 82' lang='grc' dir='ltr'><strong><em>τῆς</em></strong></span> <span class='ocrx_word' id='word_1_147' title='bbox 1393 1726 1602 1788; x_wconf 89' lang='grc' dir='ltr'><strong><em>πόλεως</em></strong></span> <span class='ocrx_word' id='word_1_148' title='bbox 1634 1726 1828 1778; x_wconf 91' lang='grc' dir='ltr'><strong><em>κοινὸν</em></strong></span> 
     </span>
     <span class='ocr_line' id='line_1_19' title="bbox 141 1811 1828 1883; baseline 0.002 -20"><span class='ocrx_word' id='word_1_149' title='bbox 141 1812 361 1874; x_wconf 82' lang='grc' dir='ltr'><strong><em>εἰκότως</em></strong></span> <span class='ocrx_word' id='word_1_150' title='bbox 400 1811 695 1882; x_wconf 80' lang='grc' dir='ltr'><strong><em>ἐρχομένης</em></strong></span> <span class='ocrx_word' id='word_1_151' title='bbox 733 1814 794 1865; x_wconf 93' lang='grc' dir='ltr'><strong><em>τὸ</em></strong></span> <span class='ocrx_word' id='word_1_152' title='bbox 826 1813 929 1879; x_wconf 78' lang='grc' dir='ltr'><strong><em>μὲν</em></strong></span> <span class='ocrx_word' id='word_1_153' title='bbox 959 1821 1052 1881; x_wconf 85' lang='grc' dir='ltr'><strong><em>τῆς</em></strong></span> <span class='ocrx_word' id='word_1_154' title='bbox 1085 1813 1285 1882; x_wconf 82' lang='grc' dir='ltr'><strong><em>ἡμέρας</em></strong></span> <span class='ocrx_word' id='word_1_155' title='bbox 1317 1814 1490 1881; x_wconf 78' lang='grc' dir='ltr'><strong><em>ἥμισυ</em></strong></span> <span class='ocrx_word' id='word_1_156' title='bbox 1522 1815 1623 1882; x_wconf 85' lang='grc' dir='ltr'><strong><em>τὴν</em></strong></span> <span class='ocrx_word' id='word_1_157' title='bbox 1654 1814 1828 1883; x_wconf 87' lang='grc' dir='ltr'><strong><em>ὀργὴν</em></strong></span> 
     </span>
     <span class='ocr_line' id='line_1_20' title="bbox 140 1898 1818 1971; baseline 0.002 -19"><span class='ocrx_word' id='word_1_158' title='bbox 140 1898 357 1963; x_wconf 82' lang='grc' dir='ltr'><strong><em>ἐδέξατο</em></strong></span> <span class='ocrx_word' id='word_1_159' title='bbox 410 1902 511 1969; x_wconf 84' lang='grc' dir='ltr'><strong><em>τὴν</em></strong></span> <span class='ocrx_word' id='word_1_160' title='bbox 564 1901 720 1971; x_wconf 85' lang='grc' dir='ltr'><strong><em>μέχρι</em></strong></span> <span class='ocrx_word' id='word_1_161' title='bbox 767 1911 879 1954; x_wconf 83' lang='grc' dir='ltr'><strong><em>τῶν</em></strong></span> <span class='ocrx_word' id='word_1_162' title='bbox 926 1901 992 1954; x_wconf 84' lang='grc' dir='ltr'><strong><em>οὐ</em></strong></span> <span class='ocrx_word' id='word_1_163' title='bbox 1041 1901 1356 1971; x_wconf 81' lang='grc' dir='ltr'><strong><em>δεδομένων</em></strong></span> <span class='ocrx_word' id='word_1_164' title='bbox 1402 1903 1599 1971; x_wconf 78' lang='grc' dir='ltr'><strong><em>ἄρτων,</em></strong></span> <span class='ocrx_word' id='word_1_165' title='bbox 1654 1900 1818 1955; x_wconf 82' lang='grc' dir='ltr'><strong><em>ἔπειτ’</em></strong></span> 
     </span>
     <span class='ocr_line' id='line_1_21' title="bbox 138 1984 1892 2059; baseline 0.002 -18"><span class='ocrx_word' id='word_1_166' title='bbox 138 1984 226 2057; x_wconf 78' lang='grc' dir='ltr'><strong><em>ἦν,</em></strong></span> <span class='ocrx_word' id='word_1_167' title='bbox 282 1988 310 2041; x_wconf 91' lang='grc' dir='ltr'><strong><em>ὃ</em></strong></span> <span class='ocrx_word' id='word_1_168' title='bbox 357 1991 645 2059; x_wconf 81' lang='grc' dir='ltr'><strong><em>πρότερον,</em></strong></span> <span class='ocrx_word' id='word_1_169' title='bbox 696 1989 786 2043; x_wconf 87' lang='grc' dir='ltr'><strong><em>καὶ</em></strong></span> <span class='ocrx_word' id='word_1_170' title='bbox 836 1990 869 2059; x_wconf 79' lang='grc' dir='ltr'><em>ἡ</em></span> <span class='ocrx_word' id='word_1_171' title='bbox 922 1995 1083 2059; x_wconf 81' lang='grc' dir='ltr'><strong><em>λῆψις</em></strong></span> <span class='ocrx_word' id='word_1_172' title='bbox 1133 1989 1224 2043; x_wconf 82' lang='grc' dir='ltr'><strong><em>καὶ</em></strong></span> <span class='ocrx_word' id='word_1_173' title='bbox 1270 1991 1302 2059; x_wconf 83' lang='grc' dir='ltr'><em>ἡ</em></span> <span class='ocrx_word' id='word_1_174' title='bbox 1351 1992 1526 2058; x_wconf 75' lang='grc' dir='ltr'><strong><em>δόσις,</em></strong></span> <span class='ocrx_word' id='word_1_175' title='bbox 1580 1990 1670 2044; x_wconf 83' lang='grc' dir='ltr'><strong><em>καὶ</em></strong></span> <span class='ocrx_word' id='word_1_176' title='bbox 1719 1993 1825 2044; x_wconf 89' lang='grc' dir='ltr'><strong><em>σὺν</em></strong></span> <span class='ocrx_word' id='word_1_177' title='bbox 1850 2013 1892 2045; x_wconf 75' lang='lat'><strong><em>20</em></strong></span> 
     </span>
     <span class='ocr_line' id='line_1_22' title="bbox 139 2075 1826 2148; baseline 0.002 -19"><span class='ocrx_word' id='word_1_178' title='bbox 139 2075 371 2141; x_wconf 79' lang='grc' dir='ltr'><strong><em>ἐκείνοις</em></strong></span> <span class='ocrx_word' id='word_1_179' title='bbox 408 2077 634 2141; x_wconf 81' lang='grc' dir='ltr'><strong><em>ἕκαστος</em></strong></span> <span class='ocrx_word' id='word_1_180' title='bbox 674 2079 861 2132; x_wconf 80' lang='grc' dir='ltr'><strong><em>οἶκαδε</em></strong></span> <span class='ocrx_word' id='word_1_181' title='bbox 901 2081 1114 2148; x_wconf 79' lang='grc' dir='ltr'><strong><em>ἤρχετο,</em></strong></span> <span class='ocrx_word' id='word_1_182' title='bbox 1155 2081 1208 2132; x_wconf 78' lang='grc' dir='ltr'><strong><em>οἱ</em></strong></span> <span class='ocrx_word' id='word_1_183' title='bbox 1244 2079 1599 2143; x_wconf 82' lang='grc' dir='ltr'><strong><em>ἀπεκτονότες</em></strong></span> <span class='ocrx_word' id='word_1_184' title='bbox 1638 2099 1696 2132; x_wconf 85' lang='grc' dir='ltr'><strong><em>τε</em></strong></span> <span class='ocrx_word' id='word_1_185' title='bbox 1734 2077 1826 2132; x_wconf 85' lang='grc' dir='ltr'><strong><em>καὶ</em></strong></span> 
     </span>
     <span class='ocr_line' id='line_1_23' title="bbox 138 2166 1825 2238; baseline 0.002 -20"><span class='ocrx_word' id='word_1_186' title='bbox 138 2166 205 2218; x_wconf 77' lang='grc' dir='ltr'><strong><em>τὰ</em></strong></span> <span class='ocrx_word' id='word_1_187' title='bbox 235 2168 372 2219; x_wconf 76' lang='grc' dir='ltr'><strong><em>ἄλλα</em></strong></span> <span class='ocrx_word' id='word_1_188' title='bbox 403 2170 866 2237; x_wconf 78' lang='grc' dir='ltr'><strong><em>προστεθεικότες.</em></strong></span> <span class='ocrx_word' id='word_1_189' title='bbox 948 2168 1029 2220; x_wconf 78' lang='lat'><strong><em>15.</em></strong></span> <span class='ocrx_word' id='word_1_190' title='bbox 1065 2167 1255 2238; x_wconf 83' lang='grc' dir='ltr'><strong><em>ἕτερον</em></strong></span> <span class='ocrx_word' id='word_1_191' title='bbox 1285 2170 1480 2222; x_wconf 91' lang='grc' dir='ltr'><strong><em>τοίνυν</em></strong></span> <span class='ocrx_word' id='word_1_192' title='bbox 1510 2171 1651 2222; x_wconf 88' lang='grc' dir='ltr'><strong><em>πολὺ</em></strong></span> <span class='ocrx_word' id='word_1_193' title='bbox 1683 2174 1825 2221; x_wconf 85' lang='grc' dir='ltr'><strong><em>θαυ-</em></strong></span> 
     </span>
    </p>
   </div>
   <div class='ocr_carea' id='block_1_3' title="bbox 142 2278 494 2285">
    <p class='ocr_par' dir='ltr' id='par_1_4' title="bbox 142 2278 494 2285">
     <span class='ocr_line' id='line_1_24' title="bbox 142 2278 494 2285; baseline 0 0"><span class='ocrx_word' id='word_1_194' title='bbox 142 2278 494 2285; x_wconf 95' lang='lat' dir='ltr'><strong><em> </em></strong></span> 
     </span>
    </p>
   </div>
   <div class='ocr_carea' id='block_1_4' title="bbox 260 2323 731 2399">
    <p class='ocr_par' dir='ltr' id='par_1_5' title="bbox 260 2323 731 2399">
     <span class='ocr_line' id='line_1_25' title="bbox 260 2323 731 2399; baseline 0.002 -14"><span class='ocrx_word' id='word_1_195' title='bbox 260 2347 314 2385; x_wconf 84' lang='lat'><strong><em>15</em></strong></span> <span class='ocrx_word' id='word_1_196' title='bbox 346 2323 403 2385; x_wconf 68' lang='lat' dir='ltr'><strong><em>cfss</em></strong></span> <span class='ocrx_word' id='word_1_197' title='bbox 436 2357 479 2398; x_wconf 88' lang='lat' dir='ltr'><strong><em>p.</em></strong></span> <span class='ocrx_word' id='word_1_198' title='bbox 507 2346 606 2397; x_wconf 83' lang='lat'><strong>395,</strong></span> <span class='ocrx_word' id='word_1_199' title='bbox 625 2347 650 2386; x_wconf 85' lang='lat'>9</span> <span class='ocrx_word' id='word_1_200' title='bbox 665 2357 731 2399; x_wconf 82' lang='lat' dir='ltr'><strong><em>sq.</em></strong></span> 
     </span>
    </p>
   </div>
   <div class='ocr_carea' id='block_1_5' title="bbox 140 2440 494 2448">
    <p class='ocr_par' dir='ltr' id='par_1_6' title="bbox 140 2440 494 2448">
     <span class='ocr_line' id='line_1_26' title="bbox 140 2440 494 2448; baseline 0 0"><span class='ocrx_word' id='word_1_201' title='bbox 140 2440 494 2448; x_wconf 95' lang='lat' dir='ltr'><strong><em> </em></strong></span> 
     </span>
    </p>
   </div>
   <div class='ocr_carea' id='block_1_6' title="bbox 138 2503 1823 3036">
    <p class='ocr_par' dir='ltr' id='par_1_7' title="bbox 138 2503 1823 3036">
     <span class='ocr_line' id='line_1_27' title="bbox 261 2503 1765 2564; baseline 0.002 -18"><span class='ocrx_word' id='word_1_202' title='bbox 261 2508 283 2546; x_wconf 89' lang='lat'>1</span> <span class='ocrx_word' id='word_1_203' title='bbox 310 2503 363 2547; x_wconf 88' lang='grc' dir='ltr'><strong><em>τὸ</em></strong></span> <span class='ocrx_word' id='word_1_204' title='bbox 385 2505 459 2548; x_wconf 89' lang='grc' dir='ltr'><strong><em>Ρα</em></strong></span> <span class='ocrx_word' id='word_1_205' title='bbox 486 2506 492 2560; x_wconf 89' lang='grc' dir='ltr'>Ι</span> <span class='ocrx_word' id='word_1_206' title='bbox 519 2504 579 2561; x_wconf 84' lang='grc' dir='ltr'><strong><em>μὴ</em></strong></span> <span class='ocrx_word' id='word_1_207' title='bbox 603 2503 655 2549; x_wconf 81' lang='grc' dir='ltr'><strong><em>δὲ</em></strong></span> <span class='ocrx_word' id='word_1_208' title='bbox 673 2506 1023 2550; x_wconf 85' lang='lat' dir='ltr'><strong><em>AVIPaTBM</em></strong></span> <span class='ocrx_word' id='word_1_209' title='bbox 1048 2509 1053 2563; x_wconf 86' lang='grc' dir='ltr'>Ι</span> <span class='ocrx_word' id='word_1_210' title='bbox 1081 2509 1285 2564; x_wconf 79' lang='grc' dir='ltr'><strong><em>χρῆσθαι</em></strong></span> <span class='ocrx_word' id='word_1_211' title='bbox 1303 2508 1349 2551; x_wconf 89' lang='grc' dir='ltr'><strong><em>Ρ</em></strong></span> <span class='ocrx_word' id='word_1_212' title='bbox 1369 2506 1450 2549; x_wconf 81' lang='lat' dir='ltr'><strong><em>sed</em></strong></span> <span class='ocrx_word' id='word_1_213' title='bbox 1474 2523 1499 2560; x_wconf 90' lang='grc' dir='ltr'><strong><em>ρ</em></strong></span> <span class='ocrx_word' id='word_1_214' title='bbox 1523 2505 1572 2548; x_wconf 89' lang='lat' dir='ltr'><strong><em>in</em></strong></span> <span class='ocrx_word' id='word_1_215' title='bbox 1596 2519 1671 2549; x_wconf 81' lang='lat' dir='ltr'><strong><em>ras</em></strong></span> <span class='ocrx_word' id='word_1_216' title='bbox 1695 2505 1765 2549; x_wconf 84' lang='lat' dir='ltr'><strong><em>m⁴</em></strong></span> 
     </span>
     <span class='ocr_line' id='line_1_28' title="bbox 141 2557 1764 2622; baseline 0.002 -17"><span class='ocrx_word' id='word_1_217' title='bbox 141 2566 166 2605; x_wconf 98' lang='grc'><strong>2</strong></span> <span class='ocrx_word' id='word_1_218' title='bbox 201 2557 299 2612; x_wconf 84' lang='grc' dir='ltr'><strong><em>ἶσος</em></strong></span> <span class='ocrx_word' id='word_1_219' title='bbox 331 2564 452 2606; x_wconf 86' lang='grc' dir='ltr'><strong><em>ΡαΤ</em></strong></span> <span class='ocrx_word' id='word_1_220' title='bbox 588 2567 614 2605; x_wconf 90' lang='lat'><strong>3</strong></span> <span class='ocrx_word' id='word_1_221' title='bbox 647 2564 708 2614; x_wconf 81' lang='grc' dir='ltr'><strong><em>ὡς</em></strong></span> <span class='ocrx_word' id='word_1_222' title='bbox 739 2577 814 2607; x_wconf 89' lang='lat' dir='ltr'><strong><em>om</em></strong></span> <span class='ocrx_word' id='word_1_223' title='bbox 839 2566 884 2608; x_wconf 92' lang='lat' dir='ltr'><em>B</em></span> <span class='ocrx_word' id='word_1_224' title='bbox 1020 2571 1045 2606; x_wconf 79' lang='lat'>5</span> <span class='ocrx_word' id='word_1_225' title='bbox 1079 2563 1256 2621; x_wconf 82' lang='grc' dir='ltr'><strong><em>νομίζοι</em></strong></span> <span class='ocrx_word' id='word_1_226' title='bbox 1288 2566 1322 2608; x_wconf 92' lang='grc' dir='ltr'><em>Ι</em></span> <span class='ocrx_word' id='word_1_227' title='bbox 1348 2565 1438 2608; x_wconf 85' lang='lat' dir='ltr'><strong><em>edd</em></strong></span> <span class='ocrx_word' id='word_1_228' title='bbox 1465 2567 1470 2620; x_wconf 91' lang='grc' dir='ltr'>Ι</span> <span class='ocrx_word' id='word_1_229' title='bbox 1499 2564 1645 2622; x_wconf 82' lang='grc' dir='ltr'><strong><em>ἀρχὴν</em></strong></span> <span class='ocrx_word' id='word_1_230' title='bbox 1679 2565 1764 2608; x_wconf 87' lang='lat' dir='ltr'><strong><em>VB</em></strong></span> 
     </span>
     <span class='ocr_line' id='line_1_29' title="bbox 140 2620 1823 2682; baseline 0.002 -18"><span class='ocrx_word' id='word_1_231' title='bbox 140 2625 167 2664; x_wconf 90' lang='lat'>8</span> <span class='ocrx_word' id='word_1_232' title='bbox 198 2620 612 2678; x_wconf 79' lang='grc' dir='ltr'><strong><em>προσποιουμένων</em></strong></span> <span class='ocrx_word' id='word_1_233' title='bbox 644 2624 871 2673; x_wconf 79' lang='grc' dir='ltr'><strong><em>σπονδαῖς</em></strong></span> <span class='ocrx_word' id='word_1_234' title='bbox 902 2623 1006 2667; x_wconf 84' lang='lat' dir='ltr'>coni</span> <span class='ocrx_word' id='word_1_235' title='bbox 1030 2624 1097 2667; x_wconf 80' lang='lat' dir='ltr'><strong><em>Re</em></strong></span> <span class='ocrx_word' id='word_1_236' title='bbox 1128 2623 1436 2681; x_wconf 69' lang='lat' dir='ltr'>probabiliher</span> <span class='ocrx_word' id='word_1_237' title='bbox 1462 2624 1468 2682; x_wconf 88' lang='grc' dir='ltr'>Ι</span> <span class='ocrx_word' id='word_1_238' title='bbox 1497 2626 1724 2674; x_wconf 78' lang='grc' dir='ltr'><strong><em>σπουδαῖς</em></strong></span> <span class='ocrx_word' id='word_1_239' title='bbox 1750 2625 1823 2668; x_wconf 89' lang='lat' dir='ltr'><strong><em>Pa</em></strong></span> 
     </span>
     <span class='ocr_line' id='line_1_30' title="bbox 201 2678 1819 2742; baseline 0.001 -19"><span class='ocrx_word' id='word_1_240' title='bbox 201 2683 255 2723; x_wconf 84' lang='lat'><strong><em>13</em></strong></span> <span class='ocrx_word' id='word_1_241' title='bbox 286 2678 533 2737; x_wconf 81' lang='grc' dir='ltr'><strong><em>ταμέγιστα</em></strong></span> <span class='ocrx_word' id='word_1_242' title='bbox 556 2681 625 2736; x_wconf 76' lang='lat' dir='ltr'><strong><em>Vl</em></strong></span> <span class='ocrx_word' id='word_1_243' title='bbox 653 2687 857 2738; x_wconf 85' lang='grc' dir='ltr'><strong><em>ταραχῆς</em></strong></span> <span class='ocrx_word' id='word_1_244' title='bbox 879 2682 1044 2738; x_wconf 81' lang='lat' dir='ltr'><strong>scripsi</strong></span> <span class='ocrx_word' id='word_1_245' title='bbox 1105 2684 1252 2742; x_wconf 83' lang='grc' dir='ltr'><strong><em>ἀρχῆς</em></strong></span> <span class='ocrx_word' id='word_1_246' title='bbox 1278 2682 1386 2726; x_wconf 85' lang='lat' dir='ltr'>libri</span> <span class='ocrx_word' id='word_1_247' title='bbox 1411 2682 1502 2725; x_wconf 83' lang='lat' dir='ltr'><strong><em>edd</em></strong></span> <span class='ocrx_word' id='word_1_248' title='bbox 1535 2681 1591 2726; x_wconf 84' lang='lat' dir='ltr'><strong><em>cf.</em></strong></span> <span class='ocrx_word' id='word_1_249' title='bbox 1616 2697 1662 2739; x_wconf 88' lang='lat' dir='ltr'><strong><em>p.</em></strong></span> <span class='ocrx_word' id='word_1_250' title='bbox 1677 2686 1776 2738; x_wconf 85' lang='lat'>430,</span> <span class='ocrx_word' id='word_1_251' title='bbox 1798 2687 1819 2725; x_wconf 93' lang='lat'>1</span> 
     </span>
     <span class='ocr_line' id='line_1_31' title="bbox 201 2738 1821 2798; baseline 0.001 -16"><span class='ocrx_word' id='word_1_252' title='bbox 201 2743 255 2782; x_wconf 85' lang='lat'><strong><em>14</em></strong></span> <span class='ocrx_word' id='word_1_253' title='bbox 286 2739 479 2790; x_wconf 79' lang='grc' dir='ltr'><strong><em>τούτους</em></strong></span> <span class='ocrx_word' id='word_1_254' title='bbox 504 2740 607 2783; x_wconf 84' lang='lat' dir='ltr'><strong><em>VM</em></strong></span> <span class='ocrx_word' id='word_1_255' title='bbox 636 2742 642 2797; x_wconf 83' lang='grc' dir='ltr'>Ι</span> <span class='ocrx_word' id='word_1_256' title='bbox 684 2742 908 2796; x_wconf 75' lang='lat' dir='ltr'><strong>punctum</strong></span> <span class='ocrx_word' id='word_1_257' title='bbox 940 2754 1032 2785; x_wconf 90' lang='lat' dir='ltr'><strong><em>non</em></strong></span> <span class='ocrx_word' id='word_1_258' title='bbox 1063 2744 1169 2798; x_wconf 76' lang='lat' dir='ltr'>post</span> <span class='ocrx_word' id='word_1_259' title='bbox 1201 2743 1377 2798; x_wconf 83' lang='grc' dir='ltr'><strong><em>ἀρετῆς,</em></strong></span> <span class='ocrx_word' id='word_1_260' title='bbox 1410 2741 1492 2786; x_wconf 78' lang='lat' dir='ltr'><strong><em>sed</em></strong></span> <span class='ocrx_word' id='word_1_261' title='bbox 1522 2743 1628 2798; x_wconf 73' lang='lat' dir='ltr'><strong>post</strong></span> <span class='ocrx_word' id='word_1_262' title='bbox 1659 2738 1821 2797; x_wconf 83' lang='grc' dir='ltr'><strong><em>φείσα-</em></strong></span> 
     </span>
     <span class='ocr_line' id='line_1_32' title="bbox 139 2798 1823 2856; baseline 0.001 -16"><span class='ocrx_word' id='word_1_263' title='bbox 139 2799 255 2841; x_wconf 82' lang='grc' dir='ltr'><strong><em>σθαι</em></strong></span> <span class='ocrx_word' id='word_1_264' title='bbox 277 2798 544 2854; x_wconf 82' lang='lat' dir='ltr'><strong>ponendum</strong></span> <span class='ocrx_word' id='word_1_265' title='bbox 575 2798 658 2842; x_wconf 81' lang='lat' dir='ltr'><strong><em>sed</em></strong></span> <span class='ocrx_word' id='word_1_266' title='bbox 681 2798 825 2842; x_wconf 73' lang='lat' dir='ltr'><strong>etiam</strong></span> <span class='ocrx_word' id='word_1_267' title='bbox 849 2800 1092 2856; x_wconf 74' lang='lat' dir='ltr'><strong>sequentia.</strong></span> <span class='ocrx_word' id='word_1_268' title='bbox 1122 2801 1277 2844; x_wconf 84' lang='lat' dir='ltr'>labem</span> <span class='ocrx_word' id='word_1_269' title='bbox 1302 2800 1583 2844; x_wconf 58' lang='lat' dir='ltr'><strong>contraxissse</strong></span> <span class='ocrx_word' id='word_1_270' title='bbox 1607 2800 1823 2844; x_wconf 68' lang='lat' dir='ltr'>videnbur</span> 
     </span>
     <span class='ocr_line' id='line_1_33' title="bbox 202 2853 1820 2918; baseline 0.001 -18"><span class='ocrx_word' id='word_1_271' title='bbox 202 2861 255 2900; x_wconf 83' lang='lat'><strong><em>16</em></strong></span> <span class='ocrx_word' id='word_1_272' title='bbox 289 2853 354 2901; x_wconf 83' lang='grc' dir='ltr'><strong><em>ὧν</em></strong></span> <span class='ocrx_word' id='word_1_273' title='bbox 384 2856 472 2914; x_wconf 84' lang='grc' dir='ltr'><strong><em>γὰρ</em></strong></span> <span class='ocrx_word' id='word_1_274' title='bbox 504 2858 551 2900; x_wconf 68' lang='lat' dir='ltr'><strong><em>ei:</em></strong></span> <span class='ocrx_word' id='word_1_275' title='bbox 579 2854 772 2913; x_wconf 84' lang='grc' dir='ltr'><strong><em>ἠδίκητο</em></strong></span> <span class='ocrx_word' id='word_1_276' title='bbox 805 2858 911 2901; x_wconf 84' lang='lat' dir='ltr'>coni</span> <span class='ocrx_word' id='word_1_277' title='bbox 941 2858 1009 2903; x_wconf 85' lang='lat' dir='ltr'><strong><em>Re</em></strong></span> <span class='ocrx_word' id='word_1_278' title='bbox 1037 2861 1042 2918; x_wconf 89' lang='grc' dir='ltr'>Ι</span> <span class='ocrx_word' id='word_1_279' title='bbox 1071 2858 1364 2903; x_wconf 80' lang='grc' dir='ltr'><strong><em>καθέκαστον</em></strong></span> <span class='ocrx_word' id='word_1_280' title='bbox 1390 2859 1432 2903; x_wconf 84' lang='lat' dir='ltr'><strong><em>V</em></strong></span> <span class='ocrx_word' id='word_1_281' title='bbox 1548 2863 1602 2902; x_wconf 90' lang='grc'><strong><em>22</em></strong></span> <span class='ocrx_word' id='word_1_282' title='bbox 1636 2859 1680 2903; x_wconf 87' lang='grc' dir='ltr'><strong><em>οἱ</em></strong></span> <span class='ocrx_word' id='word_1_283' title='bbox 1713 2861 1820 2902; x_wconf 69' lang='lat' dir='ltr'>ante</span> 
     </span>
     <span class='ocr_line' id='line_1_34' title="bbox 139 2913 1820 2974; baseline 0.002 -16"><span class='ocrx_word' id='word_1_284' title='bbox 139 2913 197 2957; x_wconf 79' lang='grc' dir='ltr'><strong><em>τὰ</em></strong></span> <span class='ocrx_word' id='word_1_285' title='bbox 220 2915 346 2959; x_wconf 80' lang='lat' dir='ltr'>inser</span> <span class='ocrx_word' id='word_1_286' title='bbox 369 2915 572 2959; x_wconf 76' lang='lat' dir='ltr'>Sintenis</span> <span class='ocrx_word' id='word_1_287' title='bbox 632 2916 713 2959; x_wconf 79' lang='grc' dir='ltr'><strong><em>καὶ</em></strong></span> <span class='ocrx_word' id='word_1_288' title='bbox 743 2915 789 2960; x_wconf 82' lang='grc' dir='ltr'><strong><em>οἱ</em></strong></span> <span class='ocrx_word' id='word_1_289' title='bbox 821 2915 958 2961; x_wconf 79' lang='grc' dir='ltr'><strong><em>οὐδὲν</em></strong></span> <span class='ocrx_word' id='word_1_290' title='bbox 989 2918 1164 2962; x_wconf 84' lang='grc' dir='ltr'><strong><em>τούτων</em></strong></span> <span class='ocrx_word' id='word_1_291' title='bbox 1196 2915 1472 2974; x_wconf 81' lang='grc' dir='ltr'><strong><em>δεδρακότες</em></strong></span> <span class='ocrx_word' id='word_1_292' title='bbox 1500 2919 1609 2974; x_wconf 73' lang='lat' dir='ltr'><strong>post</strong></span> <span class='ocrx_word' id='word_1_293' title='bbox 1631 2932 1820 2974; x_wconf 79' lang='grc' dir='ltr'><strong><em>προστε-</em></strong></span> 
     </span>
     <span class='ocr_line' id='line_1_35' title="bbox 138 2972 1196 3036; baseline 0.006 -21"><span class='ocrx_word' id='word_1_294' title='bbox 138 2972 350 3026; x_wconf 77' lang='grc' dir='ltr'><strong><em>θεικότες</em></strong></span> <span class='ocrx_word' id='word_1_295' title='bbox 380 2974 606 3018; x_wconf 80' lang='lat' dir='ltr'><strong>excidisse</strong></span> <span class='ocrx_word' id='word_1_296' title='bbox 638 2975 741 3018; x_wconf 88' lang='lat' dir='ltr'>coni</span> <span class='ocrx_word' id='word_1_297' title='bbox 773 2975 841 3019; x_wconf 80' lang='lat' dir='ltr'><strong><em>Re</em></strong></span> <span class='ocrx_word' id='word_1_298' title='bbox 868 2975 874 3034; x_wconf 90' lang='grc' dir='ltr'>Ι</span> <span class='ocrx_word' id='word_1_299' title='bbox 901 2978 1052 3036; x_wconf 80' lang='grc' dir='ltr'><strong><em>πολλῷ</em></strong></span> <span class='ocrx_word' id='word_1_300' title='bbox 1084 2979 1196 3021; x_wconf 90' lang='grc' dir='ltr'><strong><em>ΒΜ</em></strong></span> 
     </span>
    </p>
   </div>
  </div>
 </body>
</html>
