2060 3162
213 113 323 165 474
724 112 952 157 LIBANH
984 113 1208 157 ORATIO
1242 115 1371 158 XXII

213 250 359 318 παρὰ
405 258 516 301 τῶν
570 249 904 319 γραμμάτων
958 249 1267 319 ἀφιγμένοι.
1346 251 1394 303 6.
1449 252 1610 313 ὄντος
1660 251 1722 304 δὲ
1769 251 1903 305 οὐδὲ

212 339 413 390 τούτου
455 345 703 408 φορητοῦ
743 340 887 391 πολὺ
929 339 1246 406 δεινότερον
1283 339 1344 392 τὸ
1385 337 1473 392 ἐπὶ
1513 341 1705 411 τούτῳ.
1770 341 1904 408 μετὰ

212 428 315 497 γὰρ
356 428 424 495 δὴ
463 435 575 479 τῶν
615 427 871 496 ῥημάτων
911 426 1138 480 ἐκείνων
1185 426 1272 480 ἐπὶ
1312 429 1414 496 τὴν
1451 429 1557 499 πρὸ
1605 436 1704 481 τοῦ
1753 429 1903 482 δικα-

216 518 443 585 στηρίου
485 517 654 569 στοὰν
701 516 1063 585 ποιησάμενοι
1109 517 1211 584 τὴν
1250 514 1445 580 ἔξοδον
1493 515 1584 570 καὶ
1625 518 1726 586 τὴν
1763 518 1903 586 βοὴν

169 625 187 658 5
214 603 579 667 ἐπιτείναντες
628 603 720 657 καὶ
773 604 1159 673 γυμνωθέντες
1205 615 1317 658 τῶν
1363 607 1658 675 χλαμύδων
1704 604 1794 659 καὶ
1840 607 1901 659 τὸ

213 695 363 747 οὔπω
426 693 788 762 κεκινημένον
855 702 973 756 ταῖς
1043 693 1248 758 δεξιαῖς
1308 702 1593 758 κινοῦντες
1661 713 1902 765 παρακα-

212 786 438 845 λοῦντες
484 784 561 845 εἰς
611 784 911 835 κοινωνίαν
958 778 1037 836 ὧν
1084 781 1347 851 ἐτόλμων,
1395 782 1655 846 ἐλθόντες
1705 782 1794 837 ἐπὶ
1840 784 1901 837 τὸ

121 882 161 925 R
185 883 270 926 114
309 871 609 940 πλησιάζον
647 874 943 940 βαλανεῖον
980 872 1184 934 κάλους
1222 866 1302 924 ὧν
1341 870 1631 942 ἐξήρτηντο
1682 870 1688 943 Ι
1734 874 1800 925 τὰ
1838 873 1900 925 τὸ

212 969 329 1029 φῶς
383 959 444 1013 ἐν
498 960 657 1014 νυκτὶ
712 960 1044 1030 παρέχοντα,
1106 962 1397 1030 μαχαίραις
1452 959 1743 1025 ἐξέκοπτον
1793 962 1900 1014 δει-

144 1070 186 1102 10
210 1050 454 1118 κνύντες,
503 1049 586 1101 ὅτι
627 1051 711 1103 δεῖ
750 1050 849 1103 τὸν
887 1048 948 1103 ἐν
994 1057 1057 1120 τῇ
1097 1052 1256 1103 πόλει
1301 1051 1509 1118 κόσμον
1554 1059 1672 1112 ταῖς
1719 1050 1902 1103 αὐτῶν

142 1514 182 1546 15

141 1958 183 1990 20

208 1139 544 1207 βουλήσεσιν
590 1137 902 1208 ὑποχωρεῖν
941 1136 1030 1190 καὶ
1072 1138 1144 1200 ὡς
1184 1138 1212 1191 ὁ
1261 1135 1363 1207 μὲν
1401 1140 1568 1208 νόμος
1608 1137 1793 1206 οὐδέν,
1839 1139 1900 1191 τὸ

209 1226 270 1279 δὲ
303 1225 534 1289 ἐκείνοις
566 1228 774 1279 δοκοῦν
805 1225 955 1294 μέγα.
1029 1227 1074 1278 7.
1110 1228 1370 1279 τοιούτου
1403 1230 1597 1280 τοίνυν
1629 1225 1901 1297 ᾀσθέντος

208 1317 505 1384 προοιμίου
543 1317 677 1384 μετὰ
718 1316 974 1385 ῥημάτων
1015 1314 1232 1385 ἑτέρων,
1285 1315 1317 1368 ἃ
1356 1314 1551 1386 κέρδος
1591 1314 1660 1368 ἂν
1698 1311 1769 1383 ἦν
1806 1336 1899 1384 μοι

207 1405 278 1472 μὴ
328 1403 646 1473 ἀκηκοέναι,
701 1405 761 1456 τὸ
809 1401 910 1471 μὲν
956 1406 1022 1456 τὰ
1070 1405 1310 1457 εἰωθότα
1362 1411 1533 1457 ταῦτα
1581 1411 1763 1457 ποιεῖν
1807 1402 1899 1457 καὶ

207 1493 492 1563 ταράττειν
537 1491 629 1546 καὶ
677 1501 904 1562 συγχεῖν
949 1492 1051 1546 τάν
1100 1501 1216 1555 τοῖς
1270 1491 1651 1564 ἐργαστηρίοις
1703 1494 1901 1562 μικρόν

207 1600 264 1633 τε
301 1579 392 1634 καὶ
433 1580 659 1645 ἀνάξιον
697 1589 793 1649 τῆς
833 1581 1016 1634 αὑτῶν
1055 1581 1287 1651 ἀνδρίας
1323 1581 1616 1650 ἡγήσαντο,
1664 1581 1899 1649 βλέψαν-

207 1689 294 1733 τες
345 1667 407 1723 δὲ
457 1672 535 1733 εἰς
588 1671 683 1733 τὰς
733 1671 940 1733 πολλὰς
989 1671 1083 1733 τὰς
1134 1668 1197 1723 ἐν
1247 1679 1366 1733 ταῖς
1416 1674 1637 1723 σανίσιν
1687 1671 1899 1733 εἰκόνας

206 1760 552 1827 βλασφημίας
605 1760 711 1829 πρὸ
769 1761 949 1812 λίθων
1003 1744 1085 1812 ἐπ’
1125 1759 1293 1822 αὐτάς
1356 1758 1587 1828 ἀφέντες
1648 1757 1735 1811 ε’πὶ
1797 1759 1899 1828 μὲν

208 1856 327 1910 ταῖς
390 1847 760 1917 ῥηγνυμέναις
822 1846 1044 1916 ἐγέλων,
1106 1848 1246 1918 πρὸς
1299 1848 1361 1900 δὲ
1414 1848 1509 1910 τὰς
1564 1846 1898 1916 ἀντεχούσας

206 1936 568 2004 ἠγανάκτουν.
647 1937 695 1989 8.
751 1934 929 1989 ἔπειθ’
972 1936 1272 2004 ἡγούμενοι
1334 1937 1430 1998 τὰς
1484 1935 1545 1989 ἐν
1597 1942 1672 2008 τῷ
1721 1940 1900 2008 χαλκῷ

328 2132 348 2169 1
384 2125 644 2183 ἀφιγμένον
669 2125 712 2167 V
769 2124 971 2182 ἀφιγμέν
1004 2140 1109 2169 cum
1133 2125 1314 2169 duabus
1347 2127 1454 2181 post
1482 2143 1508 2170 v
1532 2124 1702 2168 litteris
1727 2137 1895 2181 parum

206 2186 463 2242 perspicuis
495 2187 570 2229 Pa
659 2182 929 2240 ἀφιγμένων
962 2184 1063 2228 Mor
1112 2186 1118 2241 Ι
1169 2184 1314 2235 ὄντως
1339 2186 1401 2228 Μ
1453 2186 1459 2240 Ι
1510 2182 1618 2227 οὐδὲ
1652 2198 1726 2227 om
1751 2184 1836 2228 Mo

212 2251 235 2287 3
269 2245 360 2299 πρὸ
391 2252 473 2288 τοῦ
506 2258 583 2288 om
615 2243 685 2287 Va
806 2248 831 2286 5
864 2241 1210 2300 γυμνασθέντες
1235 2245 1320 2287 Mo
1442 2247 1466 2285 6
1499 2250 1741 2286 κινοῦνται
1767 2244 1834 2286 Va

207 2309 232 2346 8
264 2302 459 2360 πλησίον
491 2303 637 2347 Cobet
667 2301 860 2345 Miscell.
882 2307 965 2345 143
1008 2303 1015 2360 Ι
1057 2301 1206 2352 κάλως
1230 2302 1271 2344 V
1291 2302 1359 2345 Re
1427 2300 1622 2353 κάλλους
1646 2303 1691 2345 Β
1724 2302 1806 2346 sed
1839 2318 1893 2345 ov

208 2392 257 2434 in
280 2407 369 2447 ras,
398 2394 480 2436 Mo
536 2363 787 2435 udi-nggPa
860 2389 1016 2433 κάλωα
1040 2390 1142 2433 Mor
1203 2389 1385 2441 κάλωας
1408 2390 1623 2434 Valesius
1657 2390 1717 2433 ad
1742 2391 1890 2433 Amm.

206 2451 311 2495 XIV
338 2457 375 2505 1,
395 2455 419 2494 9
449 2455 454 2506 Ι
483 2449 698 2507 ἐξήρτητο
716 2455 735 2494 ‘?
877 2453 901 2492 9
936 2447 1181 2502 ἐξέκοπτον
1214 2449 1379 2505 scripsi
1412 2462 1436 2492 e
1464 2450 1696 2494 CAPBaJ
1705 2450 1747 2492 V
1804 2450 1893 2493 ἀπ-

207 2509 401 2553 έκοπτον
433 2509 602 2566 reliqui
634 2509 742 2553 libri
775 2507 866 2552 edd
997 2512 1050 2551 12
1083 2511 1214 2552 δοκεῖ
1243 2508 1344 2552 Mor
1375 2509 1456 2563 qui
1488 2507 1512 2553 ὃ
1544 2523 1628 2565 pro
1659 2509 1712 2552 τὸ
1745 2508 1849 2552 coni
1885 2510 1890 2566 f

209 2568 471 2619 ἀναθέντος
495 2571 568 2613 Ρα
591 2569 694 2613 Mor
816 2572 870 2610 15
903 2564 987 2621 ρόν
1019 2567 1068 2609 in
1098 2566 1265 2623 μικρόν
1289 2594 1345 2599 -
1374 2572 1427 2610 16
1453 2565 1593 2623 ἀνδρί
1623 2568 1672 2610 in
1696 2564 1894 2622 ἀνδρίας

207 2628 383 2671 absciss
407 2630 480 2672 Pa
604 2633 657 2671 16
689 2626 885 2679 ἀνάξιον
912 2627 955 2671 V
980 2626 1061 2669 sed
1086 2643 1102 2669 ι
1126 2627 1250 2670 inser
1269 2626 1338 2669 m²
1365 2628 1371 2683 Ι
1400 2627 1553 2670 αὐτῶν
1577 2628 1623 2670 Β
1655 2627 1738 2670 sed.
1765 2623 1777 2639 '
1805 2626 1853 2668 in
1874 2623 1885 2640 ‘

208 2701 322 2742 corr,
349 2687 574 2731 MMoLI
595 2689 601 2743 Ι
629 2683 826 2740 ἀνδρίας
847 2685 1034 2742 reposui
1060 2698 1084 2728 e
1107 2685 1241 2728 libris
1302 2683 1522 2741 ἀνδρείας
1546 2685 1637 2728 edd
1760 2689 1812 2727 17
1848 2683 1894 2735 ἐς

207 2746 276 2789 Re
304 2748 309 2802 Ι
337 2745 419 2795 τὰς
451 2748 512 2802 (2)
545 2759 621 2788 om
645 2746 722 2789 Ba
758 2747 763 2801 Ι
798 2744 881 2795 τὰς
913 2770 967 2776 —-
1001 2742 1108 2787 σανί
1140 2744 1188 2786 in
1221 2741 1403 2789 σανίσιν
1436 2744 1611 2787 absciss
1636 2746 1709 2788 Pa
1747 2745 1753 2799 Ι
1791 2750 1893 2793 ταῖς

209 2818 284 2847 om
318 2806 386 2848 Va
530 2809 584 2847 18
616 2804 733 2859 πρὸς
764 2805 929 2847 ΒαΜο
971 2806 976 2858 Ι
1018 2806 1123 2846 θων
1155 2804 1205 2846 in
1235 2801 1384 2846 λίθων
1410 2830 1464 2834 -
1490 2801 1584 2858 ἀφέ
1615 2803 1663 2845 in
1696 2800 1892 2858 ἀφέντες

207 2863 383 2906 absciss
407 2865 482 2907 Pa
604 2868 656 2906 19
691 2880 755 2906 ων
786 2862 835 2905 in
869 2860 1035 2919 ἐγέλων
1061 2889 1114 2893 -
1139 2863 1200 2905 ἀν
1231 2862 1281 2904 in
1312 2862 1595 2919 ἀντεχούσας
1625 2860 1798 2904 abseiss
1819 2861 1890 2904 Pa

269 2926 324 2965 20
357 2926 422 2982 κῷ
446 2922 496 2964 in
528 2925 678 2979 χαλκῷ
712 2923 760 2964 et
789 2919 1058 2976 τιμιωτέρας
1089 2921 1264 2964 absciss
1291 2922 1364 2964 Pa
