2060 3162
378 908 609 970 ΠΡΟΣ
657 908 1153 970 ΑΝΤΙΟΧΕΑΣ
1201 909 1406 969 ΠΕΡΙ
1451 910 1625 969 ΤΗΣ
1671 909 1842 971 TOT

718 1004 1154 1065 ΒΑΣΙΛΕΩΣ
1203 1005 1500 1067 ΟΡΓΗΣ.

179 1165 327 1208 R484
482 1153 526 1204 1.
575 1149 640 1204 “A
689 1148 790 1220 μὲν
840 1148 977 1222 ὑπὲρ
1027 1159 1122 1220 τῆς
1167 1154 1397 1220 πόλεως,
1452 1148 1493 1204 ὦ
1542 1152 1738 1220 ἄνδρες
1780 1149 1953 1204 Ἀντι-

270 1249 437 1310 οχεῖς,
489 1241 626 1309 πρὸς
671 1240 770 1292 τὸν
816 1240 1192 1310 αὐτοκράτορα
1239 1241 1538 1308 διείλεγμαι
1585 1240 1674 1292 καὶ
1721 1240 1793 1302 ὡς
1832 1239 1946 1292 οὔτ’

227 1352 246 1384 5
271 1329 484 1398 ἀγῶνος
530 1326 658 1381 οὔθ’
692 1329 936 1381 ἱκετειῶν
990 1328 1294 1381 οὐδοτιοῦν·
1339 1327 1735 1397 παραλέλοιπα,
1789 1347 1955 1397 μεμα-

268 1420 473 1486 θήκατε
511 1418 576 1469 τὰ
614 1417 715 1484 μὲν
754 1417 923 1469 αὐτοῦ
963 1437 1070 1486 μου
1104 1416 1474 1486 διηγουμένου
1513 1417 1650 1486 πρὸς
1681 1416 1820 1484 ὑμᾶς
1851 1416 1953 1485 οὐχ

270 1507 342 1569 ὡς
381 1507 449 1559 ἄν
483 1525 634 1568 τινος
665 1504 1079 1574 σεμνυνομένου
1111 1509 1322 1574 μᾶλλον
1360 1505 1393 1574 ἢ
1425 1504 1952 1574 παραμυθουμένου,

269 1596 334 1648 τὰ
383 1597 551 1648 πλείω
599 1594 661 1647 δὲ
705 1601 804 1646 τοῦ
855 1593 1122 1661 βασιλέως
1173 1596 1545 1663 μεμηνυκότος
1599 1593 1844 1646 ἐνταῦθά
1896 1613 1953 1645 τε

270 1685 405 1753 πρὸς
450 1685 547 1736 τὸν
594 1682 741 1752 ἱερέα
788 1680 1044 1750 λέγοντος
1090 1683 1449 1752 ἠνωχλῆσθαι
1502 1680 1627 1753 παρ’
1676 1681 1808 1751 ἐμοῦ
1862 1684 1951 1734 καὶ

207 1795 249 1826 10
271 1773 438 1825 πάλιν
488 1771 549 1824 ἐν
602 1777 675 1843 τῷ
725 1776 953 1842 σταθμῷ
1002 1772 1140 1841 πρὸς
1188 1773 1248 1824 τὸ
1303 1772 1494 1824 κοινὸν
1547 1771 1607 1824 τὸ
1663 1770 1952 1840 ὑμέτερον·

393 1932 431 1976 Ο
509 1954 564 1968 =
598 1931 843 1974 Chisianus

388 1993 434 2035 A
509 2013 563 2026 =
598 1989 751 2034 Codex
781 1990 1072 2033 Monacensis
1105 1989 1235 2046 (olim
1265 1990 1581 2047 Augustanus)
1614 1994 1699 2033 483

392 2050 437 2093 P
509 2071 563 2085 =
595 2049 851 2092 Vaticanus
882 2049 1125 2092 Palatinus
1157 2064 1223 2105 gr.
1251 2052 1334 2091 282

399 2108 443 2152 U
514 2130 568 2144 =
605 2107 799 2150 Urbinas
831 2122 898 2164 gr.
927 2112 1010 2150 126

401 2168 445 2211 V
514 2189 569 2203 =
601 2165 973 2210 Vindobonensis
1006 2165 1119 2222 phil.
1145 2180 1211 2221 gr.
1238 2165 1379 2208 XCIII

391 2228 426 2269 I
515 2248 570 2261 =
603 2225 866 2269 Marcianus
899 2225 1097 2281 append.
1130 2223 1228 2268 XCI
1261 2229 1285 2267 2

394 2287 476 2329 Mo
517 2307 571 2321 =
604 2284 893 2328 Monacensis
929 2289 1011 2327 113

393 2345 437 2388 B
518 2366 572 2380 =
605 2342 883 2386 Barberinus
914 2343 956 2386 H
988 2347 1041 2385 41

395 2403 455 2445 M
519 2425 573 2439 =
607 2402 869 2446 Marcianus
903 2406 987 2446 437

394 2555 418 2593 5
452 2564 523 2606 ep.
551 2554 633 2593 736
759 2554 811 2592 10
843 2549 925 2592 Iul.
952 2562 1021 2605 ep.
1049 2553 1102 2592 27
1135 2564 1177 2604 p.
1206 2551 1290 2591 399
1310 2548 1344 2590 B
1371 2549 1417 2591 et
1443 2547 1473 2590 C

397 2702 419 2739 1
453 2696 582 2751 Πρὸς
611 2697 719 2746 τοὺς
741 2699 787 2740 Ρ
811 2699 816 2750 Ι
844 2697 1072 2753 ἀντιοχεῖς
1095 2695 1250 2740 ΡΒΜ
1269 2695 1389 2737 Fabr
1416 2697 1422 2751 Ι
1450 2694 1566 2750 ὑπὲρ
1591 2695 1637 2739 Β
1693 2714 1696 2717 ⁴
1756 2698 1781 2736 5
1815 2693 1950 2738 οὔδο-

276 2762 405 2799 τιοῦν
436 2755 560 2797 inser
590 2755 646 2798 1²
678 2752 782 2799 οὐδ’
812 2754 969 2798 ὁτιοῦν
1004 2755 1326 2799 CAPVMoM
1346 2753 1467 2796 Fabr
1505 2757 1510 2810 Ι
1549 2751 1866 2808 παραλέλοιπα
1903 2753 1950 2795 in

277 2841 633 2897 παραλέλειπται
666 2856 766 2886 corr
788 2842 845 2885 12
905 2828 1261 2896 παραλὲλὲιιῆεθζαι
1293 2842 1337 2884 Β
1458 2846 1482 2884 6
1515 2840 1653 2898 ταμεν
1681 2841 1723 2883 V
1751 2841 1757 2898 Ι
1785 2840 1901 2896 ὑμᾶς
1925 2842 1955 2882 Ι

279 2902 359 2944 sed.
390 2918 417 2944 v
449 2901 497 2944 in
521 2914 595 2943 ras
619 2901 688 2943 m²
809 2906 832 2943 7
866 2900 990 2944 ὡσοὲν
1025 2902 1107 2945 Mo
1236 2904 1289 2943 10
1321 2901 1483 2959 πρώτῳ
1516 2900 1594 2956 (α’)
1626 2901 1734 2942 ante
1766 2901 1958 2957 σταθμῷ

279 2960 503 3004 excidisse
534 2961 647 3015 puto
682 2959 783 3003 coll.
798 2959 880 3003 Iul.
908 2973 977 3015 ep.
1004 2964 1059 3002 27
1091 2975 1135 3015 p.
1163 2963 1245 3002 399
1265 2958 1297 3002 C
1326 2963 1329 3013 Ι
1359 2958 1575 3015 ἡμέτερον
1609 2959 1804 3003 ΜοΒΜ
1831 2956 1952 3000 Fabr
