2060 3162
762 706 945 760 XXIII
957 706 999 779 1)
1041 707 1296 779 (XXXIV
1313 706 1401 779 a).

340 814 513 864 Oratio
568 814 690 863 κατὰ
743 823 841 864 τῶν
894 815 1213 883 πεφευγότων
1269 833 1368 879 qua
1412 815 1651 864 Libanius
1705 833 1818 865 cum
1867 819 1922 865 in

228 905 395 938 omnes
435 891 522 952 qui
551 892 691 938 metu
713 891 927 953 perculsi
958 891 1170 939 salutem
1200 892 1254 938 in
1282 891 1404 954 fuga
1436 892 1785 952 quaesiverant
1812 894 1922 939 tum

224 965 277 1011 in
309 964 578 1026 discipulos
608 965 863 1013 invehitur
893 981 1007 1013 suos
1045 967 1131 1027 qui
1163 981 1274 1012 cum
1304 964 1426 1012 urbe
1457 964 1726 1013 Antiochia
1755 967 1921 1027 ipsum

226 1039 545 1101 studiumque
586 1039 898 1101 eloquentiae
935 1039 1315 1101 dereliquerant,
1353 1040 1485 1087 inter
1516 1039 1637 1087 duas
1670 1039 1733 1087 ad
1764 1039 1921 1087 Theo-

226 1112 420 1161 dosium
461 1110 572 1179 περὶ
609 1120 698 1176 τῆς
736 1112 946 1171 στάσεως
993 1116 1044 1161 et
1089 1110 1169 1162 ἐπὶ
1206 1117 1312 1171 ταῖς
1350 1112 1633 1178 διαλλαγαῖς
1671 1114 1920 1162 orationes

225 1188 504 1249 conscripta
516 1180 557 1254 ²)
597 1188 651 1234 in
689 1203 892 1236 numero
933 1203 1103 1236 earum
1141 1188 1215 1235 est
1254 1203 1381 1248 quae
1419 1188 1593 1249 paucis
1633 1188 1918 1235 arriserunt.

224 1260 401 1323 Itaque
442 1257 698 1324 ‘corporis'
745 1261 865 1310 fines
912 1277 1012 1310 non
1058 1276 1256 1325 egressa
1301 1277 1384 1310 sex
1421 1262 1621 1309 tantum
1671 1260 1919 1310 codicibus

226 1335 287 1382 ad
325 1337 548 1384 nostram
588 1337 805 1383 aetatem
842 1337 1083 1397 pervenit.
1163 1335 1259 1391 Qui
1297 1337 1434 1383 sunt:

339 1412 384 1457 1.
419 1409 739 1458 Chisianus
763 1410 896 1457 RVI
914 1411 982 1457 43
1011 1403 1105 1477 (=
1125 1403 1185 1476 C)
1213 1425 1336 1458 saec.
1360 1409 1479 1457 XIV
1501 1409 1586 1457 fol.
1609 1410 1752 1456 274⁷.
1791 1407 1918 1456 Vide

222 1485 257 1531 t.
282 1483 309 1532 I
344 1500 392 1546 p.
428 1486 497 1532 10
514 1499 585 1546 sq.
666 1483 877 1532 Contuli.

336 1560 384 1606 2.
413 1558 787 1606 Monacensis
811 1575 889 1621 gr.
909 1559 1015 1606 483
1044 1558 1163 1606 olim
1178 1558 1501 1620 Augustanus
1529 1549 1623 1624 (=
1640 1550 1709 1622 A)
1735 1557 1918 1605 saec.X

222 1633 308 1680 fol.
338 1633 482 1680 164³&
559 1632 686 1679 Vide
726 1635 761 1680 t.
786 1632 813 1680 I
848 1650 896 1695 p.
926 1633 991 1680 15
1012 1648 1083 1694 sq.
1162 1630 1375 1680 Contuli.

336 1707 383 1754 3.
429 1706 762 1755 Vaticanus
802 1706 1121 1755 Palatinus
1162 1723 1241 1770 gr.
1284 1707 1387 1753 282
1432 1697 1615 1772 (ΞΡ)
1649 1720 1772 1752 saec.
1798 1703 1918 1751 XIV

220 1781 305 1829 fol.
340 1782 486 1829 200&
562 1781 689 1828 Vide
728 1783 764 1828 t.
789 1781 815 1827 I
852 1798 898 1843 p.
935 1782 1004 1829 20
1022 1796 1092 1842 sq.
1173 1778 1386 1828 Contuli.

334 1857 380 1902 4.
428 1855 768 1903 Marcianus
809 1855 1053 1917 append.
1086 1853 1198 1901 XCI
1224 1856 1254 1901 2
1296 1847 1391 1920 (=
1416 1846 1466 1920 Ι)
1514 1869 1636 1901 saec.
1670 1852 1789 1900 XIV
1826 1852 1911 1900 fol.

224 1931 343 1976 227.
420 1928 548 1978 Vide
587 1929 672 1977 t.1
702 1946 750 1992 p.
778 1931 964 1991 217sq.
1045 1927 1259 1976 Contuli.

335 2004 380 2051 5.
419 2003 760 2052 Marcianus
793 2020 869 2067 gr.
896 2005 1000 2050 437
1038 1996 1133 2069 (=
1157 1995 1232 2068 M)
1266 2000 1501 2049 saec.XV
1524 2001 1746 2049 f01.115.
1786 1999 1912 2046 Vide

218 2079 253 2125 t.
279 2077 306 2124 Ι
342 2095 390 2140 p.
418 2078 521 2125 213
537 2093 609 2139 sq.
680 2078 887 2140 Inspexi.
954 2075 1177 2125 Contulit
1214 2092 1378 2124 meum
1415 2077 1469 2123 in
1499 2091 1645 2124 usum
1676 2073 1909 2121 Krollius.

335 2154 379 2199 6.
419 2151 903 2200 Vindobonensis
942 2151 1085 2213 phil.
1119 2167 1197 2213 gr.
1230 2149 1395 2197 XCIII
1435 2142 1529 2216 (=
1554 2141 1625 2214 V)
1667 2162 1790 2195 saec.
1815 2145 1912 2193 ΧΠ

218 2225 303 2273 fol.
331 2227 452 2274 201.
513 2224 642 2273 Vide
673 2227 708 2273 t.
734 2226 758 2272 I
788 2242 835 2286 p.
864 2226 930 2272 35
947 2240 1017 2286 sq.
1075 2223 1287 2272 Contuli.

341 2354 382 2408 1)
421 2352 474 2394 In
507 2351 712 2395 editione
743 2350 1000 2394 Reiskiana
1039 2352 1110 2393 est
1149 2349 1297 2393 oratio
1336 2348 1575 2392 tricesima
1606 2346 1796 2401 quarta,
1828 2345 1911 2388 sed

219 2423 306 2467 ego
339 2424 443 2454 eam
474 2411 757 2466 optimorum
789 2409 1002 2454 codicum
1034 2409 1196 2452 ordine
1229 2421 1367 2464 quem
1398 2407 1448 2450 in
1480 2405 1646 2450 ceteris
1677 2404 1808 2448 tenui
1838 2417 1910 2447 re-

218 2468 331 2513 licto
362 2470 553 2526 propter
584 2469 869 2513 artissimum
898 2481 1051 2512 rerum
1082 2482 1252 2511 nexum
1291 2481 1395 2510 cum
1426 2465 1620 2520 reliquis
1661 2477 1782 2520 quae
1811 2477 1909 2506 mo-

220 2530 322 2571 tum
353 2528 697 2572 Antiochenum
738 2529 953 2585 spectant
985 2526 1358 2584 coniungendam
1390 2539 1491 2570 esse
1525 2523 1648 2567 duxi.

339 2589 382 2643 2)
414 2587 536 2630 Nam
567 2588 695 2644 prius
726 2589 913 2631 tantum
944 2585 1239 2642 imperatoris
1269 2585 1548 2641 rescriptum
1579 2582 1721 2635 novit,
1753 2582 1908 2638 poste-

218 2646 315 2689 rius
346 2660 439 2690 non
470 2647 584 2690 item
615 2648 675 2703 (p.
699 2651 799 2701 506,
824 2652 878 2689 14
891 2660 957 2701 sq.
992 2645 1047 2688 cf.
1081 2660 1126 2701 p.
1153 2648 1253 2698 438,
1272 2646 1412 2701 3sq.).
1475 2641 1727 2686 Sieversius
1758 2655 1802 2696 p.
1823 2643 1906 2706 1753

219 2706 313 2748 not.
340 2709 395 2748 26
429 2706 487 2748 de
509 2706 733 2761 temporis
764 2706 962 2749 termino
995 2703 1250 2760 posteriore
1283 2702 1519 2760 cogitavit.
1581 2701 1646 2744 At
1676 2698 1801 2756 quod
1830 2697 1907 2766 Li-

219 2764 409 2808 banium
443 2764 677 2808 dicentem
708 2764 824 2808 facit
856 2778 904 2807 se
936 2777 964 2808 a
994 2763 1104 2806 viris
1144 2763 1225 2818 qui
1257 2762 1349 2818 ipsi
1388 2762 1529 2804 duces
1566 2759 1743 2803 fuerint
1773 2756 1907 2799 aud1-

218 2823 339 2867 visse
376 2823 496 2866 nihil
526 2823 788 2866 timendum
820 2836 940 2877 esse,
979 2822 1030 2865 id
1068 2821 1117 2864 in
1148 2821 1299 2865 verbis
1329 2820 1527 2863 rhetoris
1570 2833 1615 2875 p.
1649 2821 1749 2870 500,
1770 2820 1823 2859 14
1837 2830 1903 2871 sq.

219 2896 310 2925 non
338 2882 472 2925 inest.
529 2882 597 2925 De
622 2882 884 2938 direptione
907 2883 1093 2925 tantum
1117 2880 1189 2924 vel
1211 2878 1528 2936 permittenda
1550 2877 1625 2921 vel
1647 2874 1905 2919 recusanda

218 2939 324 2983 illos
355 2940 496 2984 verba
526 2940 692 2985 fecisse
724 2941 851 2984 dicit.
