2060 3162
654 76 881 121 LIBANII
913 75 1135 120 ORATIO
1167 76 1273 120 XIX
1699 75 1805 129 401

237 215 323 267 34.
364 212 504 266 ’Ἰδοι
553 211 601 265 δ’
634 213 703 265 ἄν
749 233 829 275 τις
867 212 1143 280 κάκεῖθεν,
1191 212 1263 274 ὡς
1302 211 1404 264 οὐκ
1442 213 1575 264 ἄνευ
1622 213 1810 279 δαιμο-

127 305 248 365 νίας
293 297 363 369 ἦν
406 320 558 362 τινος
605 308 773 353 ταῦτα
819 300 1072 369 ἀνάγκης.
1150 299 1218 354 ὃν
1270 301 1374 370 γὰρ
1428 299 1520 353 καὶ
1575 301 1812 369 ἄκλητον

124 389 238 445 ἔδει
276 391 342 442 τὰ
379 397 605 442 τοιαῦτα
642 389 878 442 κωλύειν
915 388 1161 452 τοξόταις
1199 387 1446 442 ἐνταῦθα
1478 387 1812 457 ἐφεστηκότα

124 476 487 548 τρεφομένοις
534 475 673 546 ὑπὲρ
722 486 932 545 καιρῶν
979 477 1362 531 ἀπαιτούντων
1412 477 1561 546 βέλη,
1614 478 1813 531 καλού-

127 587 291 637 μενος
323 563 484 629 οὗτος
514 568 736 634 μυρίαις
767 575 980 635 φωναῖς
1012 568 1273 634 ματαίους
1305 565 1482 635 λέγων
1508 567 1813 636 προφάσεις
1861 586 1880 619 5

124 655 381 724 ἐκάθητο.
459 654 543 708 35.
598 657 775 708 καίτοι
821 653 912 708 καὶ
962 656 1197 724 μηδενὸς
1245 660 1547 718 καλοῦντος
1597 656 1816 717 εἰκότως

126 743 198 797 ἂν
236 745 326 797 καὶ
366 743 603 806 ἀναστὰς
652 745 657 810 Ι
706 745 798 797 καὶ
838 745 1062 814 δραμὼν
1102 742 1187 797 ὅδ’
1214 741 1467 813 ἔμπειρος
1507 745 1586 797 ὣν
1622 762 1718 796 πο-
1757 757 1903 800 R641

128 833 297 902 λέμου
333 833 421 886 καὶ
460 831 613 886 τᾶλλ’
643 833 709 886 οὐ
749 834 912 895 κακὸς
942 831 1031 885 καὶ
1065 833 1240 901 εἰδώς,
1280 833 1353 895 ὡς
1385 829 1516 886 οὐδὲ
1546 834 1646 901 τὴν
1678 835 1811 896 ὄψιν

129 923 183 976 οἱ
220 924 602 991 θορυβοῦντες
641 926 857 975 οἴσουσι
895 930 1007 974 τῶν
1044 921 1235 989 τόξων,
1280 919 1343 974 ἐν
1378 921 1480 988 μὲν
1516 929 1633 984 τοῖς
1671 921 1809 990 ὑπὲρ

129 1011 286 1079 ὑμῶν
318 1010 420 1063 οὐκ
453 1010 701 1078 ἐκινεῖτο,
741 1009 857 1063 ἀλλ’
889 1006 959 1078 ἦν
998 1010 1232 1078 εὐλαβὴς
1263 1010 1354 1063 καὶ
1387 1013 1627 1078 ἔμελλεν,
1668 1011 1816 1081 οἰκία
1841 1033 1884 1066 10

129 1097 193 1153 δὲ
233 1099 456 1168 ἐβοήθει
495 1099 798 1168 προθύμως
845 1097 936 1151 καὶ
981 1099 1193 1166 πολλὴν
1233 1097 1589 1167 ἐλπιζομένην
1639 1101 1820 1167 φλόγα

131 1189 236 1241 δύο
278 1187 495 1255 βέλεσιν
534 1186 596 1241 ἐν
634 1189 946 1254 προοιμίοις
984 1189 1227 1254 ἔσβεσεν,
1275 1185 1399 1240 ὥστ’
1432 1187 1603 1241 αὐτὸν
1645 1187 1817 1240 αὑτοῦ

130 1285 460 1347 κατηγορεῖν
515 1276 616 1330 οὐκ
663 1274 752 1329 ἐπὶ
799 1285 910 1329 τῶν
958 1275 1302 1346 σεμνοτέρων
1347 1277 1548 1329 ταύτὸν
1594 1294 1820 1344 πεποιη-

131 1368 305 1428 κότος.
383 1365 467 1417 36.
509 1365 537 1419 ὁ
579 1365 640 1418 δὲ
671 1366 854 1435 ἄρχων
891 1374 1004 1418 τῶν
1034 1364 1220 1418 ἐθνῶν
1252 1365 1325 1427 ὡς
1363 1367 1566 1434 ἤκουσε
1596 1364 1820 1429 τοξότας

133 1456 367 1522 ἥκοντας
414 1453 501 1506 ἐπὶ
547 1455 677 1517 τοὺς
715 1455 775 1506 τὸ
814 1461 926 1523 πῦρ
965 1454 1371 1523 προσάγοντας,
1417 1451 1516 1522 ἧκέ
1559 1473 1617 1507 τε
1656 1454 1818 1516 αὐτὸς
1843 1476 1885 1510 15

132 1542 226 1596 καὶ
272 1544 336 1596 τὰ
384 1542 489 1595 ἀπὸ
536 1551 647 1595 τῶν
693 1544 872 1611 λόχων
919 1543 1197 1611 εἰσήνεγκε
1247 1543 1418 1610 δῆλον
1470 1543 1646 1614 τούτῳ
1700 1561 1820 1596 ποι-

134 1634 283 1701 ήσας,
323 1632 395 1694 ὡς
433 1632 565 1700 μετὰ
603 1639 697 1700 τῆς
737 1631 903 1699 αὐτῆς
943 1632 1124 1701 χειρὸς
1164 1631 1329 1693 αὐτὸς
1367 1630 1435 1684 ἂν
1466 1626 1537 1699 ἦν
1573 1631 1677 1684 κάν
1707 1640 1822 1694 τοῖς

133 1719 436 1788 προτέροις.
511 1722 642 1782 τοὺς
679 1720 780 1788 μὲν
819 1716 922 1773 οὗν
960 1717 1193 1791 κάοντας
1231 1719 1516 1790 παρέδωκε
1554 1728 1628 1793 τῷ
1671 1721 1822 1774 δικα-

258 1885 311 1923 14
345 1879 502 1923 Celsus
536 1880 591 1923 cf.
626 1896 669 1936 p.
697 1884 796 1934 409,
818 1885 885 1923 17.
950 1879 1127 1924 Sievers
1160 1896 1204 1936 p.
1232 1885 1333 1935 263,
1354 1885 1393 1923 7.

258 2018 279 2056 1
330 2013 512 2058 ἐκεῖθεν
553 2014 662 2058 Bad
850 2018 875 2056 3
921 2013 1111 2070 τοξότην
1159 2016 1206 2057 et
1253 2018 1280 2056 4
1326 2011 1611 2070 τρεφόμενον
1651 2014 1761 2058 Bad

137 2071 329 2124 τοξότας
361 2075 407 2116 et
436 2072 750 2129 τρεφομένους
780 2072 882 2116 Mor
931 2073 936 2131 Ι
988 2073 1320 2117 ἐπιστατοῦντα
1358 2074 1400 2117 Τ
1542 2079 1567 2116 ὃ
1599 2071 1825 2129 ματαίους

138 2133 184 2176 Ρ
213 2132 294 2175 sed
327 2146 411 2175 ουσ
442 2131 489 2175 in
522 2145 596 2174 ras
682 2129 882 2187 ματαίας
904 2133 1293 2178 JPaBadUMor
1445 2137 1467 2175 7
1502 2130 1561 2176 ἂν
1593 2132 1767 2176 inserui
1799 2146 1823 2175 e

149 2192 191 2234 V
217 2193 405 2235 auctore
436 2191 504 2235 Re
581 2206 656 2234 om
687 2191 857 2247 reliqui
887 2191 996 2235 libri
1028 2192 1119 2236 edd
1168 2194 1175 2249 Ι
1226 2190 1249 2236 ὃ
1276 2188 1322 2236 δ’
1342 2192 1435 2236 AP
1463 2191 1544 2235 sed
1576 2192 1625 2234 in
1657 2192 1744 2235 hoc
1775 2191 1824 2234 in

139 2291 214 2338 ὅδ’
242 2308 344 2338 0011
358 2294 428 2337 ωε
490 2294 514 2338 ὁ
540 2291 585 2338 δ’
614 2294 763 2338 Tedd
885 2299 910 2339 8
941 2289 1069 2338 τᾶλλ’
1092 2295 1172 2340 CA
1233 2294 1372 2339 uma
1397 2294 1490 2339 edd
1611 2299 1666 2338 ιο
1694 2267 1824 2351 &mv

140 2353 250 2397 Bad
339 2353 469 2409 ἡμῶν
495 2354 567 2398 VI
572 2354 615 2398 U
640 2353 748 2398 Flor
779 2353 881 2397 Mor
1063 2358 1116 2398 11
1149 2354 1234 2411 τὴν
1265 2353 1417 2410 φλόγα
1448 2354 1636 2399 PaBad
1665 2353 1768 2398 Mor

142 2416 195 2454 12
229 2412 334 2456 δυσὶ
368 2413 516 2457 VBad
538 2412 640 2457 Mor
667 2414 672 2468 Ι
701 2411 813 2456 ὥστε
838 2413 948 2457 Bad
975 2413 980 2471 Ι
1009 2414 1152 2457 αὑτοῦ
1186 2428 1242 2457 ex
1273 2414 1418 2457 αὐτοῦ
1451 2427 1553 2456 corr
1576 2413 1622 2456 P
1679 2413 1825 2456 αὐτοῦ

140 2471 243 2515 Mor
424 2476 476 2514 13
518 2469 690 2516 ταυτόν
721 2488 766 2515 τι
799 2473 841 2515 V
926 2471 1071 2515 ταύτὰ
1102 2473 1212 2517 Bad
1243 2472 1346 2517 Mor
1526 2475 1582 2514 14
1625 2469 1670 2517 δ’
1698 2472 1767 2516 Re

143 2534 198 2573 15
229 2528 612 2604 προσαγαγόντας
645 2531 689 2575 V
803 2535 856 2574 16
889 2529 1034 2588 λόχων
1067 2531 1185 2587 (Par.
1213 2535 1345 2588 3014)
1377 2531 1479 2574 Mor
1538 2529 1686 2586 λόγων
1716 2530 1827 2574 libri

140 2589 248 2632 Flor
280 2588 367 2631 Sav
410 2591 415 2645 Ι
458 2587 690 2645 εἰσήνεγκε
714 2591 788 2634 Ρα
819 2590 901 2634 sed
932 2606 1041 2646 νεγκ
1072 2590 1122 2633 in
1151 2603 1228 2634 ras
1260 2590 1329 2634 m²
1390 2588 1653 2646 εἰσήνεγκεν
1676 2591 1770 2634 ΑΡ

140 2646 353 2704 εἰσήγαγε
388 2648 494 2691 Bad
526 2649 573 2690 eb
602 2665 656 2704 γρ
631 2647 783 2702 ρΜοτ
821 2649 827 2706 Ι
868 2656 1003 2693 τοῦτο
1034 2650 1250 2694 IPaBad
1291 2652 1296 2706 Ι
1338 2649 1484 2707 τούτῳ
1516 2648 1715 2704 ποιήσας
1745 2649 1824 2714 ὡς]

174 2708 362 2761 „forsan
392 2706 538 2765 τούτῳ
583 2705 671 2762 (vel
700 2708 851 2764 τοῦτο)
892 2704 1017 2759 οἶοςι
1057 2708 1190 2752 Boiss
1372 2712 1424 2751 17
1469 2705 1566 2763 μετ’
1595 2709 1738 2763 αὐτῆς
1768 2707 1826 2751 ἂν

139 2772 223 2822 τῆς
253 2766 407 2839 χειρὸς
438 2766 547 2808 Bad
574 2766 580 2820 1
608 2764 632 2808 ὁ
665 2765 804 2816 αὐτὸς
836 2767 945 2811 Βαά
975 2767 1078 2811 Mor
1136 2769 1241 2823 post
1276 2766 1415 2816 αὐτὸς
1444 2779 1519 2809 ras
1550 2771 1664 2810 1-2
1696 2767 1777 2810 litt
1799 2768 1835 2810 I

206 2827 259 2867 18
292 2822 512 2874 καίοντας
548 2825 589 2867 Τ
666 2823 868 2875 κάοντας
897 2826 932 2868 I
935 2826 1081 2870 UBM
1113 2826 1215 2870 Mor
1290 2825 1523 2876 ἅπτοντας
1552 2827 1663 2871 Bad
1694 2827 1742 2870 et
1773 2843 1826 2882 γρ

143 2881 245 2926 Mor
273 2885 278 2939 Ι
307 2880 606 2939 δικαστηρίωι
638 2884 823 2933 δεικνὺς
853 2885 926 2928 Ρα
958 2885 1040 2928 sed.
1072 2902 1127 2928 ωι
1159 2885 1345 2934 δεικνὺς
1375 2884 1469 2927 add
1492 2884 1562 2927 111²

235 2964 433 2997 anffms
458 2964 516 2997 ed.
539 2964 661 2997 Foer
670 2968 779 2997 ster.
814 2966 864 2998 ΙΙ.
1524 2963 1579 3001 26
