2060 3162
250 99 354 152 178
777 97 1007 142 LIBANII
1038 96 1260 142 ORATIO
1291 77 1398 143 XVI

246 254 347 302 μεν
388 235 486 287 τὸν
533 233 836 287 ἐλαύνοντα
889 233 1124 300 δαίμονα
1168 234 1235 286 τὰ
1283 233 1529 304 ἡμέτερα.
1606 234 1814 300 οὔκουν
1867 230 1930 288 εὗ

247 322 558 393 φερομένην
598 320 942 391 ἐμβαλοῦμεν
992 323 1071 384 εἰς
1108 324 1279 376 κακόν
1318 342 1370 375 τι
1415 323 1516 391 τὴν
1561 324 1740 391 πόλιν,
1792 323 1930 377 ἀλλὰ

248 410 537 479 σειομένην
578 412 861 479 στήσομεν.
938 410 1023 462 46.
1080 412 1236 479 σταίη
1284 409 1330 464 δ’
1372 412 1457 480 ἄν,
1507 408 1547 464 ὦ
1596 405 1795 481 ἄνδρες
1831 430 1931 465 πο·-

247 504 414 568 λῖται,
453 501 711 568 βεβαίως,
752 500 823 567 εἰ,
871 498 900 552 ὃ
939 508 1049 552 τῶν
1087 495 1189 568 μὲν
1227 499 1530 570 εἰρημένων
1569 497 1683 553 ἐστὶ
1729 503 1931 568 μεῖζον,

202 611 221 642 5
248 587 415 650 ἐνίοις
454 588 515 641 δὲ
553 590 869 656 πρόσαντες,
905 596 1021 650 τοῖς
1057 589 1271 641 πλείοσι
1311 585 1372 641 δὲ
1410 589 1545 641 κατὰ
1582 597 1737 657 νοῦν,
1778 591 1930 656 νική-

157 691 305 734 R502
348 675 463 729 σειέ
523 675 529 747 Ι
593 695 650 728 τε
703 676 794 728 καὶ
847 678 1217 745 θαυμασθείη.
1293 672 1355 729 εὖ
1409 678 1512 746 γὰρ
1569 676 1772 730 εἰδέναι
1826 678 1931 747 χρὴ

247 764 432 833 τοῦθ’,
479 765 551 827 ὡς
590 765 715 818 οὔτε
754 773 981 834 πρηνεῖς
1019 763 1107 817 ε’πὶ
1145 772 1246 833 γῆς
1284 763 1599 835 ἐρριμμένοι
1639 766 1764 818 οὔτε
1802 769 1930 818 κλα-

247 855 388 916 δίοις
426 852 626 907 ἐλαιῶν
664 855 959 921 αἰτοῦντες,
1001 853 1067 906 οὐ
1107 860 1524 922 στεφανοῦντες,
1564 854 1629 906 οὐ
1669 856 1928 923 βοῶντες,

247 943 313 996 οὐ
374 943 795 1013 πρεσβεύοντες,
859 942 924 994 οὐ
988 942 1191 1012 ῥήτορα
1253 942 1569 995 δεινότατον
1629 942 1933 1011 πέμποντες

181 1053 223 1085 10
248 1030 466 1099 σβέσετε
497 1032 598 1100 τὴν
630 1031 817 1100 ὀργήν,
855 1029 926 1099 ’ἢν
958 1031 1028 1099 μὴ
1061 1030 1404 1100 παυσάμενοι
1436 1041 1548 1084 τῶν
1578 1030 1772 1085 ὕθλων
1803 1033 1927 1084 τού-

245 1140 356 1174 των
410 1121 547 1192 δῷτε
599 1126 673 1192 τῷ
705 1117 805 1172 Διὶ
854 1117 946 1172 καὶ
995 1127 1109 1182 τοῖς
1159 1120 1345 1182 ἄλλοις
1395 1125 1550 1182 θεοῖς
1599 1120 1699 1188 τὴν
1747 1122 1931 1185 πόλιν,

246 1209 369 1278 περὶ
419 1204 497 1261 ὧν
535 1208 675 1274 ὑμᾶς
713 1209 854 1260 πολὺ
894 1208 999 1277 πρὸ
1038 1215 1137 1260 τοῦ
1176 1206 1442 1274 βασιλέως
1475 1205 1732 1270 *Ἡσίοδος
1778 1208 1930 1261 διδά-

248 1311 365 1349 σκει
402 1295 492 1349 καὶ
519 1294 752 1366 Ὅμηρος
799 1295 972 1358 εὐθὺς
1018 1294 1077 1348 ἐκ
1123 1297 1351 1349 παίδων.
1426 1296 1512 1348 47.
1567 1296 1721 1364 ὑμεῖς
1761 1293 1822 1348 δὲ
1860 1302 1937 1368 τῷ

246 1386 653 1438 πεπαιδεῦσθαι
690 1384 792 1451 μὲν
831 1382 1044 1447 ἀξιοῦτε
1082 1389 1346 1453 τιμᾶσθαι
1384 1385 1474 1437 καὶ
1509 1385 1803 1437 παίδευσιν
1834 1404 1927 1436 κα-

184 1495 224 1527 15
250 1477 391 1526 λεῖτε
436 1474 502 1526 τὰ
550 1475 674 1541 ἔπη,
728 1471 852 1542 περὶ
895 1469 954 1524 δὲ
992 1482 1103 1526 τῶν
1148 1474 1422 1541 μεγίστων
1470 1471 1674 1543 ἑτέροις
1720 1478 1930 1542 χρῆσθε

249 1561 600 1623 διδασκάλοις
636 1561 726 1613 καὶ
767 1557 845 1614 ὧν
882 1560 1245 1630 κεκλειμένων
1290 1558 1403 1614 ἔδει
1449 1560 1678 1629 στένειν,
1726 1561 1929 1632 ἀνεῳγ-

247 1648 384 1719 μένα
438 1650 681 1718 φεύγετε.
759 1643 866 1702 εἷθ’
909 1649 1041 1702 ὅταν
1089 1650 1390 1712 Πλάτωνος
1443 1648 1534 1702 καὶ
1580 1652 1933 1719 Πυθαγόρου

248 1744 470 1809 μνησθῇ
509 1758 608 1806 τις,
637 1739 747 1806 ’τὴν
783 1737 988 1808 μητέρα
1024 1739 1115 1791 καὶ
1153 1739 1252 1807 τὴν
1291 1747 1526 1806 γυναῖκα
1571 1737 1663 1791 καὶ
1701 1739 1801 1806 τὴν
1839 1759 1931 1791 τα-

248 1829 380 1895 μίαν
417 1825 507 1879 καὶ
547 1827 646 1879 τὸν
684 1826 948 1897 μάγειρον
993 1827 1084 1879 καὶ
1121 1828 1182 1879 τὸ
1221 1827 1387 1880 πάλαι
1426 1835 1596 1880 ταῦτα
1633 1832 1930 1879 πεπεῖσθαι

183 1937 226 1968 20
248 1916 606 1984 προτείνεσθε
643 1915 733 1967 καὶ
786 1916 886 1967 οὐκ
934 1916 1265 1984 αἰσχύνεσθε
1310 1923 1480 1968 ταῦτα
1526 1917 1931 1984 αἰσχυνόμενοι,

250 2002 366 2055 ἀλλ’
405 1996 487 2065 οἷς
545 2003 655 2055 ἔδει
708 2009 1052 2072 νομοθετεῖν,
1113 2004 1324 2056 τούτων
1378 2002 1605 2071 ἐφόλκια
1665 2004 1930 2070 γίγνεσθε

369 2225 394 2264 8
442 2221 643 2265 ἐλαιῶν
676 2220 752 2264 ἐπὶ
782 2227 872 2263 τῶν
904 2218 1124 2275 δένδρων,
1165 2221 1338 2265 ἐλαῶν
1379 2220 1429 2265 δὲ
1463 2220 1538 2265 ἐπὶ
1568 2227 1659 2264 τῶν
1693 2220 1739 2272 ἐξ
1772 2221 1923 2264 αὐτῶν

251 2287 441 2335 καρπῶν
468 2281 511 2323 V
537 2278 591 2323 of.
619 2278 776 2322 Thom.
803 2279 863 2321 M.
896 2294 939 2334 p.
961 2283 1058 2333 120,
1080 2284 1131 2322 11

371 2490 393 2527 1
428 2486 535 2528 ante
568 2481 618 2529 εὖ
649 2498 724 2528 ras
756 2490 780 2527 2
814 2483 893 2527 litt
916 2486 950 2527 Ι
1092 2488 1117 2527 5
1151 2483 1201 2528 δὲ
1234 2484 1415 2542 (prius)]
1448 2501 1494 2529 τε
1528 2485 1612 2529 Mo
1757 2489 1780 2526 7
1813 2482 1925 2527 ὥστ’

254 2545 337 2587 Mo
470 2548 492 2585 7
527 2543 631 2587 οὔτε
663 2570 717 2575 -
751 2547 776 2586 8
810 2543 1044 2591 αἰτοῦντες
1076 2543 1238 2586 citavit
1269 2543 1383 2587 Plan
1416 2543 1494 2586 fol.
1523 2548 1631 2587 104V
1760 2547 1783 2585 7
1818 2542 1925 2586 κλα-

257 2604 357 2651 δοις
380 2602 471 2645 Bec
592 2607 617 2645 8
650 2601 814 2646 ἐλαιῶν
846 2615 900 2645 ex
933 2602 1057 2646 ἔλεον
1090 2615 1191 2645 corr
1214 2602 1270 2645 Ι2
1392 2607 1446 2645 10
1478 2603 1519 2646 εἰ
1543 2605 1628 2647 Mo
1690 2606 1742 2644 12
1776 2601 1865 2655 πρὸ

252 2667 333 2703 τοῦ
366 2659 583 2717 βασιλέως
613 2661 729 2704 πολὺ
755 2661 839 2704 Mo
889 2661 894 2717 Ι
944 2658 1161 2710 (Ησίοδος
1198 2662 1277 2704 καὶ
1298 2659 1496 2717 Ὅμηρος
1534 2660 1745 2704 διδάσκει
1774 2660 1867 2703 Bet:

256 2723 309 2762 13
340 2719 391 2762 τὸ
419 2721 502 2763 Mo
624 2724 677 2762 15
709 2722 911 2777 χρῆσθαι
942 2720 988 2763 Β
1019 2722 1067 2762 et
1097 2720 1145 2761 in
1176 2723 1350 2776 χρῆσθε
1383 2734 1482 2763 corr
1515 2719 1645 2764 MP⁸
1765 2723 1818 2761 16
1851 2734 1924 2762 κε-

253 2776 527 2832 κλεισμένων
555 2779 592 2822 G
619 2778 699 2821 sed
731 2793 756 2821 σ
787 2779 911 2821 inser
935 2792 983 2833 p,
1020 2780 1063 2821 A
1096 2778 1176 2821 sed
1202 2792 1226 2820 6
1250 2779 1373 2822 inser
1395 2778 1478 2831 m2,
1509 2780 1555 2822 P
1576 2778 1658 2821 ned
1680 2791 1705 2820 σ
1729 2790 1929 2831 erasum,

265 2837 383 2881 UVI
407 2836 496 2890 sed>
519 2836 567 2878 in
592 2836 679 2879 hoc
711 2851 736 2880 σ
766 2850 961 2888 erasum,
987 2838 1097 2880 ΒΜ
1123 2837 1214 2880 Bec
1337 2841 1389 2880 18
1422 2837 1502 2881 τὸν
1525 2834 1696 2893 ταμίαν
1722 2835 1825 2879 coni
1842 2836 1927 2890 Re,

252 2895 449 2938 fortasse
478 2897 603 2938 recte
724 2900 776 2938 21
810 2893 994 2952 γίνεσθε
1027 2895 1152 2939 UMo
