2072 3162
184 767 416 830 ΠΡΟΣ
439 766 803 830 IOTAIAN
807 766 923 830 ΟΝ
946 767 1177 828 TIIEP
1193 764 1873 829 ΑΡΙΣΤΟΦΑΝΟΤΣ.

300 916 345 968 1.
385 916 568 978 Εἰδώς
599 929 659 968 σε
690 916 918 984 πολλήν,
954 911 995 968 ὦ
1028 917 1275 983 βασιλεῦ,
1313 923 1425 968 τῶν
1454 923 1569 977 τοῖς
1600 916 1786 983 φίλοις
1814 925 1964 968 R424

184 1005 252 1059 οὐ
316 1004 841 1073 συναγωνιζομένων
899 1006 1279 1072 κατεγνωκότα
1330 1007 1528 1057 κακίαν
1581 1005 1743 1072 φίλος
1797 1003 1876 1055 ὢν

184 1094 349 1157 αὐτὸς
390 1092 771 1164 Ἀριστοφάνει
821 1100 895 1166 τῷ
940 1095 1231 1166 Κορινθίῳ
1282 1092 1373 1146 καὶ
1422 1093 1519 1145 τὸν
1570 1094 1874 1163 ἄνθρωπον

185 1183 334 1254 ὁρῶν
373 1182 432 1236 ἐν
470 1190 534 1253 τῇ
574 1183 722 1253 παρὰ
761 1191 863 1236 σοῦ
901 1185 1140 1255 προνοίᾳ
1178 1183 1272 1245 τὰς
1310 1182 1649 1244 ὑπολοίπους
1687 1201 1875 1249 κεκτη-
1921 1201 1940 1233 5

182 1271 352 1341 μένον
391 1271 613 1334 ἐλπίδας
645 1270 828 1340 λέγειν
860 1272 980 1324 δεῖν
1018 1269 1214 1342 ᾠήθην
1251 1270 1376 1340 περὶ
1410 1270 1579 1322 αὐτοῦ
1619 1268 1710 1322 καὶ
1743 1272 1874 1338 βοη-

180 1366 312 1414 θεῖν
359 1361 425 1414 ὃν
472 1360 711 1427 δύναμαι
763 1362 983 1430 τρόπον.
1061 1359 1109 1412 2.
1166 1365 1297 1422 ἴσως
1350 1356 1451 1426 μὲν
1501 1359 1604 1429 γάρ
1651 1378 1733 1420 τις
1783 1358 1872 1410 καὶ

182 1451 466 1518 γενήσεται
519 1447 713 1519 πρᾶξις
775 1448 879 1502 ἀπὸ
935 1458 1046 1502 τῶν
1100 1450 1284 1517 λόγων
1339 1447 1721 1518 συμφέρουσα,
1782 1445 1874 1499 καὶ

307 1610 345 1655 C
380 1632 435 1637 -
469 1609 716 1654 chisianus

303 1669 350 1713 A
382 1699 435 1706 —
470 1668 626 1712 Codex
655 1668 947 1712 Monacensis
979 1683 1046 1725 gr.
1073 1672 1159 1712 483
1193 1668 1322 1725 (olim
1353 1667 1675 1725 Augustanus)

306 1728 352 1771 P
381 1750 436 1755 -
468 1727 725 1771 Vaticanus
757 1727 1000 1771 Palatinus
1033 1743 1100 1785 gr.
1128 1732 1213 1771 282

315 1788 434 1832 U=
467 1786 668 1830 Urbinas
700 1801 766 1844 gr.
795 1791 878 1830 126

308 1846 431 1890 V—
377 1868 431 1882 =
465 1845 839 1890 Vindobonensis
871 1845 1246 1904 phil.gr.XCII1

301 1905 338 1948 Ι
380 1927 435 1942 =
468 1904 733 1948 Marcianus
766 1905 965 1962 append
998 1861 1098 1949 XCI
1130 1910 1155 1948 2

303 1966 349 2008 Β
379 1986 431 2000 =
466 1963 746 2008 Barberinus
776 1964 819 2007 II
849 1970 903 2007 41

303 2023 434 2066 M=
465 2023 730 2067 Marcianus
762 2039 829 2081 gr
856 2028 941 2068 437

307 2084 428 2127 T—
373 2105 428 2119 =
462 2081 860 2139 Cantabrigiensis
893 2082 1065 2139 Colleg.
1092 2083 1256 2127 Trinit.

306 2235 328 2273 1
363 2231 492 2286 Πρὸς
516 2257 570 2263 -
592 2227 993 2306 Ἀριστοφάνους]
1003 2231 1171 2276 (18811111,
1200 2232 1254 2274 ub
1277 2230 1418 2275 verba
1450 2229 1694 2287 sequentia,
1723 2243 1872 2285 usque

185 2290 247 2333 ad
280 2290 466 2346 εἰσῆλθε
496 2305 540 2346 p.
567 2294 638 2345 89,
664 2295 691 2334 4
722 2290 771 2333 in
795 2292 840 2335 A
912 2289 1029 2346 ὑπὲρ
1062 2289 1407 2347 ἀριστοφάνους
1440 2291 1478 2335 C
1505 2289 1596 2334 edd
1687 2289 1752 2339 εἰς
1789 2288 1871 2332 τὸν

181 2349 326 2394 αὐτὸν
356 2348 471 2404 ὑπὲρ
497 2348 842 2406 ἀριστοφάνους
865 2351 911 2394 Ρ
975 2350 1092 2406 πρὸς
1115 2350 1195 2394 τὸν
1221 2349 1365 2394 αυτὸν
1395 2348 1722 2407 πρεσβευτικὸς
1753 2346 1870 2403 ὑπερ

181 2407 527 2464 ἀριστοφάνους
565 2409 609 2453 U
697 2409 1022 2466 πρεσβευτικὸς
1059 2409 1176 2463 πρὸς
1204 2409 1288 2453 τὸν
1327 2410 1419 2466 <om
1454 2409 1536 2465 Vn)
1577 2407 1721 2452 αὐτὸν
1754 2405 1870 2461 ὑπὲρ

179 2466 528 2543 ἀριστοφάνους
560 2468 626 2512 Vn
633 2468 670 2510 I
751 2466 867 2523 ὑπὲρ
900 2467 1246 2523 ἀριστοφάνους
1274 2467 1393 2523 πρὸς
1417 2467 1656 2512 ἰουλιανὸν
1681 2468 1726 2511 Β
1787 2467 1868 2509 καὶ

182 2542 318 2578 ουτος
360 2542 478 2582 προς
509 2526 748 2571 ἰουλιανὸν
791 2527 906 2582 ὑπὲρ
947 2526 1294 2582 ἀριστοφάνους
1325 2527 1387 2570 Μ
1555 2531 1580 2569 2
1629 2526 1870 2575 Εἰδὼς-

182 2589 206 2628 7
249 2582 425 2640 τρόπον
472 2585 589 2629 citat
630 2586 825 2629 Ioannes
869 2585 1090 2630 Siceliota
1121 2586 1297 2642 Doxap.
1345 2586 1394 2629 in
1437 2584 1769 2630 commentario
1809 2583 1869 2627 ad

179 2643 396 2701 Hermog.
431 2644 488 2687 de
519 2644 690 2688 invent.
726 2645 825 2688 cod.
857 2645 1044 2689 Barocc
1073 2650 1157 2689 175
1189 2644 1350 2689 f01.29
1394 2645 1442 2701 ἐγ
1446 2645 1480 2688 ὼ
1521 2644 1571 2690 δὲ
1611 2640 1749 2700 εὗρον
1787 2642 1869 2686 τὸν

179 2702 409 2777 Λιβάνιον
442 2703 491 2748 ἐν
522 2710 575 2761 τῇ
602 2703 717 2759 ὑπὲρ
734 2701 1090 2760 Ἀριστοφάνους
1115 2704 1234 2759 πρὸς
1256 2703 1337 2748 τὸν
1356 2702 1614 2748 Ἰουλιανὸν
1640 2698 1869 2762 ἀπολογιᾳ

181 2761 298 2817 ὑπὲρ
333 2760 471 2818 φίλου
502 2760 693 2819 λέγοντα
724 2763 804 2806 καὶ
837 2761 1150 2839 ὁμολογοῦντα
1190 2764 1240 2808 ἐν
1272 2761 1533 2838 προοιμίοις
1562 2762 1647 2818 τὴν
1679 2747 1868 2806 εὔνοιαν

181 2819 344 2870 ουτως·
394 2821 557 2873 εἰδώς
595 2835 651 2866 σε
682 2823 772 2865 κτλ.
824 2823 829 2878 Ι
878 2821 1066 2877 πολλήν,
1106 2818 1140 2866 ὦ
1174 2823 1379 2880 βασιλεῦ]
1412 2818 1446 2866 ὦ
1480 2823 1665 2879 βασιλεῦ
1695 2819 1868 2875 πολλὴν

183 2877 346 2935 Doxap
494 2885 519 2923 3
561 2878 625 2923 ὢν
658 2880 815 2938 αὐτὸς]
848 2881 988 2931 αὐτὸς
1019 2879 1082 2924 ὢν
1113 2881 1149 2924 Ι
1174 2882 1255 2925 sed
1287 2881 1341 2924 ὐτ
1371 2881 1421 2924 111
1443 2893 1520 2924 ras
1543 2879 1613 2923 m²
1644 2881 1691 2923 eb
1723 2877 1786 2923 ὢν
1817 2878 1867 2920 111

181 2949 257 2980 ras
280 2938 350 2980 m⁸
472 2943 494 2981 7
529 2937 776 2994 δυνάμεθα
808 2938 972 2996 Doxap
