<?xml version="1.0" encoding="UTF-8"?>
<!DOCTYPE html PUBLIC "-//W3C//DTD XHTML 1.0 Transitional//EN"
    "http://www.w3.org/TR/xhtml1/DTD/xhtml1-transitional.dtd">
<html xmlns="http://www.w3.org/1999/xhtml" xml:lang="en" lang="en">
 <head>
  <title>
</title>
<meta http-equiv="Content-Type" content="text/html;charset=utf-8" />
  <meta name='ocr-system' content='tesseract 3.04.00' />
  <meta name='ocr-capabilities' content='ocr_page ocr_carea ocr_par ocr_line ocrx_word'/>
</head>
<body>
  <div class='ocr_page' id='page_1' title='image "./operarecensuitri02libauoft_0352.png"; bbox 0 0 2060 3162; ppageno 0'>
   <div class='ocr_carea' id='block_1_1' title="bbox 171 629 189 661">
    <p class='ocr_par' dir='ltr' id='par_1_1' title="bbox 171 629 189 661">
     <span class='ocr_line' id='line_1_1' title="bbox 171 629 189 661; baseline 0 0"><span class='ocrx_word' id='word_1_1' title='bbox 171 629 189 661; x_wconf 86' lang='lat'><strong>5</strong></span> 
     </span>
    </p>
   </div>
   <div class='ocr_carea' id='block_1_2' title="bbox 214 116 1394 170">
    <p class='ocr_par' dir='ltr' id='par_1_2' title="bbox 214 116 1394 170">
     <span class='ocr_line' id='line_1_2' title="bbox 214 116 1394 170; baseline -0.008 0"><span class='ocrx_word' id='word_1_2' title='bbox 214 117 322 170; x_wconf 80' lang='lat'><em>342</em></span> <span class='ocrx_word' id='word_1_3' title='bbox 732 118 959 162; x_wconf 87' lang='lat' dir='ltr'>LIBANH</span> <span class='ocrx_word' id='word_1_4' title='bbox 991 116 1214 167; x_wconf 84' lang='lat' dir='ltr'><strong>ORATIO</strong></span> <span class='ocrx_word' id='word_1_5' title='bbox 1246 116 1394 161; x_wconf 87' lang='lat' dir='ltr'><strong>XVIII</strong></span> 
     </span>
    </p>
   </div>
   <div class='ocr_carea' id='block_1_3' title="bbox 213 251 1967 856">
    <p class='ocr_par' dir='ltr' id='par_1_3' title="bbox 213 251 1967 856">
     <span class='ocr_line' id='line_1_3' title="bbox 214 251 1894 326; baseline 0.001 -19"><span class='ocrx_word' id='word_1_6' title='bbox 214 255 389 308; x_wconf 88' lang='grc' dir='ltr'><em>σίλεια</em></span> <span class='ocrx_word' id='word_1_7' title='bbox 419 261 517 307; x_wconf 88' lang='grc' dir='ltr'><em>τοῦ</em></span> <span class='ocrx_word' id='word_1_8' title='bbox 553 252 775 322; x_wconf 88' lang='grc' dir='ltr'><em>Πέρσου</em></span> <span class='ocrx_word' id='word_1_9' title='bbox 815 255 1036 320; x_wconf 87' lang='grc' dir='ltr'><em>κείμενα</em></span> <span class='ocrx_word' id='word_1_10' title='bbox 1066 253 1167 322; x_wconf 85' lang='grc' dir='ltr'><em>μὲν</em></span> <span class='ocrx_word' id='word_1_11' title='bbox 1199 251 1287 306; x_wconf 83' lang='grc' dir='ltr'><em>ε’πὶ</em></span> <span class='ocrx_word' id='word_1_12' title='bbox 1317 259 1392 326; x_wconf 82' lang='grc' dir='ltr'><em>τῷ</em></span> <span class='ocrx_word' id='word_1_13' title='bbox 1415 261 1658 326; x_wconf 78' lang='grc' dir='ltr'><em>ποταμῷ,</em></span> <span class='ocrx_word' id='word_1_14' title='bbox 1697 255 1894 318; x_wconf 81' lang='grc' dir='ltr'><em>κάλλος</em></span> 
     </span>
     <span class='ocr_line' id='line_1_4' title="bbox 214 340 1894 411; baseline 0.001 -16"><span class='ocrx_word' id='word_1_15' title='bbox 214 343 275 395; x_wconf 79' lang='grc' dir='ltr'><em>δὲ</em></span> <span class='ocrx_word' id='word_1_16' title='bbox 307 343 450 395; x_wconf 81' lang='grc' dir='ltr'><em>ἅπαν</em></span> <span class='ocrx_word' id='word_1_17' title='bbox 480 340 674 410; x_wconf 77' lang='grc' dir='ltr'><em>ἔχοντα</em></span> <span class='ocrx_word' id='word_1_18' title='bbox 704 343 984 410; x_wconf 87' lang='grc' dir='ltr'><em>Περσικὸν</em></span> <span class='ocrx_word' id='word_1_19' title='bbox 1024 341 1158 395; x_wconf 82' lang='grc' dir='ltr'><em>ὅσον</em></span> <span class='ocrx_word' id='word_1_20' title='bbox 1189 361 1246 395; x_wconf 87' lang='grc' dir='ltr'><em>τε</em></span> <span class='ocrx_word' id='word_1_21' title='bbox 1279 341 1339 394; x_wconf 82' lang='grc' dir='ltr'><em>ἐν</em></span> <span class='ocrx_word' id='word_1_22' title='bbox 1378 344 1761 411; x_wconf 82' lang='grc' dir='ltr'><em>οἰκοδομήσεσι</em></span> <span class='ocrx_word' id='word_1_23' title='bbox 1803 341 1894 396; x_wconf 82' lang='grc' dir='ltr'><em>καὶ</em></span> 
     </span>
     <span class='ocr_line' id='line_1_5' title="bbox 214 429 1894 500; baseline 0.001 -17"><span class='ocrx_word' id='word_1_24' title='bbox 214 430 350 483; x_wconf 82' lang='grc' dir='ltr'><em>ὅσον</em></span> <span class='ocrx_word' id='word_1_25' title='bbox 374 429 435 483; x_wconf 80' lang='grc' dir='ltr'><em>ἐν</em></span> <span class='ocrx_word' id='word_1_26' title='bbox 461 433 655 499; x_wconf 80' lang='grc' dir='ltr'><em>κήποις</em></span> <span class='ocrx_word' id='word_1_27' title='bbox 684 451 742 484; x_wconf 89' lang='grc' dir='ltr'><em>τε</em></span> <span class='ocrx_word' id='word_1_28' title='bbox 771 430 862 484; x_wconf 87' lang='grc' dir='ltr'><em>καὶ</em></span> <span class='ocrx_word' id='word_1_29' title='bbox 894 440 1087 499; x_wconf 85' lang='grc' dir='ltr'><em>φυτῶν</em></span> <span class='ocrx_word' id='word_1_30' title='bbox 1118 431 1286 499; x_wconf 83' lang='grc' dir='ltr'><em>ὥραις</em></span> <span class='ocrx_word' id='word_1_31' title='bbox 1314 431 1405 484; x_wconf 82' lang='grc' dir='ltr'><em>καὶ</em></span> <span class='ocrx_word' id='word_1_32' title='bbox 1437 431 1631 500; x_wconf 80' lang='grc' dir='ltr'><em>ὀσμαῖς</em></span> <span class='ocrx_word' id='word_1_33' title='bbox 1656 430 1894 500; x_wconf 78' lang='grc' dir='ltr'><em>ἀνθέων,</em></span> 
     </span>
     <span class='ocr_line' id='line_1_6' title="bbox 213 517 1894 589; baseline 0.001 -18"><span class='ocrx_word' id='word_1_34' title='bbox 213 528 365 572; x_wconf 86' lang='grc' dir='ltr'><em>συῶν</em></span> <span class='ocrx_word' id='word_1_35' title='bbox 421 519 481 572; x_wconf 81' lang='grc' dir='ltr'><em>δὲ</em></span> <span class='ocrx_word' id='word_1_36' title='bbox 527 518 729 588; x_wconf 88' lang='grc' dir='ltr'><em>ἀγέλην</em></span> <span class='ocrx_word' id='word_1_37' title='bbox 779 519 987 589; x_wconf 88' lang='grc' dir='ltr'><em>ἀγρίων</em></span> <span class='ocrx_word' id='word_1_38' title='bbox 1035 517 1266 589; x_wconf 80' lang='grc' dir='ltr'><em>ἔτρεφεν</em></span> <span class='ocrx_word' id='word_1_39' title='bbox 1315 519 1619 589; x_wconf 87' lang='grc' dir='ltr'><em>ἀπαντικρὺ</em></span> <span class='ocrx_word' id='word_1_40' title='bbox 1673 523 1894 589; x_wconf 78' lang='grc' dir='ltr'><em>χωρίον,</em></span> 
     </span>
     <span class='ocr_line' id='line_1_7' title="bbox 214 601 1967 678; baseline 0.002 -19"><span class='ocrx_word' id='word_1_41' title='bbox 214 605 275 660; x_wconf 83' lang='grc' dir='ltr'><em>ἐν</em></span> <span class='ocrx_word' id='word_1_42' title='bbox 316 601 397 670; x_wconf 82' lang='grc' dir='ltr'><em>οἷς</em></span> <span class='ocrx_word' id='word_1_43' title='bbox 436 608 606 661; x_wconf 87' lang='grc' dir='ltr'><em>αὑτὸν</em></span> <span class='ocrx_word' id='word_1_44' title='bbox 644 608 944 678; x_wconf 77' lang='grc' dir='ltr'><em>ἐγύμναζεν</em></span> <span class='ocrx_word' id='word_1_45' title='bbox 983 609 1011 662; x_wconf 89' lang='grc' dir='ltr'>ὁ</span> <span class='ocrx_word' id='word_1_46' title='bbox 1053 606 1296 678; x_wconf 89' lang='grc' dir='ltr'><em>Πέρσης,</em></span> <span class='ocrx_word' id='word_1_47' title='bbox 1342 610 1463 662; x_wconf 91' lang='grc' dir='ltr'><em>τότε</em></span> <span class='ocrx_word' id='word_1_48' title='bbox 1510 609 1570 661; x_wconf 80' lang='grc' dir='ltr'><em>δὲ</em></span> <span class='ocrx_word' id='word_1_49' title='bbox 1602 606 1896 678; x_wconf 82' lang='grc' dir='ltr'><em>Ῥωμαίους</em></span> <span class='ocrx_word' id='word_1_50' title='bbox 1940 614 1967 672; x_wconf 74' lang='grc' dir='ltr'><em>ξ·”’</em></span> 
     </span>
     <span class='ocr_line' id='line_1_8' title="bbox 213 695 1895 767; baseline 0.002 -19"><span class='ocrx_word' id='word_1_51' title='bbox 213 695 461 765; x_wconf 85' lang='grc' dir='ltr'><em>εὐώχουν</em></span> <span class='ocrx_word' id='word_1_52' title='bbox 499 697 756 760; x_wconf 77' lang='grc' dir='ltr'><em>ἅπαντας.</em></span> <span class='ocrx_word' id='word_1_53' title='bbox 832 704 1002 750; x_wconf 83' lang='grc' dir='ltr'><em>ταῦτα</em></span> <span class='ocrx_word' id='word_1_54' title='bbox 1040 695 1353 767; x_wconf 78' lang='grc' dir='ltr'><em>ἐνεπρήσθη</em></span> <span class='ocrx_word' id='word_1_55' title='bbox 1392 698 1459 750; x_wconf 81' lang='grc' dir='ltr'><em>τὰ</em></span> <span class='ocrx_word' id='word_1_56' title='bbox 1496 700 1747 765; x_wconf 87' lang='grc' dir='ltr'><em>βασίλεια</em></span> <span class='ocrx_word' id='word_1_57' title='bbox 1784 706 1895 751; x_wconf 79' lang='grc' dir='ltr'><em>τῶν</em></span> 
     </span>
     <span class='ocr_line' id='line_1_9' title="bbox 213 783 1896 856; baseline 0.001 -19"><span class='ocrx_word' id='word_1_58' title='bbox 213 783 274 837; x_wconf 83' lang='grc' dir='ltr'><em>ἐν</em></span> <span class='ocrx_word' id='word_1_59' title='bbox 314 786 556 848; x_wconf 84' lang='grc' dir='ltr'><em>Σούσοις</em></span> <span class='ocrx_word' id='word_1_60' title='bbox 602 784 785 854; x_wconf 81' lang='grc' dir='ltr'><em>οὐδέν,</em></span> <span class='ocrx_word' id='word_1_61' title='bbox 832 786 906 848; x_wconf 83' lang='grc' dir='ltr'><em>ὥς</em></span> <span class='ocrx_word' id='word_1_62' title='bbox 951 799 1141 855; x_wconf 82' lang='grc' dir='ltr'><em>φασιν,</em></span> <span class='ocrx_word' id='word_1_63' title='bbox 1193 785 1483 856; x_wconf 88' lang='grc' dir='ltr'><em>ἀτιμότερα</em></span> <span class='ocrx_word' id='word_1_64' title='bbox 1527 785 1618 839; x_wconf 87' lang='grc' dir='ltr'><em>καὶ</em></span> <span class='ocrx_word' id='word_1_65' title='bbox 1666 787 1896 855; x_wconf 81' lang='grc' dir='ltr'><em>δεύτερα</em></span> 
     </span>
    </p>
   </div>
   <div class='ocr_carea' id='block_1_4' title="bbox 123 872 1896 945">
    <p class='ocr_par' dir='ltr' id='par_1_4' title="bbox 123 872 1896 945">
     <span class='ocr_line' id='line_1_10' title="bbox 123 872 1896 945; baseline -0.001 -16"><span class='ocrx_word' id='word_1_66' title='bbox 123 886 165 929; x_wconf 86' lang='lat' dir='ltr'>R</span> <span class='ocrx_word' id='word_1_67' title='bbox 188 889 273 930; x_wconf 83' lang='lat'><em>604</em></span> <span class='ocrx_word' id='word_1_68' title='bbox 312 872 401 926; x_wconf 81' lang='grc' dir='ltr'><em>ἐπὶ</em></span> <span class='ocrx_word' id='word_1_69' title='bbox 454 874 669 937; x_wconf 85' lang='grc' dir='ltr'><em>τούτοις</em></span> <span class='ocrx_word' id='word_1_70' title='bbox 720 873 811 927; x_wconf 86' lang='grc' dir='ltr'><em>καὶ</em></span> <span class='ocrx_word' id='word_1_71' title='bbox 865 876 1020 944; x_wconf 89' lang='grc' dir='ltr'><em>τρίτα</em></span> <span class='ocrx_word' id='word_1_72' title='bbox 1074 873 1160 927; x_wconf 81' lang='grc' dir='ltr'><em>ἐπὶ</em></span> <span class='ocrx_word' id='word_1_73' title='bbox 1214 874 1399 927; x_wconf 86' lang='grc' dir='ltr'><em>κάλλει</em></span> <span class='ocrx_word' id='word_1_74' title='bbox 1449 875 1550 943; x_wconf 80' lang='grc' dir='ltr'><em>μὲν</em></span> <span class='ocrx_word' id='word_1_75' title='bbox 1605 873 1612 945; x_wconf 87' lang='grc' dir='ltr'>Ι</span> <span class='ocrx_word' id='word_1_76' title='bbox 1670 873 1896 928; x_wconf 83' lang='grc' dir='ltr'><em>ἐκείνων</em></span> 
     </span>
    </p>
   </div>
   <div class='ocr_carea' id='block_1_5' title="bbox 147 1073 189 1104">
    <p class='ocr_par' dir='ltr' id='par_1_5' title="bbox 147 1073 189 1104">
     <span class='ocr_line' id='line_1_11' title="bbox 147 1073 189 1104; baseline 0 0"><span class='ocrx_word' id='word_1_77' title='bbox 147 1073 189 1104; x_wconf 90' lang='grc'><em>10</em></span> 
     </span>
    </p>
   </div>
   <div class='ocr_carea' id='block_1_6' title="bbox 147 1516 187 1548">
    <p class='ocr_par' dir='ltr' id='par_1_6' title="bbox 147 1516 187 1548">
     <span class='ocr_line' id='line_1_12' title="bbox 147 1516 187 1548; baseline 0 0"><span class='ocrx_word' id='word_1_78' title='bbox 147 1516 187 1548; x_wconf 86' lang='grc'>15</span> 
     </span>
    </p>
   </div>
   <div class='ocr_carea' id='block_1_7' title="bbox 211 963 1899 1920">
    <p class='ocr_par' dir='ltr' id='par_1_7' title="bbox 213 963 1293 1032">
     <span class='ocr_line' id='line_1_13' title="bbox 213 963 1293 1032; baseline 0 -17"><span class='ocrx_word' id='word_1_79' title='bbox 213 965 523 1032; x_wconf 89' lang='grc' dir='ltr'><em>λειπόμενα,</em></span> <span class='ocrx_word' id='word_1_80' title='bbox 562 963 798 1026; x_wconf 79' lang='grc' dir='ltr'><em>κάλλους</em></span> <span class='ocrx_word' id='word_1_81' title='bbox 838 963 900 1016; x_wconf 76' lang='grc' dir='ltr'><em>δὲ</em></span> <span class='ocrx_word' id='word_1_82' title='bbox 939 964 1040 1017; x_wconf 86' lang='grc' dir='ltr'><em>οὐκ</em></span> <span class='ocrx_word' id='word_1_83' title='bbox 1081 965 1293 1032; x_wconf 78' lang='grc' dir='ltr'><em>ἄμοιρα.</em></span> 
     </span>
    </p>

    <p class='ocr_par' dir='ltr' id='par_1_8' title="bbox 211 1051 1899 1920">
     <span class='ocr_line' id='line_1_14' title="bbox 324 1051 1896 1121; baseline 0.001 -17"><span class='ocrx_word' id='word_1_84' title='bbox 324 1051 446 1104; x_wconf 83' lang='grc'><strong>244.</strong></span> <span class='ocrx_word' id='word_1_85' title='bbox 511 1055 745 1105; x_wconf 85' lang='grc' dir='ltr'><em>Τοιαῦτα</em></span> <span class='ocrx_word' id='word_1_86' title='bbox 786 1054 1024 1121; x_wconf 79' lang='grc' dir='ltr'><em>δρῶντες</em></span> <span class='ocrx_word' id='word_1_87' title='bbox 1071 1051 1159 1105; x_wconf 80' lang='grc' dir='ltr'><em>ἐπὶ</em></span> <span class='ocrx_word' id='word_1_88' title='bbox 1196 1053 1291 1115; x_wconf 79' lang='grc' dir='ltr'><em>τὰς</em></span> <span class='ocrx_word' id='word_1_89' title='bbox 1329 1052 1496 1105; x_wconf 84' lang='grc' dir='ltr'><em>πάλαι</em></span> <span class='ocrx_word' id='word_1_90' title='bbox 1541 1052 1896 1120; x_wconf 80' lang='grc' dir='ltr'><em>ποθουμένας</em></span> 
     </span>
     <span class='ocr_line' id='line_1_15' title="bbox 213 1139 1896 1210; baseline 0.001 -18"><span class='ocrx_word' id='word_1_91' title='bbox 213 1139 579 1208; x_wconf 85' lang='grc' dir='ltr'><em>ἀφικνοῦνται</em></span> <span class='ocrx_word' id='word_1_92' title='bbox 617 1142 818 1209; x_wconf 86' lang='grc' dir='ltr'><em>πόλεις,</em></span> <span class='ocrx_word' id='word_1_93' title='bbox 860 1143 920 1193; x_wconf 85' lang='grc' dir='ltr'><em>αἳ</em></span> <span class='ocrx_word' id='word_1_94' title='bbox 954 1141 1055 1209; x_wconf 85' lang='grc' dir='ltr'><em>τὴν</em></span> <span class='ocrx_word' id='word_1_95' title='bbox 1087 1143 1452 1209; x_wconf 90' lang='grc' dir='ltr'><em>Βαβυλωνίαν</em></span> <span class='ocrx_word' id='word_1_96' title='bbox 1490 1149 1594 1210; x_wconf 81' lang='grc' dir='ltr'><em>γῆν</em></span> <span class='ocrx_word' id='word_1_97' title='bbox 1633 1141 1756 1194; x_wconf 82' lang='grc' dir='ltr'><em>ἀντὶ</em></span> <span class='ocrx_word' id='word_1_98' title='bbox 1788 1145 1896 1194; x_wconf 90' lang='grc' dir='ltr'><em>Βα-</em></span> 
     </span>
     <span class='ocr_line' id='line_1_16' title="bbox 211 1228 1894 1299; baseline 0.001 -18"><span class='ocrx_word' id='word_1_99' title='bbox 211 1231 463 1295; x_wconf 83' lang='grc' dir='ltr'><em>βυλῶνος</em></span> <span class='ocrx_word' id='word_1_100' title='bbox 515 1237 798 1298; x_wconf 80' lang='grc' dir='ltr'><em>κοσμοῦσι.</em></span> <span class='ocrx_word' id='word_1_101' title='bbox 887 1229 971 1299; x_wconf 76' lang='grc' dir='ltr'><em>ρ”εῖ</em></span> <span class='ocrx_word' id='word_1_102' title='bbox 1025 1230 1085 1283; x_wconf 80' lang='grc' dir='ltr'><em>δὲ</em></span> <span class='ocrx_word' id='word_1_103' title='bbox 1140 1229 1336 1282; x_wconf 85' lang='grc' dir='ltr'><em>αὐταῖν</em></span> <span class='ocrx_word' id='word_1_104' title='bbox 1389 1228 1554 1298; x_wconf 87' lang='grc' dir='ltr'><em>μέσος</em></span> <span class='ocrx_word' id='word_1_105' title='bbox 1615 1232 1813 1299; x_wconf 87' lang='grc' dir='ltr'><em>Τίγρης</em></span> <span class='ocrx_word' id='word_1_106' title='bbox 1866 1230 1894 1283; x_wconf 89' lang='grc' dir='ltr'>ὁ</span> 
     </span>
     <span class='ocr_line' id='line_1_17' title="bbox 211 1316 1898 1388; baseline 0.001 -18"><span class='ocrx_word' id='word_1_107' title='bbox 211 1318 451 1384; x_wconf 88' lang='grc' dir='ltr'><em>ποταμὸς</em></span> <span class='ocrx_word' id='word_1_108' title='bbox 503 1316 594 1370; x_wconf 85' lang='grc' dir='ltr'><em>καὶ</em></span> <span class='ocrx_word' id='word_1_109' title='bbox 640 1319 983 1388; x_wconf 83' lang='grc' dir='ltr'><em>παραμείψας</em></span> <span class='ocrx_word' id='word_1_110' title='bbox 1031 1318 1097 1370; x_wconf 92' lang='grc' dir='ltr'><em>οὐ</em></span> <span class='ocrx_word' id='word_1_111' title='bbox 1143 1319 1342 1386; x_wconf 87' lang='grc' dir='ltr'><em>μικρὸν</em></span> <span class='ocrx_word' id='word_1_112' title='bbox 1389 1316 1601 1387; x_wconf 81' lang='grc' dir='ltr'><em>δέχεται</em></span> <span class='ocrx_word' id='word_1_113' title='bbox 1646 1319 1745 1371; x_wconf 91' lang='grc' dir='ltr'><em>τὸν</em></span> <span class='ocrx_word' id='word_1_114' title='bbox 1786 1319 1898 1371; x_wconf 89' lang='grc' dir='ltr'><em>Εὐ-</em></span> 
     </span>
     <span class='ocr_line' id='line_1_18' title="bbox 213 1403 1896 1477; baseline 0.001 -19"><span class='ocrx_word' id='word_1_115' title='bbox 213 1406 444 1476; x_wconf 79' lang='grc' dir='ltr'><em>φράτην.</em></span> <span class='ocrx_word' id='word_1_116' title='bbox 515 1405 760 1459; x_wconf 83' lang='grc' dir='ltr'><em>ἐνταῦθα</em></span> <span class='ocrx_word' id='word_1_117' title='bbox 790 1407 894 1459; x_wconf 90' lang='grc' dir='ltr'><em>οὐκ</em></span> <span class='ocrx_word' id='word_1_118' title='bbox 923 1403 993 1475; x_wconf 82' lang='grc' dir='ltr'><em>ἦν</em></span> <span class='ocrx_word' id='word_1_119' title='bbox 1025 1407 1226 1477; x_wconf 87' lang='grc' dir='ltr'><em>εὑρεῖν,</em></span> <span class='ocrx_word' id='word_1_120' title='bbox 1267 1407 1296 1460; x_wconf 90' lang='grc' dir='ltr'><em>ὃ</em></span> <span class='ocrx_word' id='word_1_121' title='bbox 1335 1405 1613 1475; x_wconf 86' lang='grc' dir='ltr'><em>ποιητέον·</em></span> <span class='ocrx_word' id='word_1_122' title='bbox 1655 1407 1761 1460; x_wconf 83' lang='grc' dir='ltr'><em>εἴτε</em></span> <span class='ocrx_word' id='word_1_123' title='bbox 1793 1409 1896 1477; x_wconf 86' lang='grc' dir='ltr'><em>γὰρ</em></span> 
     </span>
     <span class='ocr_line' id='line_1_19' title="bbox 213 1491 1898 1566; baseline 0 -19"><span class='ocrx_word' id='word_1_124' title='bbox 213 1498 465 1565; x_wconf 90' lang='grc' dir='ltr'><em>παριόιεν</em></span> <span class='ocrx_word' id='word_1_125' title='bbox 513 1496 566 1548; x_wconf 80' lang='grc' dir='ltr'><em>οῖ</em></span> <span class='ocrx_word' id='word_1_126' title='bbox 620 1505 943 1566; x_wconf 84' lang='grc' dir='ltr'><em>στρατιῶται</em></span> <span class='ocrx_word' id='word_1_127' title='bbox 1002 1504 1116 1558; x_wconf 89' lang='grc' dir='ltr'><em>τοῖς</em></span> <span class='ocrx_word' id='word_1_128' title='bbox 1161 1499 1397 1564; x_wconf 86' lang='grc' dir='ltr'><em>πλοίοις,</em></span> <span class='ocrx_word' id='word_1_129' title='bbox 1453 1495 1555 1548; x_wconf 88' lang='grc' dir='ltr'><em>οὐκ</em></span> <span class='ocrx_word' id='word_1_130' title='bbox 1607 1491 1677 1563; x_wconf 80' lang='grc' dir='ltr'><em>ἧν</em></span> <span class='ocrx_word' id='word_1_131' title='bbox 1729 1509 1898 1564; x_wconf 92' lang='grc' dir='ltr'><em>προσ-</em></span> 
     </span>
     <span class='ocr_line' id='line_1_20' title="bbox 213 1582 1890 1653; baseline 0.001 -18"><span class='ocrx_word' id='word_1_132' title='bbox 213 1587 404 1637; x_wconf 90' lang='grc' dir='ltr'><em>ελθεῖν</em></span> <span class='ocrx_word' id='word_1_133' title='bbox 441 1592 559 1647; x_wconf 89' lang='grc' dir='ltr'><em>ταῖς</em></span> <span class='ocrx_word' id='word_1_134' title='bbox 596 1586 838 1652; x_wconf 88' lang='grc' dir='ltr'><em>πόλεσιν,</em></span> <span class='ocrx_word' id='word_1_135' title='bbox 883 1583 976 1637; x_wconf 78' lang='grc' dir='ltr'><em>εἴτ’</em></span> <span class='ocrx_word' id='word_1_136' title='bbox 1018 1583 1101 1638; x_wconf 84' lang='grc' dir='ltr'><em>ἐπ’</em></span> <span class='ocrx_word' id='word_1_137' title='bbox 1142 1583 1352 1647; x_wconf 84' lang='grc' dir='ltr'><em>ἐκείνας</em></span> <span class='ocrx_word' id='word_1_138' title='bbox 1390 1590 1545 1653; x_wconf 82' lang='grc' dir='ltr'><em>ἴοιεν,</em></span> <span class='ocrx_word' id='word_1_139' title='bbox 1585 1582 1890 1637; x_wconf 86' lang='grc' dir='ltr'><em>ἀπώλλυντ’</em></span> 
     </span>
     <span class='ocr_line' id='line_1_21' title="bbox 212 1670 1897 1742; baseline 0 -17"><span class='ocrx_word' id='word_1_140' title='bbox 212 1670 282 1725; x_wconf 75' lang='grc' dir='ltr'><em>ἂν</em></span> <span class='ocrx_word' id='word_1_141' title='bbox 321 1672 508 1736; x_wconf 88' lang='grc' dir='ltr'><em>αὐτοῖς</em></span> <span class='ocrx_word' id='word_1_142' title='bbox 546 1674 601 1725; x_wconf 82' lang='grc' dir='ltr'><em>αἱ</em></span> <span class='ocrx_word' id='word_1_143' title='bbox 642 1681 790 1742; x_wconf 81' lang='grc' dir='ltr'><em>νῆες,</em></span> <span class='ocrx_word' id='word_1_144' title='bbox 839 1672 934 1726; x_wconf 79' lang='grc' dir='ltr'><em>εἴτ’</em></span> <span class='ocrx_word' id='word_1_145' title='bbox 973 1672 1301 1726; x_wconf 86' lang='grc' dir='ltr'><em>ἀναπλέοιεν</em></span> <span class='ocrx_word' id='word_1_146' title='bbox 1340 1674 1433 1726; x_wconf 79' lang='grc' dir='ltr'><em>διὰ</em></span> <span class='ocrx_word' id='word_1_147' title='bbox 1470 1681 1569 1726; x_wconf 84' lang='grc' dir='ltr'><em>τοῦ</em></span> <span class='ocrx_word' id='word_1_148' title='bbox 1616 1674 1897 1741; x_wconf 87' lang='grc' dir='ltr'><em>Τίγρητος,</em></span> 
     </span>
     <span class='ocr_line' id='line_1_22' title="bbox 212 1748 1897 1834; baseline -0.001 -20"><span class='ocrx_word' id='word_1_149' title='bbox 212 1763 423 1830; x_wconf 88' lang='grc' dir='ltr'><em>μόχθος</em></span> <span class='ocrx_word' id='word_1_150' title='bbox 460 1781 518 1814; x_wconf 90' lang='grc' dir='ltr'><em>τε</em></span> <span class='ocrx_word' id='word_1_151' title='bbox 555 1762 721 1831; x_wconf 90' lang='grc' dir='ltr'><em>μέγας</em></span> <span class='ocrx_word' id='word_1_152' title='bbox 759 1763 849 1815; x_wconf 86' lang='grc' dir='ltr'><em>καὶ</em></span> <span class='ocrx_word' id='word_1_153' title='bbox 888 1748 1048 1831; x_wconf 88' lang='grc' dir='ltr'><em>μέσαι</em></span> <span class='ocrx_word' id='word_1_154' title='bbox 1085 1771 1209 1815; x_wconf 91' lang='grc' dir='ltr'><em>ταῖν</em></span> <span class='ocrx_word' id='word_1_155' title='bbox 1258 1764 1471 1834; x_wconf 74' lang='grc' dir='ltr'><em>πόλεων</em></span> <span class='ocrx_word' id='word_1_156' title='bbox 1510 1760 1781 1830; x_wconf 83' lang='grc' dir='ltr'><em>ἐγίγνοντ’</em></span> <span class='ocrx_word' id='word_1_157' title='bbox 1813 1762 1897 1813; x_wconf 79' lang='grc' dir='ltr'><em>ἄν.</em></span> 
     </span>
     <span class='ocr_line' id='line_1_23' title="bbox 213 1846 1899 1920; baseline 0.001 -20"><span class='ocrx_word' id='word_1_158' title='bbox 213 1849 334 1901; x_wconf 80' lang='grc'>245.</span> <span class='ocrx_word' id='word_1_159' title='bbox 392 1852 475 1912; x_wconf 88' lang='grc' dir='ltr'><em>τίς</em></span> <span class='ocrx_word' id='word_1_160' title='bbox 527 1847 632 1904; x_wconf 83' lang='grc' dir='ltr'><em>οὐν</em></span> <span class='ocrx_word' id='word_1_161' title='bbox 685 1849 844 1904; x_wconf 81' lang='grc' dir='ltr'><em>ἔλυσε</em></span> <span class='ocrx_word' id='word_1_162' title='bbox 896 1853 997 1920; x_wconf 87' lang='grc' dir='ltr'><em>τὴν</em></span> <span class='ocrx_word' id='word_1_163' title='bbox 1050 1850 1308 1920; x_wconf 88' lang='grc' dir='ltr'><em>ἀπορίαν;</em></span> <span class='ocrx_word' id='word_1_164' title='bbox 1370 1851 1437 1904; x_wconf 90' lang='grc' dir='ltr'><em>οὐ</em></span> <span class='ocrx_word' id='word_1_165' title='bbox 1492 1851 1712 1919; x_wconf 79' lang='grc' dir='ltr'><em>Κάλχας</em></span> <span class='ocrx_word' id='word_1_166' title='bbox 1766 1846 1899 1902; x_wconf 74' lang='grc' dir='ltr'><em>οὐδὲ</em></span> 
     </span>
    </p>
   </div>
   <div class='ocr_carea' id='block_1_8' title="bbox 325 1942 567 1946">
    <p class='ocr_par' dir='ltr' id='par_1_9' title="bbox 325 1942 567 1946">
     <span class='ocr_line' id='line_1_24' title="bbox 325 1942 567 1946; baseline 0 0"><span class='ocrx_word' id='word_1_167' title='bbox 325 1942 567 1946; x_wconf 95' lang='lat' dir='ltr'><em> </em></span> 
     </span>
    </p>
   </div>
   <div class='ocr_carea' id='block_1_9' title="bbox 211 1979 1896 2212">
    <p class='ocr_par' dir='ltr' id='par_1_10' title="bbox 211 1979 1896 2212">
     <span class='ocr_line' id='line_1_25' title="bbox 331 1979 1894 2036; baseline -0.001 -13"><span class='ocrx_word' id='word_1_168' title='bbox 331 1985 358 2023; x_wconf 88' lang='lat'>4</span> <span class='ocrx_word' id='word_1_169' title='bbox 396 1981 545 2024; x_wconf 90' lang='lat' dir='ltr'><strong>Amm.</strong></span> <span class='ocrx_word' id='word_1_170' title='bbox 579 1981 727 2025; x_wconf 89' lang='lat' dir='ltr'>XXIV</span> <span class='ocrx_word' id='word_1_171' title='bbox 759 1987 798 2036; x_wconf 82' lang='lat'><em>5,</em></span> <span class='ocrx_word' id='word_1_172' title='bbox 818 1986 857 2024; x_wconf 83' lang='lat'><em>2.</em></span> <span class='ocrx_word' id='word_1_173' title='bbox 922 1982 1020 2026; x_wconf 85' lang='lat' dir='ltr'><strong>Zos.</strong></span> <span class='ocrx_word' id='word_1_174' title='bbox 1045 1981 1108 2024; x_wconf 95' lang='lat' dir='ltr'><em>III</em></span> <span class='ocrx_word' id='word_1_175' title='bbox 1134 1986 1188 2024; x_wconf 82' lang='lat'><em>23</em></span> <span class='ocrx_word' id='word_1_176' title='bbox 1312 1985 1366 2025; x_wconf 91' lang='lat'><em>10</em></span> <span class='ocrx_word' id='word_1_177' title='bbox 1404 1981 1552 2023; x_wconf 88' lang='lat' dir='ltr'><strong>Amm.</strong></span> <span class='ocrx_word' id='word_1_178' title='bbox 1585 1979 1734 2023; x_wconf 89' lang='lat' dir='ltr'>XXIII</span> <span class='ocrx_word' id='word_1_179' title='bbox 1766 1985 1806 2032; x_wconf 83' lang='lat'><em>6,</em></span> <span class='ocrx_word' id='word_1_180' title='bbox 1826 1984 1894 2023; x_wconf 84' lang='lat'><em>23.</em></span> 
     </span>
     <span class='ocr_line' id='line_1_26' title="bbox 211 2038 1895 2096; baseline 0.001 -15"><span class='ocrx_word' id='word_1_181' title='bbox 211 2039 360 2082; x_wconf 90' lang='lat' dir='ltr'>XXIV</span> <span class='ocrx_word' id='word_1_182' title='bbox 384 2044 422 2092; x_wconf 88' lang='lat'><em>5,</em></span> <span class='ocrx_word' id='word_1_183' title='bbox 442 2044 467 2083; x_wconf 86' lang='lat'><strong>3</strong></span> <span class='ocrx_word' id='word_1_184' title='bbox 493 2042 541 2084; x_wconf 74' lang='lat' dir='ltr'><em>et</em></span> <span class='ocrx_word' id='word_1_185' title='bbox 566 2045 603 2083; x_wconf 88' lang='grc'><em>6.</em></span> <span class='ocrx_word' id='word_1_186' title='bbox 661 2040 810 2085; x_wconf 68' lang='lat' dir='ltr'><strong>Sia-ab.</strong></span> <span class='ocrx_word' id='word_1_187' title='bbox 829 2040 935 2084; x_wconf 89' lang='lat' dir='ltr'><em>XVI</em></span> <span class='ocrx_word' id='word_1_188' title='bbox 964 2056 1009 2096; x_wconf 91' lang='lat' dir='ltr'><em>p.</em></span> <span class='ocrx_word' id='word_1_189' title='bbox 1030 2044 1113 2083; x_wconf 84' lang='lat'><em>738</em></span> <span class='ocrx_word' id='word_1_190' title='bbox 1147 2042 1194 2084; x_wconf 74' lang='lat' dir='ltr'><em>et</em></span> <span class='ocrx_word' id='word_1_191' title='bbox 1219 2044 1302 2084; x_wconf 79' lang='lat'><em>743</em></span> <span class='ocrx_word' id='word_1_192' title='bbox 1343 2039 1581 2096; x_wconf 71' lang='lat' dir='ltr'>(Ctesipho</span> <span class='ocrx_word' id='word_1_193' title='bbox 1615 2041 1662 2082; x_wconf 80' lang='lat' dir='ltr'><em>et</em></span> <span class='ocrx_word' id='word_1_194' title='bbox 1703 2038 1895 2093; x_wconf 80' lang='lat' dir='ltr'>Coche)3</span> 
     </span>
     <span class='ocr_line' id='line_1_27' title="bbox 214 2097 1896 2155; baseline -0.001 -14"><span class='ocrx_word' id='word_1_195' title='bbox 214 2097 271 2141; x_wconf 85' lang='lat' dir='ltr'><em>cf.</em></span> <span class='ocrx_word' id='word_1_196' title='bbox 299 2097 596 2142; x_wconf 88' lang='lat' dir='ltr'>Sozom.VIl</span> <span class='ocrx_word' id='word_1_197' title='bbox 642 2100 721 2155; x_wconf 87' lang='lat' dir='ltr'><em>qui</em></span> <span class='ocrx_word' id='word_1_198' title='bbox 763 2099 852 2142; x_wconf 85' lang='lat' dir='ltr'><em>hac</em></span> <span class='ocrx_word' id='word_1_199' title='bbox 895 2099 1103 2143; x_wconf 76' lang='lat' dir='ltr'><strong>oratione</strong></span> <span class='ocrx_word' id='word_1_200' title='bbox 1146 2099 1256 2142; x_wconf 82' lang='lat' dir='ltr'>inde</span> <span class='ocrx_word' id='word_1_201' title='bbox 1298 2112 1325 2141; x_wconf 86' lang='lat' dir='ltr'>a</span> <span class='ocrx_word' id='word_1_202' title='bbox 1363 2113 1407 2155; x_wconf 84' lang='lat' dir='ltr'><em>p.</em></span> <span class='ocrx_word' id='word_1_203' title='bbox 1435 2102 1535 2152; x_wconf 83' lang='lat'><strong>329,</strong></span> <span class='ocrx_word' id='word_1_204' title='bbox 1554 2102 1606 2140; x_wconf 84' lang='lat'><em>21</em></span> <span class='ocrx_word' id='word_1_205' title='bbox 1648 2111 1794 2153; x_wconf 84' lang='lat' dir='ltr'>usque</span> <span class='ocrx_word' id='word_1_206' title='bbox 1836 2097 1896 2140; x_wconf 83' lang='lat' dir='ltr'><em>ad</em></span> 
     </span>
     <span class='ocr_line' id='line_1_28' title="bbox 215 2157 782 2212; baseline 0.002 -12"><span class='ocrx_word' id='word_1_207' title='bbox 215 2162 313 2212; x_wconf 87' lang='lat'>354,</span> <span class='ocrx_word' id='word_1_208' title='bbox 332 2162 357 2200; x_wconf 82' lang='lat'>9</span> <span class='ocrx_word' id='word_1_209' title='bbox 390 2157 540 2201; x_wconf 74' lang='lat' dir='ltr'><strong>obiter</strong></span> <span class='ocrx_word' id='word_1_210' title='bbox 570 2172 679 2200; x_wconf 80' lang='lat' dir='ltr'>usus</span> <span class='ocrx_word' id='word_1_211' title='bbox 713 2159 782 2201; x_wconf 71' lang='lat' dir='ltr'><em>est</em></span> 
     </span>
    </p>
   </div>
   <div class='ocr_carea' id='block_1_10' title="bbox 215 2236 569 2241">
    <p class='ocr_par' dir='ltr' id='par_1_11' title="bbox 215 2236 569 2241">
     <span class='ocr_line' id='line_1_29' title="bbox 215 2236 569 2241; baseline 0 0"><span class='ocrx_word' id='word_1_212' title='bbox 215 2236 569 2241; x_wconf 95' lang='lat' dir='ltr'><em> </em></span> 
     </span>
    </p>
   </div>
   <div class='ocr_carea' id='block_1_11' title="bbox 212 2271 1904 2981">
    <p class='ocr_par' dir='ltr' id='par_1_12' title="bbox 212 2271 1904 2981">
     <span class='ocr_line' id='line_1_30' title="bbox 332 2271 1898 2332; baseline -0.001 -14"><span class='ocrx_word' id='word_1_213' title='bbox 332 2281 356 2318; x_wconf 84' lang='lat'><strong>2</strong></span> <span class='ocrx_word' id='word_1_214' title='bbox 391 2275 724 2332; x_wconf 80' lang='grc' dir='ltr'><em>οἰκοδομήμασι</em></span> <span class='ocrx_word' id='word_1_215' title='bbox 748 2275 816 2318; x_wconf 83' lang='lat' dir='ltr'><em>Re</em></span> <span class='ocrx_word' id='word_1_216' title='bbox 911 2280 937 2317; x_wconf 90' lang='lat'>4</span> <span class='ocrx_word' id='word_1_217' title='bbox 965 2274 1012 2319; x_wconf 83' lang='grc' dir='ltr'><em>τὲ</em></span> <span class='ocrx_word' id='word_1_218' title='bbox 1036 2276 1068 2318; x_wconf 92' lang='grc' dir='ltr'><em>Ι</em></span> <span class='ocrx_word' id='word_1_219' title='bbox 1090 2277 1096 2331; x_wconf 88' lang='grc' dir='ltr'>Ι</span> <span class='ocrx_word' id='word_1_220' title='bbox 1125 2271 1210 2318; x_wconf 86' lang='grc' dir='ltr'><em>ἀπ’</em></span> <span class='ocrx_word' id='word_1_221' title='bbox 1238 2274 1431 2329; x_wconf 81' lang='grc' dir='ltr'><em>ἀντικρὺ</em></span> <span class='ocrx_word' id='word_1_222' title='bbox 1458 2275 1619 2318; x_wconf 89' lang='lat' dir='ltr'><em>MoLa</em></span> <span class='ocrx_word' id='word_1_223' title='bbox 1650 2274 1751 2317; x_wconf 88' lang='lat' dir='ltr'><em>Mor</em></span> <span class='ocrx_word' id='word_1_224' title='bbox 1775 2274 1898 2317; x_wconf 83' lang='lat' dir='ltr'>Fabr</span> 
     </span>
     <span class='ocr_line' id='line_1_31' title="bbox 272 2333 1896 2391; baseline -0.001 -14"><span class='ocrx_word' id='word_1_225' title='bbox 272 2334 534 2390; x_wconf 80' lang='grc' dir='ltr'><em>ἀπάντικρυ</em></span> <span class='ocrx_word' id='word_1_226' title='bbox 559 2335 627 2378; x_wconf 87' lang='lat' dir='ltr'><em>Re</em></span> <span class='ocrx_word' id='word_1_227' title='bbox 747 2339 772 2377; x_wconf 85' lang='lat'>5</span> <span class='ocrx_word' id='word_1_228' title='bbox 806 2334 949 2377; x_wconf 81' lang='grc' dir='ltr'><em>αὑτὸν</em></span> <span class='ocrx_word' id='word_1_229' title='bbox 975 2348 1049 2378; x_wconf 90' lang='lat' dir='ltr'><em>om</em></span> <span class='ocrx_word' id='word_1_230' title='bbox 1076 2335 1159 2378; x_wconf 91' lang='lat' dir='ltr'><em>Mo</em></span> <span class='ocrx_word' id='word_1_231' title='bbox 1187 2337 1192 2391; x_wconf 93' lang='grc' dir='ltr'>Ι</span> <span class='ocrx_word' id='word_1_232' title='bbox 1221 2334 1278 2390; x_wconf 81' lang='grc' dir='ltr'><em>δὴ</em></span> <span class='ocrx_word' id='word_1_233' title='bbox 1304 2333 1614 2378; x_wconf 86' lang='lat' dir='ltr'><strong><em>BMoLaPU</em></strong></span> <span class='ocrx_word' id='word_1_234' title='bbox 1636 2333 1738 2376; x_wconf 89' lang='lat' dir='ltr'><em>Mor</em></span> <span class='ocrx_word' id='word_1_235' title='bbox 1761 2333 1896 2388; x_wconf 76' lang='lat' dir='ltr'><strong>Fabr‚</strong></span> 
     </span>
     <span class='ocr_line' id='line_1_32' title="bbox 214 2390 1894 2451; baseline -0.001 -16"><span class='ocrx_word' id='word_1_236' title='bbox 214 2394 338 2449; x_wconf 87' lang='lat' dir='ltr'>quod</span> <span class='ocrx_word' id='word_1_237' title='bbox 371 2408 471 2437; x_wconf 86' lang='lat' dir='ltr'>corr</span> <span class='ocrx_word' id='word_1_238' title='bbox 494 2395 562 2437; x_wconf 83' lang='lat' dir='ltr'><em>Re</em></span> <span class='ocrx_word' id='word_1_239' title='bbox 590 2396 596 2450; x_wconf 85' lang='grc' dir='ltr'>Ι</span> <span class='ocrx_word' id='word_1_240' title='bbox 625 2390 842 2450; x_wconf 79' lang='grc' dir='ltr'><em>ῤ’ωμαίων</em></span> <span class='ocrx_word' id='word_1_241' title='bbox 868 2394 912 2437; x_wconf 89' lang='grc' dir='ltr'><strong><em>Β</em></strong></span> <span class='ocrx_word' id='word_1_242' title='bbox 974 2406 1048 2436; x_wconf 90' lang='lat' dir='ltr'><em>om</em></span> <span class='ocrx_word' id='word_1_243' title='bbox 1075 2394 1119 2436; x_wconf 88' lang='lat' dir='ltr'>V</span> <span class='ocrx_word' id='word_1_244' title='bbox 1269 2397 1293 2435; x_wconf 87' lang='lat'>6</span> <span class='ocrx_word' id='word_1_245' title='bbox 1327 2392 1530 2442; x_wconf 81' lang='grc' dir='ltr'><em>ἅπαντες</em></span> <span class='ocrx_word' id='word_1_246' title='bbox 1559 2394 1612 2435; x_wconf 75' lang='lat' dir='ltr'><em>ut</em></span> <span class='ocrx_word' id='word_1_247' title='bbox 1643 2392 1791 2451; x_wconf 66' lang='lat' dir='ltr'><strong>Amm.</strong></span> <span class='ocrx_word' id='word_1_248' title='bbox 1816 2392 1894 2434; x_wconf 92' lang='grc'>1.1.</span> 
     </span>
     <span class='ocr_line' id='line_1_33' title="bbox 213 2448 1896 2508; baseline -0.002 -12"><span class='ocrx_word' id='word_1_249' title='bbox 213 2466 328 2507; x_wconf 78' lang='lat' dir='ltr'><strong><em>quas</em></strong></span> <span class='ocrx_word' id='word_1_250' title='bbox 359 2467 537 2498; x_wconf 76' lang='lat' dir='ltr'><em>omnes</em></span> <span class='ocrx_word' id='word_1_251' title='bbox 555 2489 563 2496; x_wconf 94' lang='lat'>.</span> <span class='ocrx_word' id='word_1_252' title='bbox 581 2489 589 2496; x_wconf 95' lang='lat'><strong>.</strong></span> <span class='ocrx_word' id='word_1_253' title='bbox 607 2489 615 2496; x_wconf 93' lang='lat'>.</span> <span class='ocrx_word' id='word_1_254' title='bbox 634 2487 641 2495; x_wconf 93' lang='lat'><strong>.</strong></span> <span class='ocrx_word' id='word_1_255' title='bbox 659 2454 825 2508; x_wconf 78' lang='lat' dir='ltr'><strong><em>equites</em></strong></span> <span class='ocrx_word' id='word_1_256' title='bbox 847 2453 993 2497; x_wconf 68' lang='lat' dir='ltr'><em>wostri</em></span> <span class='ocrx_word' id='word_1_257' title='bbox 1015 2452 1341 2505; x_wconf 75' lang='lat' dir='ltr'><em>confoderunt?</em></span> <span class='ocrx_word' id='word_1_258' title='bbox 1369 2455 1374 2508; x_wconf 82' lang='grc' dir='ltr'>Ι</span> <span class='ocrx_word' id='word_1_259' title='bbox 1401 2458 1547 2495; x_wconf 82' lang='grc' dir='ltr'><em>ταῦτα</em></span> <span class='ocrx_word' id='word_1_260' title='bbox 1573 2448 1619 2495; x_wconf 83' lang='grc' dir='ltr'><em>δ’</em></span> <span class='ocrx_word' id='word_1_261' title='bbox 1649 2452 1694 2495; x_wconf 88' lang='lat' dir='ltr'><em>U</em></span> <span class='ocrx_word' id='word_1_262' title='bbox 1712 2451 1802 2495; x_wconf 85' lang='lat' dir='ltr'><em>edd</em></span> <span class='ocrx_word' id='word_1_263' title='bbox 1827 2449 1896 2506; x_wconf 79' lang='grc' dir='ltr'><em>(δὲ</em></span> 
     </span>
     <span class='ocr_line' id='line_1_34' title="bbox 212 2509 1904 2567; baseline -0.001 -13"><span class='ocrx_word' id='word_1_264' title='bbox 212 2510 351 2567; x_wconf 87' lang='lat' dir='ltr'><strong>Fabr)</strong></span> <span class='ocrx_word' id='word_1_265' title='bbox 466 2516 490 2554; x_wconf 78' lang='lat'><strong>7</strong></span> <span class='ocrx_word' id='word_1_266' title='bbox 525 2510 663 2556; x_wconf 79' lang='grc' dir='ltr'><em>οὐδέν</em></span> <span class='ocrx_word' id='word_1_267' title='bbox 695 2525 770 2555; x_wconf 92' lang='lat' dir='ltr'><em>om</em></span> <span class='ocrx_word' id='word_1_268' title='bbox 799 2511 868 2554; x_wconf 83' lang='lat' dir='ltr'><em>Re</em></span> <span class='ocrx_word' id='word_1_269' title='bbox 981 2515 1007 2554; x_wconf 92' lang='lat'>8</span> <span class='ocrx_word' id='word_1_270' title='bbox 1039 2511 1115 2555; x_wconf 80' lang='grc' dir='ltr'><em>ἐπὶ</em></span> <span class='ocrx_word' id='word_1_271' title='bbox 1144 2513 1205 2567; x_wconf 84' lang='grc'><em>(2)</em></span> <span class='ocrx_word' id='word_1_272' title='bbox 1238 2510 1488 2554; x_wconf 78' lang='lat' dir='ltr'>delendum</span> <span class='ocrx_word' id='word_1_273' title='bbox 1517 2509 1701 2553; x_wconf 76' lang='lat' dir='ltr'><strong>videtur</strong></span> <span class='ocrx_word' id='word_1_274' title='bbox 1761 2509 1826 2552; x_wconf 75' lang='grc' dir='ltr'><em>ἔτι</em></span> <span class='ocrx_word' id='word_1_275' title='bbox 1861 2509 1904 2552; x_wconf 88' lang='lat' dir='ltr'>V</span> 
     </span>
     <span class='ocr_line' id='line_1_35' title="bbox 214 2567 1896 2625; baseline -0.001 -13"><span class='ocrx_word' id='word_1_276' title='bbox 214 2571 262 2613; x_wconf 78' lang='lat' dir='ltr'><em>et</em></span> <span class='ocrx_word' id='word_1_277' title='bbox 287 2569 488 2614; x_wconf 74' lang='lat' dir='ltr'><strong>Sintenis</strong></span> <span class='ocrx_word' id='word_1_278' title='bbox 551 2571 627 2616; x_wconf 81' lang='grc' dir='ltr'><em>ἐπὶ</em></span> <span class='ocrx_word' id='word_1_279' title='bbox 650 2578 747 2621; x_wconf 88' lang='grc' dir='ltr'><em>τοῖς</em></span> <span class='ocrx_word' id='word_1_280' title='bbox 771 2568 1001 2624; x_wconf 78' lang='grc' dir='ltr'><em>δευτέροις</em></span> <span class='ocrx_word' id='word_1_281' title='bbox 1024 2570 1128 2613; x_wconf 84' lang='lat' dir='ltr'>coni</span> <span class='ocrx_word' id='word_1_282' title='bbox 1151 2570 1219 2613; x_wconf 82' lang='lat' dir='ltr'><em>Re</em></span> <span class='ocrx_word' id='word_1_283' title='bbox 1341 2574 1366 2613; x_wconf 88' lang='grc'>9</span> <span class='ocrx_word' id='word_1_284' title='bbox 1392 2567 1640 2625; x_wconf 84' lang='grc' dir='ltr'><em>λειπόμενα</em></span> <span class='ocrx_word' id='word_1_285' title='bbox 1663 2570 1699 2612; x_wconf 94' lang='grc' dir='ltr'><em>Ι</em></span> <span class='ocrx_word' id='word_1_286' title='bbox 1723 2568 1804 2612; x_wconf 80' lang='lat' dir='ltr'><em>sed</em></span> <span class='ocrx_word' id='word_1_287' title='bbox 1829 2570 1896 2610; x_wconf 83' lang='grc' dir='ltr'><em>λει</em></span> 
     </span>
     <span class='ocr_line' id='line_1_36' title="bbox 213 2625 1896 2687; baseline -0.001 -16"><span class='ocrx_word' id='word_1_288' title='bbox 213 2628 264 2671; x_wconf 89' lang='lat' dir='ltr'><em>in</em></span> <span class='ocrx_word' id='word_1_289' title='bbox 279 2642 355 2671; x_wconf 83' lang='lat' dir='ltr'><em>ras</em></span> <span class='ocrx_word' id='word_1_290' title='bbox 371 2629 442 2672; x_wconf 83' lang='lat' dir='ltr'><em>m²</em></span> <span class='ocrx_word' id='word_1_291' title='bbox 468 2631 473 2687; x_wconf 96' lang='grc' dir='ltr'>Ι</span> <span class='ocrx_word' id='word_1_292' title='bbox 503 2627 547 2674; x_wconf 78' lang='grc' dir='ltr'><em>δ’</em></span> <span class='ocrx_word' id='word_1_293' title='bbox 578 2630 668 2673; x_wconf 85' lang='lat' dir='ltr'><em>edd</em></span> <span class='ocrx_word' id='word_1_294' title='bbox 790 2633 842 2672; x_wconf 89' lang='lat'><em>11</em></span> <span class='ocrx_word' id='word_1_295' title='bbox 877 2629 983 2686; x_wconf 81' lang='grc' dir='ltr'><em>γῆν]</em></span> <span class='ocrx_word' id='word_1_296' title='bbox 1008 2628 1092 2684; x_wconf 86' lang='grc' dir='ltr'><em>τὴν</em></span> <span class='ocrx_word' id='word_1_297' title='bbox 1118 2629 1321 2673; x_wconf 70' lang='lat' dir='ltr'>Sinbenis</span> <span class='ocrx_word' id='word_1_298' title='bbox 1446 2633 1498 2671; x_wconf 80' lang='lat'><em>12</em></span> <span class='ocrx_word' id='word_1_299' title='bbox 1532 2625 1577 2672; x_wconf 78' lang='grc' dir='ltr'><em>δ’</em></span> <span class='ocrx_word' id='word_1_300' title='bbox 1598 2628 1666 2670; x_wconf 82' lang='lat' dir='ltr'><em>Re</em></span> <span class='ocrx_word' id='word_1_301' title='bbox 1694 2627 1700 2684; x_wconf 98' lang='grc' dir='ltr'>Ι</span> <span class='ocrx_word' id='word_1_302' title='bbox 1728 2627 1896 2670; x_wconf 81' lang='grc' dir='ltr'><em>αὐταῖν</em></span> 
     </span>
     <span class='ocr_line' id='line_1_37' title="bbox 215 2685 1836 2742; baseline -0.002 -12"><span class='ocrx_word' id='word_1_303' title='bbox 215 2688 262 2731; x_wconf 90' lang='grc' dir='ltr'><strong><em>Ρ</em></strong></span> <span class='ocrx_word' id='word_1_304' title='bbox 288 2688 371 2731; x_wconf 83' lang='lat' dir='ltr'><em>sed</em></span> <span class='ocrx_word' id='word_1_305' title='bbox 401 2705 427 2730; x_wconf 85' lang='grc' dir='ltr'><em>ν</em></span> <span class='ocrx_word' id='word_1_306' title='bbox 458 2689 508 2731; x_wconf 91' lang='lat' dir='ltr'><em>in</em></span> <span class='ocrx_word' id='word_1_307' title='bbox 538 2702 613 2732; x_wconf 84' lang='lat' dir='ltr'><em>ras</em></span> <span class='ocrx_word' id='word_1_308' title='bbox 644 2688 715 2732; x_wconf 79' lang='lat' dir='ltr'><em>m⁸</em></span> <span class='ocrx_word' id='word_1_309' title='bbox 781 2688 935 2731; x_wconf 82' lang='grc' dir='ltr'><em>αὐτῶν</em></span> <span class='ocrx_word' id='word_1_310' title='bbox 963 2688 1001 2732; x_wconf 79' lang='lat'><em>0</em></span> <span class='ocrx_word' id='word_1_311' title='bbox 1018 2687 1119 2731; x_wconf 87' lang='lat' dir='ltr'><em>Mor</em></span> <span class='ocrx_word' id='word_1_312' title='bbox 1142 2688 1208 2731; x_wconf 79' lang='lat' dir='ltr'><em>Re</em></span> <span class='ocrx_word' id='word_1_313' title='bbox 1332 2692 1385 2731; x_wconf 85' lang='lat'><em>13</em></span> <span class='ocrx_word' id='word_1_314' title='bbox 1418 2686 1601 2742; x_wconf 82' lang='grc' dir='ltr'><em>μακρὰν</em></span> <span class='ocrx_word' id='word_1_315' title='bbox 1633 2685 1737 2729; x_wconf 86' lang='lat' dir='ltr'><strong>coni</strong></span> <span class='ocrx_word' id='word_1_316' title='bbox 1768 2685 1836 2728; x_wconf 78' lang='lat' dir='ltr'><em>Re</em></span> 
     </span>
     <span class='ocr_line' id='line_1_38' title="bbox 217 2742 1897 2804; baseline -0.001 -16"><span class='ocrx_word' id='word_1_317' title='bbox 217 2750 271 2788; x_wconf 81' lang='lat'><em>17</em></span> <span class='ocrx_word' id='word_1_318' title='bbox 297 2746 578 2791; x_wconf 83' lang='grc' dir='ltr'><em>ἀναπλέουσι</em></span> <span class='ocrx_word' id='word_1_319' title='bbox 595 2748 718 2791; x_wconf 80' lang='lat' dir='ltr'><strong>Fabr</strong></span> <span class='ocrx_word' id='word_1_320' title='bbox 841 2751 894 2789; x_wconf 88' lang='lat'><em>18</em></span> <span class='ocrx_word' id='word_1_321' title='bbox 918 2746 986 2804; x_wconf 82' lang='grc' dir='ltr'><em>τε]</em></span> <span class='ocrx_word' id='word_1_322' title='bbox 1011 2742 1068 2802; x_wconf 82' lang='grc' dir='ltr'><em>ἦν</em></span> <span class='ocrx_word' id='word_1_323' title='bbox 1089 2748 1132 2790; x_wconf 93' lang='lat' dir='ltr'>V</span> <span class='ocrx_word' id='word_1_324' title='bbox 1152 2751 1156 2801; x_wconf 82' lang='grc' dir='ltr'>Ι</span> <span class='ocrx_word' id='word_1_325' title='bbox 1185 2745 1320 2803; x_wconf 84' lang='grc' dir='ltr'><em>μέσαι</em></span> <span class='ocrx_word' id='word_1_326' title='bbox 1339 2747 1400 2789; x_wconf 90' lang='grc' dir='ltr'><strong>Μ</strong></span> <span class='ocrx_word' id='word_1_327' title='bbox 1412 2746 1480 2789; x_wconf 83' lang='lat' dir='ltr'><em>Re</em></span> <span class='ocrx_word' id='word_1_328' title='bbox 1541 2743 1704 2802; x_wconf 84' lang='grc' dir='ltr'><em>μέσαιν</em></span> <span class='ocrx_word' id='word_1_329' title='bbox 1726 2743 1897 2798; x_wconf 81' lang='lat' dir='ltr'>reliqui</span> 
     </span>
     <span class='ocr_line' id='line_1_39' title="bbox 214 2802 1896 2864; baseline -0.001 -17"><span class='ocrx_word' id='word_1_330' title='bbox 214 2804 324 2848; x_wconf 89' lang='lat' dir='ltr'>libri</span> <span class='ocrx_word' id='word_1_331' title='bbox 348 2806 446 2862; x_wconf 80' lang='lat' dir='ltr'>(sed</span> <span class='ocrx_word' id='word_1_332' title='bbox 470 2807 518 2848; x_wconf 87' lang='lat' dir='ltr'><em>in</em></span> <span class='ocrx_word' id='word_1_333' title='bbox 534 2808 570 2849; x_wconf 92' lang='lat' dir='ltr'>I</span> <span class='ocrx_word' id='word_1_334' title='bbox 587 2824 613 2851; x_wconf 82' lang='grc' dir='ltr'><em>ν</em></span> <span class='ocrx_word' id='word_1_335' title='bbox 638 2807 687 2850; x_wconf 89' lang='lat' dir='ltr'><em>in</em></span> <span class='ocrx_word' id='word_1_336' title='bbox 703 2820 778 2850; x_wconf 80' lang='lat' dir='ltr'><em>ras</em></span> <span class='ocrx_word' id='word_1_337' title='bbox 795 2805 880 2862; x_wconf 72' lang='grc' dir='ltr'><em>ω’)</em></span> <span class='ocrx_word' id='word_1_338' title='bbox 897 2805 998 2848; x_wconf 89' lang='lat' dir='ltr'><em>Mor</em></span> <span class='ocrx_word' id='word_1_339' title='bbox 1014 2805 1135 2848; x_wconf 85' lang='lat' dir='ltr'>Fabr</span> <span class='ocrx_word' id='word_1_340' title='bbox 1162 2806 1168 2864; x_wconf 89' lang='grc' dir='ltr'>Ι</span> <span class='ocrx_word' id='word_1_341' title='bbox 1195 2812 1287 2849; x_wconf 82' lang='grc' dir='ltr'><em>τῶν</em></span> <span class='ocrx_word' id='word_1_342' title='bbox 1303 2807 1337 2848; x_wconf 93' lang='grc' dir='ltr'><em>Ι</em></span> <span class='ocrx_word' id='word_1_343' title='bbox 1358 2807 1364 2861; x_wconf 88' lang='grc' dir='ltr'>Ι</span> <span class='ocrx_word' id='word_1_344' title='bbox 1392 2802 1570 2863; x_wconf 82' lang='grc' dir='ltr'><em>πόλεῳν</em></span> <span class='ocrx_word' id='word_1_345' title='bbox 1587 2804 1632 2848; x_wconf 88' lang='grc' dir='ltr'><strong><em>Ρ</em></strong></span> <span class='ocrx_word' id='word_1_346' title='bbox 1653 2803 1734 2846; x_wconf 81' lang='lat' dir='ltr'><em>sed</em></span> <span class='ocrx_word' id='word_1_347' title='bbox 1758 2819 1822 2861; x_wconf 85' lang='grc' dir='ltr'><em>ῳν</em></span> <span class='ocrx_word' id='word_1_348' title='bbox 1847 2803 1896 2845; x_wconf 90' lang='lat' dir='ltr'><em>in</em></span> 
     </span>
     <span class='ocr_line' id='line_1_40' title="bbox 214 2863 1899 2919; baseline -0.001 -13"><span class='ocrx_word' id='word_1_349' title='bbox 214 2877 289 2907; x_wconf 82' lang='lat' dir='ltr'><em>ras</em></span> <span class='ocrx_word' id='word_1_350' title='bbox 298 2864 367 2907; x_wconf 79' lang='lat'><em>111⁸</em></span> <span class='ocrx_word' id='word_1_351' title='bbox 414 2863 591 2908; x_wconf 83' lang='grc' dir='ltr'><em>πόλεων</em></span> <span class='ocrx_word' id='word_1_352' title='bbox 604 2867 760 2910; x_wconf 85' lang='lat' dir='ltr'>CMoI</span> <span class='ocrx_word' id='word_1_353' title='bbox 765 2865 809 2910; x_wconf 90' lang='lat' dir='ltr'><strong><em>U</em></strong></span> <span class='ocrx_word' id='word_1_354' title='bbox 814 2864 916 2908; x_wconf 85' lang='lat' dir='ltr'><em>Mor</em></span> <span class='ocrx_word' id='word_1_355' title='bbox 924 2864 991 2907; x_wconf 82' lang='lat' dir='ltr'><em>Re</em></span> <span class='ocrx_word' id='word_1_356' title='bbox 1053 2863 1294 2908; x_wconf 80' lang='grc' dir='ltr'><em>πόλεοινΒ</em></span> <span class='ocrx_word' id='word_1_357' title='bbox 1306 2865 1419 2908; x_wconf 89' lang='lat' dir='ltr'><em>VLa</em></span> <span class='ocrx_word' id='word_1_358' title='bbox 1427 2863 1548 2907; x_wconf 83' lang='lat' dir='ltr'>Fabr</span> <span class='ocrx_word' id='word_1_359' title='bbox 1564 2865 1612 2906; x_wconf 71' lang='lat' dir='ltr'><em>et</em></span> <span class='ocrx_word' id='word_1_360' title='bbox 1628 2879 1682 2919; x_wconf 76' lang='grc' dir='ltr'><em>γρ</em></span> <span class='ocrx_word' id='word_1_361' title='bbox 1699 2863 1748 2905; x_wconf 90' lang='lat' dir='ltr'><em>in</em></span> <span class='ocrx_word' id='word_1_362' title='bbox 1764 2874 1899 2918; x_wconf 86' lang='lat' dir='ltr'>marg</span> 
     </span>
     <span class='ocr_line' id='line_1_41' title="bbox 215 2920 1897 2981; baseline -0.001 -16"><span class='ocrx_word' id='word_1_363' title='bbox 215 2921 316 2966; x_wconf 88' lang='lat' dir='ltr'><em>Mor</em></span> <span class='ocrx_word' id='word_1_364' title='bbox 343 2925 348 2979; x_wconf 96' lang='grc' dir='ltr'>Ι</span> <span class='ocrx_word' id='word_1_365' title='bbox 378 2922 573 2981; x_wconf 80' lang='grc' dir='ltr'><em>ἐγίνοντ’</em></span> <span class='ocrx_word' id='word_1_366' title='bbox 597 2926 642 2969; x_wconf 90' lang='lat' dir='ltr'>V</span> <span class='ocrx_word' id='word_1_367' title='bbox 681 2920 925 2981; x_wconf 83' lang='grc' dir='ltr'><em>ἐγίγνοιντ’</em></span> <span class='ocrx_word' id='word_1_368' title='bbox 940 2923 1028 2967; x_wconf 88' lang='grc' dir='ltr'><em>ΙΜ</em></span> <span class='ocrx_word' id='word_1_369' title='bbox 1044 2923 1378 2980; x_wconf 74' lang='lat' dir='ltr'><strong>sedinhoct(2)</strong></span> <span class='ocrx_word' id='word_1_370' title='bbox 1389 2934 1489 2966; x_wconf 76' lang='lat' dir='ltr'><strong>eras</strong></span> <span class='ocrx_word' id='word_1_371' title='bbox 1577 2925 1629 2964; x_wconf 88' lang='grc'><em>19</em></span> <span class='ocrx_word' id='word_1_372' title='bbox 1648 2920 1804 2964; x_wconf 75' lang='grc' dir='ltr'><em>ἔλυσεν</em></span> <span class='ocrx_word' id='word_1_373' title='bbox 1821 2921 1897 2964; x_wconf 85' lang='lat' dir='ltr'><em>La</em></span> 
     </span>
    </p>
   </div>
  </div>
 </body>
</html>
