<?xml version="1.0" encoding="UTF-8"?>
<!DOCTYPE html PUBLIC "-//W3C//DTD XHTML 1.0 Transitional//EN"
    "http://www.w3.org/TR/xhtml1/DTD/xhtml1-transitional.dtd">
<html xmlns="http://www.w3.org/1999/xhtml" xml:lang="en" lang="en">
 <head>
  <title>
</title>
<meta http-equiv="Content-Type" content="text/html;charset=utf-8" />
  <meta name='ocr-system' content='tesseract 3.04.00' />
  <meta name='ocr-capabilities' content='ocr_page ocr_carea ocr_par ocr_line ocrx_word'/>
</head>
<body>
  <div class='ocr_page' id='page_1' title='image "./operarecensuitri02libauoft_0344.png"; bbox 0 0 2060 3162; ppageno 0'>
   <div class='ocr_carea' id='block_1_1' title="bbox 199 168 1380 222">
    <p class='ocr_par' dir='ltr' id='par_1_1' title="bbox 199 168 1380 222">
     <span class='ocr_line' id='line_1_1' title="bbox 199 168 1380 222; baseline -0.008 0"><span class='ocrx_word' id='word_1_1' title='bbox 199 169 307 222; x_wconf 85' lang='lat'><strong><em>334</em></strong></span> <span class='ocrx_word' id='word_1_2' title='bbox 719 169 944 212; x_wconf 86' lang='lat' dir='ltr'><strong>LIBANH</strong></span> <span class='ocrx_word' id='word_1_3' title='bbox 976 168 1198 213; x_wconf 79' lang='lat' dir='ltr'><strong>ORATIO</strong></span> <span class='ocrx_word' id='word_1_4' title='bbox 1231 169 1380 214; x_wconf 78' lang='lat' dir='ltr'><strong>XVIII</strong></span> 
     </span>
    </p>
   </div>
   <div class='ocr_carea' id='block_1_2' title="bbox 49 302 1883 1974">
    <p class='ocr_par' dir='ltr' id='par_1_2' title="bbox 49 302 1883 1974">
     <span class='ocr_line' id='line_1_2' title="bbox 195 302 1883 376; baseline 0.002 -19"><span class='ocrx_word' id='word_1_5' title='bbox 195 302 309 358; x_wconf 76' lang='grc' dir='ltr'><strong><em>ἔστι</em></strong></span> <span class='ocrx_word' id='word_1_6' title='bbox 366 305 426 357; x_wconf 79' lang='grc' dir='ltr'><strong><em>δὲ</em></strong></span> <span class='ocrx_word' id='word_1_7' title='bbox 487 304 583 366; x_wconf 83' lang='grc' dir='ltr'><strong><em>οὓς</em></strong></span> <span class='ocrx_word' id='word_1_8' title='bbox 644 302 733 356; x_wconf 82' lang='grc' dir='ltr'><strong><em>καὶ</em></strong></span> <span class='ocrx_word' id='word_1_9' title='bbox 796 305 1203 375; x_wconf 88' lang='grc' dir='ltr'><strong><em>ὑπεραίροντος.</em></strong></span> <span class='ocrx_word' id='word_1_10' title='bbox 1281 305 1431 374; x_wconf 77' lang='grc' dir='ltr'><strong><em>ἀγὼν</em></strong></span> <span class='ocrx_word' id='word_1_11' title='bbox 1493 302 1596 359; x_wconf 81' lang='grc' dir='ltr'><strong><em>οὖν</em></strong></span> <span class='ocrx_word' id='word_1_12' title='bbox 1657 308 1883 376; x_wconf 82' lang='grc' dir='ltr'><em>ἔσχατος</em></span> 
     </span>
     <span class='ocr_line' id='line_1_3' title="bbox 195 391 1878 464; baseline 0.002 -19"><span class='ocrx_word' id='word_1_13' title='bbox 195 394 363 446; x_wconf 92' lang='grc' dir='ltr'><strong><em>αὑτόν</em></strong></span> <span class='ocrx_word' id='word_1_14' title='bbox 408 412 465 445; x_wconf 89' lang='grc' dir='ltr'><strong><em>τε</em></strong></span> <span class='ocrx_word' id='word_1_15' title='bbox 513 402 686 446; x_wconf 85' lang='grc' dir='ltr'><strong><em>σῶσαι</em></strong></span> <span class='ocrx_word' id='word_1_16' title='bbox 739 391 830 445; x_wconf 85' lang='grc' dir='ltr'><strong><em>καὶ</em></strong></span> <span class='ocrx_word' id='word_1_17' title='bbox 878 393 1017 446; x_wconf 84' lang='grc' dir='ltr'><strong><em>ὅπλα</em></strong></span> <span class='ocrx_word' id='word_1_18' title='bbox 1067 392 1158 446; x_wconf 80' lang='grc' dir='ltr'><strong><em>καὶ</em></strong></span> <span class='ocrx_word' id='word_1_19' title='bbox 1196 395 1411 463; x_wconf 84' lang='grc' dir='ltr'><strong><em>τροφὴν</em></strong></span> <span class='ocrx_word' id='word_1_20' title='bbox 1459 396 1551 448; x_wconf 82' lang='grc' dir='ltr'><strong><em>καὶ</em></strong></span> <span class='ocrx_word' id='word_1_21' title='bbox 1596 395 1878 464; x_wconf 80' lang='grc' dir='ltr'><strong><em>ὑποζύγια.</em></strong></span> 
     </span>
     <span class='ocr_line' id='line_1_4' title="bbox 195 471 1876 553; baseline 0.002 -20"><span class='ocrx_word' id='word_1_22' title='bbox 195 482 315 533; x_wconf 81' lang='lat'><strong>224.</strong></span> <span class='ocrx_word' id='word_1_23' title='bbox 378 482 468 534; x_wconf 84' lang='grc' dir='ltr'><strong><em>καὶ</em></strong></span> <span class='ocrx_word' id='word_1_24' title='bbox 521 471 635 544; x_wconf 87' lang='grc' dir='ltr'><strong><em>τοῖς</em></strong></span> <span class='ocrx_word' id='word_1_25' title='bbox 695 482 797 550; x_wconf 82' lang='grc' dir='ltr'><strong><em>μὲν</em></strong></span> <span class='ocrx_word' id='word_1_26' title='bbox 851 481 1229 549; x_wconf 81' lang='grc' dir='ltr'><strong><em>ἐπισταμένοις</em></strong></span> <span class='ocrx_word' id='word_1_27' title='bbox 1286 491 1407 536; x_wconf 83' lang='grc' dir='ltr'><em>νεῖν</em></span> <span class='ocrx_word' id='word_1_28' title='bbox 1458 484 1669 552; x_wconf 81' lang='grc' dir='ltr'><strong><em>βοηθὸς</em></strong></span> <span class='ocrx_word' id='word_1_29' title='bbox 1720 481 1790 552; x_wconf 76' lang='grc' dir='ltr'><strong><em>ἦν</em></strong></span> <span class='ocrx_word' id='word_1_30' title='bbox 1842 485 1876 553; x_wconf 81' lang='grc' dir='ltr'><em>ἡ</em></span> 
     </span>
     <span class='ocr_line' id='line_1_5' title="bbox 191 569 1876 641; baseline 0.002 -18"><span class='ocrx_word' id='word_1_31' title='bbox 191 570 378 639; x_wconf 82' lang='grc' dir='ltr'><strong><em>τέχνη,</em></strong></span> <span class='ocrx_word' id='word_1_32' title='bbox 428 579 544 633; x_wconf 90' lang='grc' dir='ltr'><strong><em>τοῖς</em></strong></span> <span class='ocrx_word' id='word_1_33' title='bbox 584 569 633 623; x_wconf 82' lang='grc' dir='ltr'><strong><em>δ’</em></strong></span> <span class='ocrx_word' id='word_1_34' title='bbox 665 569 1039 641; x_wconf 80' lang='grc' dir='ltr'><strong><em>ἀπειροτέροις</em></strong></span> <span class='ocrx_word' id='word_1_35' title='bbox 1084 574 1282 640; x_wconf 81' lang='grc' dir='ltr'><strong><em>μείζων</em></strong></span> <span class='ocrx_word' id='word_1_36' title='bbox 1327 571 1356 625; x_wconf 87' lang='grc' dir='ltr'>ὁ</span> <span class='ocrx_word' id='word_1_37' title='bbox 1395 574 1576 635; x_wconf 91' lang='grc' dir='ltr'><strong><em>πόνος.</em></strong></span> <span class='ocrx_word' id='word_1_38' title='bbox 1654 572 1792 625; x_wconf 81' lang='grc' dir='ltr'><strong><em>ὥσθ’</em></strong></span> <span class='ocrx_word' id='word_1_39' title='bbox 1824 575 1876 626; x_wconf 83' lang='grc' dir='ltr'><strong><em>οἱ</em></strong></span> 
     </span>
     <span class='ocr_line' id='line_1_6' title="bbox 147 656 1875 729; baseline 0.002 -18"><span class='ocrx_word' id='word_1_40' title='bbox 147 681 165 712; x_wconf 84' lang='lat'><strong>5</strong></span> <span class='ocrx_word' id='word_1_41' title='bbox 190 656 292 728; x_wconf 74' lang='grc' dir='ltr'><strong><em>μὲν</em></strong></span> <span class='ocrx_word' id='word_1_42' title='bbox 331 658 660 728; x_wconf 75' lang='grc' dir='ltr'><strong><em>ἐγεφύρουν,</em></strong></span> <span class='ocrx_word' id='word_1_43' title='bbox 709 660 761 711; x_wconf 81' lang='grc' dir='ltr'><strong><em>οἱ</em></strong></span> <span class='ocrx_word' id='word_1_44' title='bbox 801 658 850 711; x_wconf 85' lang='grc' dir='ltr'><strong><em>δ’</em></strong></span> <span class='ocrx_word' id='word_1_45' title='bbox 881 658 1003 712; x_wconf 79' lang='grc' dir='ltr'><strong><em>ἀντὶ</em></strong></span> <span class='ocrx_word' id='word_1_46' title='bbox 1049 667 1149 712; x_wconf 87' lang='grc' dir='ltr'><strong><em>τοῦ</em></strong></span> <span class='ocrx_word' id='word_1_47' title='bbox 1195 659 1414 727; x_wconf 82' lang='grc' dir='ltr'><strong><em>μέλλειν</em></strong></span> <span class='ocrx_word' id='word_1_48' title='bbox 1454 659 1707 729; x_wconf 90' lang='grc' dir='ltr'><strong><em>ἐτόλμων.</em></strong></span> <span class='ocrx_word' id='word_1_49' title='bbox 1785 661 1875 715; x_wconf 84' lang='grc' dir='ltr'><strong><em>καὶ</em></strong></span> 
     </span>
     <span class='ocr_line' id='line_1_7' title="bbox 190 744 1875 817; baseline 0.002 -17"><span class='ocrx_word' id='word_1_50' title='bbox 190 756 303 810; x_wconf 91' lang='grc' dir='ltr'><strong><em>τοῖς</em></strong></span> <span class='ocrx_word' id='word_1_51' title='bbox 352 744 453 816; x_wconf 75' lang='grc' dir='ltr'><strong><em>μὲν</em></strong></span> <span class='ocrx_word' id='word_1_52' title='bbox 500 746 778 817; x_wconf 77' lang='grc' dir='ltr'><strong><em>δι’ὅχθης</em></strong></span> <span class='ocrx_word' id='word_1_53' title='bbox 827 748 1040 817; x_wconf 82' lang='grc' dir='ltr'><strong><em>ὑψηλῆς</em></strong></span> <span class='ocrx_word' id='word_1_54' title='bbox 1085 767 1143 801; x_wconf 89' lang='grc' dir='ltr'><strong><em>τε</em></strong></span> <span class='ocrx_word' id='word_1_55' title='bbox 1192 749 1282 802; x_wconf 80' lang='grc' dir='ltr'><strong><em>καὶ</em></strong></span> <span class='ocrx_word' id='word_1_56' title='bbox 1336 757 1527 817; x_wconf 79' lang='grc' dir='ltr'><strong><em>στενῆς</em></strong></span> <span class='ocrx_word' id='word_1_57' title='bbox 1577 749 1875 803; x_wconf 85' lang='grc' dir='ltr'><strong><em>ἐλαύνουσι</em></strong></span> 
     </span>
     <span class='ocr_line' id='line_1_8' title="bbox 189 835 1875 908; baseline 0.002 -20"><span class='ocrx_word' id='word_1_58' title='bbox 189 838 249 888; x_wconf 91' lang='grc' dir='ltr'><strong><em>τὸ</em></strong></span> <span class='ocrx_word' id='word_1_59' title='bbox 290 838 361 905; x_wconf 84' lang='grc' dir='ltr'><strong><em>μὴ</em></strong></span> <span class='ocrx_word' id='word_1_60' title='bbox 400 839 670 905; x_wconf 80' lang='grc' dir='ltr'><strong><em>βραχῆναι</em></strong></span> <span class='ocrx_word' id='word_1_61' title='bbox 708 836 940 906; x_wconf 80' lang='grc' dir='ltr'><strong><em>ὑπῆρχε,</em></strong></span> <span class='ocrx_word' id='word_1_62' title='bbox 993 838 1271 907; x_wconf 86' lang='grc' dir='ltr'><strong><em>σφαλερὸν</em></strong></span> <span class='ocrx_word' id='word_1_63' title='bbox 1321 835 1380 890; x_wconf 79' lang='grc' dir='ltr'><strong><em>δὲ</em></strong></span> <span class='ocrx_word' id='word_1_64' title='bbox 1419 837 1452 906; x_wconf 82' lang='grc' dir='ltr'>ἡ</span> <span class='ocrx_word' id='word_1_65' title='bbox 1493 841 1772 908; x_wconf 77' lang='grc' dir='ltr'><strong><em>στενότης,</em></strong></span> <span class='ocrx_word' id='word_1_66' title='bbox 1822 840 1875 891; x_wconf 81' lang='grc' dir='ltr'><strong><em>οἱ</em></strong></span> 
     </span>
     <span class='ocr_line' id='line_1_9' title="bbox 189 923 1875 996; baseline 0.001 -18"><span class='ocrx_word' id='word_1_67' title='bbox 189 923 236 978; x_wconf 87' lang='grc' dir='ltr'><strong><em>δ’</em></strong></span> <span class='ocrx_word' id='word_1_68' title='bbox 270 924 446 978; x_wconf 85' lang='grc' dir='ltr'><strong><em>ἐκεῖνο</em></strong></span> <span class='ocrx_word' id='word_1_69' title='bbox 487 926 788 994; x_wconf 81' lang='grc' dir='ltr'><strong><em>φεύγοντες</em></strong></span> <span class='ocrx_word' id='word_1_70' title='bbox 834 925 895 979; x_wconf 86' lang='grc' dir='ltr'><strong><em>ἐν</em></strong></span> <span class='ocrx_word' id='word_1_71' title='bbox 933 934 1047 988; x_wconf 85' lang='grc' dir='ltr'><strong><em>τοῖς</em></strong></span> <span class='ocrx_word' id='word_1_72' title='bbox 1093 926 1296 979; x_wconf 81' lang='grc' dir='ltr'><strong><em>ὕδασιν</em></strong></span> <span class='ocrx_word' id='word_1_73' title='bbox 1339 926 1604 996; x_wconf 82' lang='grc' dir='ltr'><strong><em>ὠχοῦντο,</em></strong></span> <span class='ocrx_word' id='word_1_74' title='bbox 1651 927 1741 979; x_wconf 82' lang='grc' dir='ltr'><strong><em>καὶ</em></strong></span> <span class='ocrx_word' id='word_1_75' title='bbox 1789 929 1875 980; x_wconf 86' lang='grc' dir='ltr'><strong><em>δε-</em></strong></span> 
     </span>
     <span class='ocr_line' id='line_1_10' title="bbox 190 1015 1876 1084; baseline 0.001 -18"><span class='ocrx_word' id='word_1_76' title='bbox 190 1016 357 1084; x_wconf 86' lang='grc' dir='ltr'><strong><em>σπότῃ</em></strong></span> <span class='ocrx_word' id='word_1_77' title='bbox 396 1033 454 1066; x_wconf 92' lang='grc' dir='ltr'><strong><em>τε</em></strong></span> <span class='ocrx_word' id='word_1_78' title='bbox 493 1015 695 1076; x_wconf 88' lang='grc' dir='ltr'><strong><em>δοῦλος</em></strong></span> <span class='ocrx_word' id='word_1_79' title='bbox 734 1023 887 1084; x_wconf 86' lang='grc' dir='ltr'><strong><em>χεῖρα</em></strong></span> <span class='ocrx_word' id='word_1_80' title='bbox 927 1015 1097 1084; x_wconf 75' lang='grc' dir='ltr'><strong><em>ὤρεγε</em></strong></span> <span class='ocrx_word' id='word_1_81' title='bbox 1143 1015 1233 1068; x_wconf 83' lang='grc' dir='ltr'><strong><em>καὶ</em></strong></span> <span class='ocrx_word' id='word_1_82' title='bbox 1273 1016 1479 1068; x_wconf 87' lang='grc' dir='ltr'><strong><em>δοῦλον</em></strong></span> <span class='ocrx_word' id='word_1_83' title='bbox 1526 1015 1554 1068; x_wconf 90' lang='grc' dir='ltr'>ὁ</span> <span class='ocrx_word' id='word_1_84' title='bbox 1607 1016 1876 1084; x_wconf 78' lang='grc' dir='ltr'><strong><em>δεσπότης</em></strong></span> 
     </span>
     <span class='ocr_line' id='line_1_11' title="bbox 122 1101 1873 1173; baseline -0.001 -17"><span class='ocrx_word' id='word_1_85' title='bbox 122 1125 163 1156; x_wconf 82' lang='grc' dir='ltr'><strong><em>1ο</em></strong></span> <span class='ocrx_word' id='word_1_86' title='bbox 189 1101 409 1155; x_wconf 83' lang='grc' dir='ltr'><strong><em>ἀνέσπα.</em></strong></span> <span class='ocrx_word' id='word_1_87' title='bbox 486 1103 608 1154; x_wconf 76' lang='grc'>225.</span> <span class='ocrx_word' id='word_1_88' title='bbox 649 1101 740 1155; x_wconf 86' lang='grc' dir='ltr'><strong><em>καὶ</em></strong></span> <span class='ocrx_word' id='word_1_89' title='bbox 782 1105 874 1156; x_wconf 78' lang='grc' dir='ltr'><strong><em>διὰ</em></strong></span> <span class='ocrx_word' id='word_1_90' title='bbox 912 1105 1194 1157; x_wconf 86' lang='grc' dir='ltr'><strong><em>τοσούτων</em></strong></span> <span class='ocrx_word' id='word_1_91' title='bbox 1233 1123 1295 1172; x_wconf 74' lang='grc' dir='ltr'><strong><em>γε</em></strong></span> <span class='ocrx_word' id='word_1_92' title='bbox 1330 1105 1722 1173; x_wconf 82' lang='grc' dir='ltr'><strong><em>περαιούμενοι</em></strong></span> <span class='ocrx_word' id='word_1_93' title='bbox 1762 1112 1873 1156; x_wconf 85' lang='grc' dir='ltr'><strong><em>τῶν</em></strong></span> 
     </span>
     <span class='ocr_line' id='line_1_12' title="bbox 187 1189 1872 1262; baseline 0.001 -18"><span class='ocrx_word' id='word_1_94' title='bbox 187 1193 387 1244; x_wconf 81' lang='grc' dir='ltr'><strong><em>δεινῶν</em></strong></span> <span class='ocrx_word' id='word_1_95' title='bbox 430 1191 532 1244; x_wconf 90' lang='grc' dir='ltr'><strong><em>οὐκ</em></strong></span> <span class='ocrx_word' id='word_1_96' title='bbox 582 1189 828 1262; x_wconf 69' lang='grc' dir='ltr'><strong><em>ᾤμωξαν,</em></strong></span> <span class='ocrx_word' id='word_1_97' title='bbox 884 1191 986 1244; x_wconf 86' lang='grc' dir='ltr'><strong><em>οὐκ</em></strong></span> <span class='ocrx_word' id='word_1_98' title='bbox 1033 1190 1359 1262; x_wconf 77' lang='grc' dir='ltr'><strong><em>ἐδάκρυσαν,</em></strong></span> <span class='ocrx_word' id='word_1_99' title='bbox 1416 1193 1517 1246; x_wconf 83' lang='grc' dir='ltr'><strong><em>οὐκ</em></strong></span> <span class='ocrx_word' id='word_1_100' title='bbox 1566 1191 1872 1261; x_wconf 81' lang='grc' dir='ltr'><strong><em>ἐμέμψαντο</em></strong></span> 
     </span>
     <span class='ocr_line' id='line_1_13' title="bbox 186 1280 1875 1351; baseline 0.001 -19"><span class='ocrx_word' id='word_1_101' title='bbox 186 1282 285 1349; x_wconf 86' lang='grc' dir='ltr'><strong><em>τὴν</em></strong></span> <span class='ocrx_word' id='word_1_102' title='bbox 331 1283 637 1350; x_wconf 88' lang='grc' dir='ltr'><strong><em>στρατείαν,</em></strong></span> <span class='ocrx_word' id='word_1_103' title='bbox 690 1280 757 1333; x_wconf 89' lang='grc' dir='ltr'><strong><em>οὐ</em></strong></span> <span class='ocrx_word' id='word_1_104' title='bbox 807 1281 950 1350; x_wconf 80' lang='grc' dir='ltr'><strong><em>ῥῆμα</em></strong></span> <span class='ocrx_word' id='word_1_105' title='bbox 998 1280 1310 1350; x_wconf 81' lang='grc' dir='ltr'><strong><em>ἀπέρριψαν</em></strong></span> <span class='ocrx_word' id='word_1_106' title='bbox 1355 1284 1571 1350; x_wconf 92' lang='grc' dir='ltr'><strong><em>πικρόν,</em></strong></span> <span class='ocrx_word' id='word_1_107' title='bbox 1624 1281 1691 1334; x_wconf 90' lang='grc' dir='ltr'><strong><em>οὐ</em></strong></span> <span class='ocrx_word' id='word_1_108' title='bbox 1738 1282 1875 1351; x_wconf 91' lang='grc' dir='ltr'><strong><em>πρὸς</em></strong></span> 
     </span>
     <span class='ocr_line' id='line_1_14' title="bbox 185 1368 1875 1439; baseline 0.001 -18"><span class='ocrx_word' id='word_1_109' title='bbox 185 1370 387 1431; x_wconf 87' lang='grc' dir='ltr'><strong><em>αὑτοὺς</em></strong></span> <span class='ocrx_word' id='word_1_110' title='bbox 417 1368 732 1438; x_wconf 83' lang='grc' dir='ltr'><strong><em>ἐνενόησαν,</em></strong></span> <span class='ocrx_word' id='word_1_111' title='bbox 771 1368 889 1421; x_wconf 80' lang='grc' dir='ltr'><strong><em>ἀλλ’</em></strong></span> <span class='ocrx_word' id='word_1_112' title='bbox 914 1371 1097 1439; x_wconf 81' lang='grc' dir='ltr'><strong><em>ὥσπερ</em></strong></span> <span class='ocrx_word' id='word_1_113' title='bbox 1135 1370 1227 1422; x_wconf 82' lang='grc' dir='ltr'><strong><em>διὰ</em></strong></span> <span class='ocrx_word' id='word_1_114' title='bbox 1258 1379 1370 1422; x_wconf 85' lang='grc' dir='ltr'><strong><em>τῶν</em></strong></span> <span class='ocrx_word' id='word_1_115' title='bbox 1395 1369 1652 1422; x_wconf 82' lang='grc' dir='ltr'><strong><em>Ἀλκίνου</em></strong></span> <span class='ocrx_word' id='word_1_116' title='bbox 1685 1373 1875 1439; x_wconf 81' lang='grc' dir='ltr'><strong><em>κήπων</em></strong></span> 
     </span>
     <span class='ocr_line' id='line_1_15' title="bbox 186 1455 1875 1528; baseline 0.001 -18"><span class='ocrx_word' id='word_1_117' title='bbox 186 1459 358 1520; x_wconf 80' lang='grc' dir='ltr'><strong><em>ἰόντες</em></strong></span> <span class='ocrx_word' id='word_1_118' title='bbox 397 1458 571 1521; x_wconf 79' lang='grc' dir='ltr'><strong><em>οὕτως</em></strong></span> <span class='ocrx_word' id='word_1_119' title='bbox 609 1459 812 1526; x_wconf 76' lang='grc' dir='ltr'><strong><em>ἥδοντο</em></strong></span> <span class='ocrx_word' id='word_1_120' title='bbox 851 1466 966 1521; x_wconf 87' lang='grc' dir='ltr'><strong><em>τοῖς</em></strong></span> <span class='ocrx_word' id='word_1_121' title='bbox 1004 1466 1282 1528; x_wconf 90' lang='grc' dir='ltr'><strong><em>παροῦσιν</em></strong></span> <span class='ocrx_word' id='word_1_122' title='bbox 1322 1457 1542 1521; x_wconf 81' lang='grc' dir='ltr'><strong><em>ἐλπίδος</em></strong></span> <span class='ocrx_word' id='word_1_123' title='bbox 1580 1478 1663 1526; x_wconf 89' lang='grc' dir='ltr'><strong><em>τε,</em></strong></span> <span class='ocrx_word' id='word_1_124' title='bbox 1703 1455 1875 1527; x_wconf 81' lang='grc' dir='ltr'><strong><em>οἶμαι,</em></strong></span> 
     </span>
     <span class='ocr_line' id='line_1_16' title="bbox 49 1546 1873 1617; baseline -0.001 -16"><span class='ocrx_word' id='word_1_125' title='bbox 49 1576 52 1579; x_wconf 56' lang='lat'><em>&gt;</em></span> <span class='ocrx_word' id='word_1_126' title='bbox 94 1558 240 1602; x_wconf 85' lang='lat' dir='ltr'>R598</span> <span class='ocrx_word' id='word_1_127' title='bbox 283 1547 288 1617; x_wconf 82' lang='grc'><strong><em>1</em></strong></span> <span class='ocrx_word' id='word_1_128' title='bbox 331 1549 613 1613; x_wconf 88' lang='grc' dir='ltr'><strong><em>βελτίονος</em></strong></span> <span class='ocrx_word' id='word_1_129' title='bbox 658 1547 905 1616; x_wconf 85' lang='grc' dir='ltr'><strong><em>ὑπούσης</em></strong></span> <span class='ocrx_word' id='word_1_130' title='bbox 949 1546 1041 1600; x_wconf 86' lang='grc' dir='ltr'><strong><em>καὶ</em></strong></span> <span class='ocrx_word' id='word_1_131' title='bbox 1094 1548 1203 1616; x_wconf 79' lang='grc' dir='ltr'><strong><em>ἅμα</em></strong></span> <span class='ocrx_word' id='word_1_132' title='bbox 1244 1555 1343 1600; x_wconf 87' lang='grc' dir='ltr'><strong><em>τοῦ</em></strong></span> <span class='ocrx_word' id='word_1_133' title='bbox 1390 1546 1656 1614; x_wconf 85' lang='grc' dir='ltr'><strong><em>βασιλέως</em></strong></span> <span class='ocrx_word' id='word_1_134' title='bbox 1701 1548 1873 1600; x_wconf 79' lang='grc' dir='ltr'><strong><em>ταύτὰ</em></strong></span> 
     </span>
     <span class='ocr_line' id='line_1_17' title="bbox 115 1635 1871 1709; baseline -0.001 -20"><span class='ocrx_word' id='word_1_135' title='bbox 115 1657 157 1689; x_wconf 79' lang='lat'><strong><em>16</em></strong></span> <span class='ocrx_word' id='word_1_136' title='bbox 181 1644 296 1697; x_wconf 89' lang='grc' dir='ltr'><strong><em>τοῖς</em></strong></span> <span class='ocrx_word' id='word_1_137' title='bbox 347 1639 573 1709; x_wconf 83' lang='grc' dir='ltr'><strong><em>πολλοῖς</em></strong></span> <span class='ocrx_word' id='word_1_138' title='bbox 623 1635 843 1699; x_wconf 78' lang='grc' dir='ltr'><strong><em>ἑκόντος</em></strong></span> <span class='ocrx_word' id='word_1_139' title='bbox 891 1640 1388 1706; x_wconf 82' lang='grc' dir='ltr'><strong><em>ταλαιπωροῦντος.</em></strong></span> <span class='ocrx_word' id='word_1_140' title='bbox 1467 1636 1588 1688; x_wconf 79' lang='lat'><strong>226.</strong></span> <span class='ocrx_word' id='word_1_141' title='bbox 1645 1636 1711 1688; x_wconf 88' lang='grc' dir='ltr'><strong><em>οὐ</em></strong></span> <span class='ocrx_word' id='word_1_142' title='bbox 1765 1637 1871 1706; x_wconf 77' lang='grc' dir='ltr'><strong><em>γὰρ</em></strong></span> 
     </span>
     <span class='ocr_line' id='line_1_18' title="bbox 181 1724 1868 1795; baseline 0.001 -19"><span class='ocrx_word' id='word_1_143' title='bbox 181 1732 296 1786; x_wconf 88' lang='grc' dir='ltr'><strong><em>ταῖς</em></strong></span> <span class='ocrx_word' id='word_1_144' title='bbox 327 1733 436 1777; x_wconf 82' lang='grc' dir='ltr'><strong><em>τῶν</em></strong></span> <span class='ocrx_word' id='word_1_145' title='bbox 468 1734 815 1794; x_wconf 86' lang='grc' dir='ltr'><strong><em>στρατιωτῶν</em></strong></span> <span class='ocrx_word' id='word_1_146' title='bbox 847 1724 1119 1787; x_wconf 86' lang='grc' dir='ltr'><strong><em>ἐπιτείνας</em></strong></span> <span class='ocrx_word' id='word_1_147' title='bbox 1151 1730 1414 1795; x_wconf 82' lang='grc' dir='ltr'><strong><em>κεφαλαῖς</em></strong></span> <span class='ocrx_word' id='word_1_148' title='bbox 1449 1725 1696 1793; x_wconf 90' lang='grc' dir='ltr'><strong><em>σανίδας,</em></strong></span> <span class='ocrx_word' id='word_1_149' title='bbox 1736 1725 1868 1795; x_wconf 82' lang='grc' dir='ltr'><strong><em>ὅπερ</em></strong></span> 
     </span>
     <span class='ocr_line' id='line_1_19' title="bbox 180 1810 1865 1882; baseline 0.001 -18"><span class='ocrx_word' id='word_1_150' title='bbox 180 1810 249 1864; x_wconf 75' lang='grc' dir='ltr'><strong><em>ἂν</em></strong></span> <span class='ocrx_word' id='word_1_151' title='bbox 287 1813 449 1875; x_wconf 80' lang='grc' dir='ltr'><strong><em>ἄλλος</em></strong></span> <span class='ocrx_word' id='word_1_152' title='bbox 490 1817 619 1875; x_wconf 79' lang='grc' dir='ltr'><strong><em>ἴσως</em></strong></span> <span class='ocrx_word' id='word_1_153' title='bbox 659 1812 930 1882; x_wconf 90' lang='grc' dir='ltr'><strong><em>ἐποίησεν,</em></strong></span> <span class='ocrx_word' id='word_1_154' title='bbox 978 1812 1224 1881; x_wconf 78' lang='grc' dir='ltr'><strong><em>ἐβάδιζεν</em></strong></span> <span class='ocrx_word' id='word_1_155' title='bbox 1272 1813 1486 1876; x_wconf 83' lang='grc' dir='ltr'><strong><em>ἀπόνως</em></strong></span> <span class='ocrx_word' id='word_1_156' title='bbox 1527 1813 1588 1866; x_wconf 86' lang='grc' dir='ltr'><strong><em>ἐν</em></strong></span> <span class='ocrx_word' id='word_1_157' title='bbox 1628 1821 1865 1865; x_wconf 86' lang='grc' dir='ltr'><strong><em>πονοῦσι</em></strong></span> 
     </span>
     <span class='ocr_line' id='line_1_20' title="bbox 179 1900 1867 1974; baseline 0.001 -21"><span class='ocrx_word' id='word_1_158' title='bbox 179 1902 370 1969; x_wconf 91' lang='grc' dir='ltr'><strong><em>μόνος,</em></strong></span> <span class='ocrx_word' id='word_1_159' title='bbox 425 1901 562 1954; x_wconf 81' lang='grc' dir='ltr'><strong><em>ἀλλὰ</em></strong></span> <span class='ocrx_word' id='word_1_160' title='bbox 616 1911 828 1971; x_wconf 84' lang='grc' dir='ltr'><strong><em>πρῶτος</em></strong></span> <span class='ocrx_word' id='word_1_161' title='bbox 873 1909 947 1974; x_wconf 80' lang='grc' dir='ltr'><strong><em>τῷ</em></strong></span> <span class='ocrx_word' id='word_1_162' title='bbox 994 1903 1202 1971; x_wconf 82' lang='grc' dir='ltr'><strong><em>σώματι</em></strong></span> <span class='ocrx_word' id='word_1_163' title='bbox 1251 1903 1430 1971; x_wconf 91' lang='grc' dir='ltr'><strong><em>πηλὸν</em></strong></span> <span class='ocrx_word' id='word_1_164' title='bbox 1476 1903 1566 1954; x_wconf 83' lang='grc' dir='ltr'><strong><em>καὶ</em></strong></span> <span class='ocrx_word' id='word_1_165' title='bbox 1608 1903 1732 1955; x_wconf 84' lang='grc' dir='ltr'><strong><em>ἰλὺν</em></strong></span> <span class='ocrx_word' id='word_1_166' title='bbox 1777 1900 1867 1954; x_wconf 86' lang='grc' dir='ltr'><strong><em>καὶ</em></strong></span> 
     </span>
    </p>
   </div>
   <div class='ocr_carea' id='block_1_3' title="bbox 185 2005 539 2013">
    <p class='ocr_par' dir='ltr' id='par_1_3' title="bbox 185 2005 539 2013">
     <span class='ocr_line' id='line_1_21' title="bbox 185 2005 539 2013; baseline 0 0"><span class='ocrx_word' id='word_1_167' title='bbox 185 2005 539 2013; x_wconf 95' lang='lat' dir='ltr'><strong><em> </em></strong></span> 
     </span>
    </p>
   </div>
   <div class='ocr_carea' id='block_1_4' title="bbox 214 2041 719 2117">
    <p class='ocr_par' dir='ltr' id='par_1_4' title="bbox 214 2041 719 2117">
     <span class='ocr_line' id='line_1_22' title="bbox 214 2041 719 2117; baseline 0.002 -13"><span class='ocrx_word' id='word_1_168' title='bbox 214 2041 216 2044; x_wconf 62' lang='grc'><strong>’</strong></span> <span class='ocrx_word' id='word_1_169' title='bbox 301 2066 353 2104; x_wconf 83' lang='grc'><strong><em>13</em></strong></span> <span class='ocrx_word' id='word_1_170' title='bbox 387 2060 469 2104; x_wconf 88' lang='lat' dir='ltr'><strong><em>Od.</em></strong></span> <span class='ocrx_word' id='word_1_171' title='bbox 496 2078 524 2117; x_wconf 85' lang='grc' dir='ltr'><strong><em>η</em></strong></span> <span class='ocrx_word' id='word_1_172' title='bbox 557 2066 719 2117; x_wconf 84' lang='lat' dir='ltr'><strong>114sq.</strong></span> 
     </span>
    </p>
   </div>
   <div class='ocr_carea' id='block_1_5' title="bbox 179 2154 532 2160">
    <p class='ocr_par' dir='ltr' id='par_1_5' title="bbox 179 2154 532 2160">
     <span class='ocr_line' id='line_1_23' title="bbox 179 2154 532 2160; baseline 0 0"><span class='ocrx_word' id='word_1_173' title='bbox 179 2154 532 2160; x_wconf 95' lang='lat' dir='ltr'><strong><em> </em></strong></span> 
     </span>
    </p>
   </div>
   <div class='ocr_carea' id='block_1_6' title="bbox 176 2206 1864 2384">
    <p class='ocr_par' dir='ltr' id='par_1_6' title="bbox 176 2206 1864 2384">
     <span class='ocr_line' id='line_1_24' title="bbox 298 2206 1858 2264; baseline -0.001 -13"><span class='ocrx_word' id='word_1_174' title='bbox 298 2214 322 2251; x_wconf 87' lang='lat'>2</span> <span class='ocrx_word' id='word_1_175' title='bbox 366 2206 508 2252; x_wconf 80' lang='grc' dir='ltr'><strong><em>αὐτόν</em></strong></span> <span class='ocrx_word' id='word_1_176' title='bbox 535 2210 618 2253; x_wconf 90' lang='lat' dir='ltr'><strong><em>Mo</em></strong></span> <span class='ocrx_word' id='word_1_177' title='bbox 800 2213 825 2250; x_wconf 89' lang='lat'><strong>3</strong></span> <span class='ocrx_word' id='word_1_178' title='bbox 858 2211 1071 2264; x_wconf 85' lang='grc' dir='ltr'><strong><em>πολεμεῖν</em></strong></span> <span class='ocrx_word' id='word_1_179' title='bbox 1098 2210 1172 2252; x_wconf 86' lang='lat' dir='ltr'><strong><em>La</em></strong></span> <span class='ocrx_word' id='word_1_180' title='bbox 1263 2216 1389 2252; x_wconf 89' lang='grc' dir='ltr'><strong><em>νοεῖν</em></strong></span> <span class='ocrx_word' id='word_1_181' title='bbox 1421 2209 1535 2261; x_wconf 78' lang='lat' dir='ltr'>Mor,</span> <span class='ocrx_word' id='word_1_182' title='bbox 1567 2208 1615 2250; x_wconf 90' lang='lat' dir='ltr'><strong><em>in</em></strong></span> <span class='ocrx_word' id='word_1_183' title='bbox 1640 2221 1773 2264; x_wconf 85' lang='lat' dir='ltr'>marg</span> <span class='ocrx_word' id='word_1_184' title='bbox 1804 2225 1858 2264; x_wconf 80' lang='grc' dir='ltr'><strong><em>γρ</em></strong></span> 
     </span>
     <span class='ocr_line' id='line_1_25' title="bbox 178 2264 1859 2327; baseline 0 -16"><span class='ocrx_word' id='word_1_185' title='bbox 178 2267 343 2323; x_wconf 77' lang='grc' dir='ltr'><strong><em>νήθειν</em></strong></span> <span class='ocrx_word' id='word_1_186' title='bbox 481 2272 505 2310; x_wconf 88' lang='lat'>5</span> <span class='ocrx_word' id='word_1_187' title='bbox 540 2264 633 2311; x_wconf 76' lang='grc' dir='ltr'><strong><em>οἵδ’</em></strong></span> <span class='ocrx_word' id='word_1_188' title='bbox 674 2268 862 2311; x_wconf 86' lang='lat' dir='ltr'><em>VMPB</em></span> <span class='ocrx_word' id='word_1_189' title='bbox 925 2266 969 2311; x_wconf 88' lang='grc' dir='ltr'><strong><em>οἳ</em></strong></span> <span class='ocrx_word' id='word_1_190' title='bbox 993 2264 1038 2310; x_wconf 82' lang='grc' dir='ltr'><strong><em>δ’</em></strong></span> <span class='ocrx_word' id='word_1_191' title='bbox 1071 2268 1154 2311; x_wconf 90' lang='lat' dir='ltr'><strong><em>Mo</em></strong></span> <span class='ocrx_word' id='word_1_192' title='bbox 1290 2273 1314 2311; x_wconf 89' lang='lat'>6</span> <span class='ocrx_word' id='word_1_193' title='bbox 1349 2267 1428 2312; x_wconf 80' lang='grc' dir='ltr'><strong><em>διὰ</em></strong></span> <span class='ocrx_word' id='word_1_194' title='bbox 1459 2273 1541 2323; x_wconf 85' lang='grc' dir='ltr'><strong><em>τῆς</em></strong></span> <span class='ocrx_word' id='word_1_195' title='bbox 1572 2266 1719 2324; x_wconf 81' lang='grc' dir='ltr'><strong><em>ὄχθης</em></strong></span> <span class='ocrx_word' id='word_1_196' title='bbox 1744 2268 1818 2311; x_wconf 88' lang='lat' dir='ltr'><strong><em>La</em></strong></span> <span class='ocrx_word' id='word_1_197' title='bbox 1854 2269 1859 2327; x_wconf 76' lang='grc' dir='ltr'>Ι</span> 
     </span>
     <span class='ocr_line' id='line_1_26' title="bbox 176 2325 1864 2384; baseline -0.001 -14"><span class='ocrx_word' id='word_1_198' title='bbox 176 2342 223 2370; x_wconf 88' lang='grc' dir='ltr'><strong><em>τε</em></strong></span> <span class='ocrx_word' id='word_1_199' title='bbox 255 2341 331 2371; x_wconf 86' lang='grc'>0111</span> <span class='ocrx_word' id='word_1_200' title='bbox 354 2326 455 2371; x_wconf 89' lang='lat' dir='ltr'><strong><em>Mor</em></strong></span> <span class='ocrx_word' id='word_1_201' title='bbox 470 2326 594 2370; x_wconf 84' lang='lat' dir='ltr'>Fabr</span> <span class='ocrx_word' id='word_1_202' title='bbox 620 2327 626 2384; x_wconf 71' lang='grc' dir='ltr'>Ι</span> <span class='ocrx_word' id='word_1_203' title='bbox 655 2325 927 2371; x_wconf 81' lang='grc' dir='ltr'><strong><em>ἐλαύνουσιν</em></strong></span> <span class='ocrx_word' id='word_1_204' title='bbox 945 2327 1018 2370; x_wconf 89' lang='lat' dir='ltr'><strong><em>La</em></strong></span> <span class='ocrx_word' id='word_1_205' title='bbox 1143 2331 1166 2369; x_wconf 81' lang='lat'><strong>7</strong></span> <span class='ocrx_word' id='word_1_206' title='bbox 1197 2343 1251 2383; x_wconf 67' lang='grc' dir='ltr'><strong><em>»γρ</em></strong></span> <span class='ocrx_word' id='word_1_207' title='bbox 1277 2326 1509 2384; x_wconf 79' lang='grc' dir='ltr'><strong><em>βραδύναι</em></strong></span> <span class='ocrx_word' id='word_1_208' title='bbox 1533 2327 1582 2369; x_wconf 84' lang='grc'><strong><em>111</em></strong></span> <span class='ocrx_word' id='word_1_209' title='bbox 1606 2339 1739 2383; x_wconf 80' lang='lat' dir='ltr'>marg</span> <span class='ocrx_word' id='word_1_210' title='bbox 1763 2326 1864 2369; x_wconf 88' lang='lat' dir='ltr'><strong><em>Mor</em></strong></span> 
     </span>
    </p>
   </div>
   <div class='ocr_carea' id='block_1_7' title="bbox 174 2385 1862 3030">
    <p class='ocr_par' dir='ltr' id='par_1_7' title="bbox 174 2385 1862 3030">
     <span class='ocr_line' id='line_1_27' title="bbox 181 2385 1862 2453; baseline 0.001 -25"><span class='ocrx_word' id='word_1_211' title='bbox 181 2385 186 2444; x_wconf 72' lang='grc' dir='ltr'>Ι</span> <span class='ocrx_word' id='word_1_212' title='bbox 220 2386 427 2453; x_wconf 83' lang='grc' dir='ltr'><strong><em>ὑπῆρχεν</em></strong></span> <span class='ocrx_word' id='word_1_213' title='bbox 459 2387 534 2430; x_wconf 88' lang='lat' dir='ltr'><strong><em>La</em></strong></span> <span class='ocrx_word' id='word_1_214' title='bbox 611 2385 694 2429; x_wconf 78' lang='grc' dir='ltr'><strong><em>ἐπ</em></strong></span> <span class='ocrx_word' id='word_1_215' title='bbox 670 2402 753 2442; x_wconf 86' lang='grc' dir='ltr'><strong><em>ηχρ</em></strong></span> <span class='ocrx_word' id='word_1_216' title='bbox 757 2401 776 2429; x_wconf 87' lang='grc' dir='ltr'><strong><em>ε</em></strong></span> <span class='ocrx_word' id='word_1_217' title='bbox 807 2385 921 2438; x_wconf 87' lang='lat' dir='ltr'>Mor,</span> <span class='ocrx_word' id='word_1_218' title='bbox 955 2385 1003 2427; x_wconf 90' lang='lat' dir='ltr'><strong><em>in</em></strong></span> <span class='ocrx_word' id='word_1_219' title='bbox 1035 2398 1167 2441; x_wconf 81' lang='lat' dir='ltr'>marg</span> <span class='ocrx_word' id='word_1_220' title='bbox 1199 2402 1252 2443; x_wconf 78' lang='grc' dir='ltr'><strong><em>γρ</em></strong></span> <span class='ocrx_word' id='word_1_221' title='bbox 1279 2385 1446 2441; x_wconf 81' lang='grc' dir='ltr'><strong><em>ἐπηρκε</em></strong></span> <span class='ocrx_word' id='word_1_222' title='bbox 1599 2390 1624 2428; x_wconf 92' lang='grc'>8</span> <span class='ocrx_word' id='word_1_223' title='bbox 1658 2386 1862 2444; x_wconf 82' lang='grc' dir='ltr'><strong><em>ὠχοῦντο</em></strong></span> 
     </span>
     <span class='ocr_line' id='line_1_28' title="bbox 177 2443 1861 2502; baseline 0.001 -15"><span class='ocrx_word' id='word_1_224' title='bbox 177 2444 342 2500; x_wconf 82' lang='lat' dir='ltr'>scripsi</span> <span class='ocrx_word' id='word_1_225' title='bbox 373 2457 429 2487; x_wconf 83' lang='lat' dir='ltr'><strong><em>ex</em></strong></span> <span class='ocrx_word' id='word_1_226' title='bbox 451 2445 544 2490; x_wconf 90' lang='lat' dir='ltr'><strong><em>VU</em></strong></span> <span class='ocrx_word' id='word_1_227' title='bbox 598 2444 646 2502; x_wconf 83' lang='grc' dir='ltr'><strong><em>ἐχ</em></strong></span> <span class='ocrx_word' id='word_1_228' title='bbox 649 2451 785 2488; x_wconf 89' lang='grc' dir='ltr'><strong><em>οῦντο</em></strong></span> <span class='ocrx_word' id='word_1_229' title='bbox 817 2443 987 2498; x_wconf 87' lang='lat' dir='ltr'>reliqui</span> <span class='ocrx_word' id='word_1_230' title='bbox 1011 2443 1119 2487; x_wconf 89' lang='lat' dir='ltr'>libri</span> <span class='ocrx_word' id='word_1_231' title='bbox 1151 2447 1189 2500; x_wconf 87' lang='grc' dir='ltr'><strong><em>(ε</em></strong></span> <span class='ocrx_word' id='word_1_232' title='bbox 1221 2445 1269 2487; x_wconf 88' lang='grc'><strong><em>111</em></strong></span> <span class='ocrx_word' id='word_1_233' title='bbox 1294 2458 1368 2487; x_wconf 85' lang='lat' dir='ltr'><strong><em>ras</em></strong></span> <span class='ocrx_word' id='word_1_234' title='bbox 1401 2444 1541 2500; x_wconf 49' lang='lat' dir='ltr'>paulo</span> <span class='ocrx_word' id='word_1_235' title='bbox 1573 2445 1750 2488; x_wconf 83' lang='lat' dir='ltr'>maiore</span> <span class='ocrx_word' id='word_1_236' title='bbox 1774 2446 1819 2488; x_wconf 89' lang='grc' dir='ltr'><strong><em>Ρ</em></strong></span> <span class='ocrx_word' id='word_1_237' title='bbox 1829 2443 1861 2499; x_wconf 78' lang='grc'><strong><em>2&gt;</em></strong></span> 
     </span>
     <span class='ocr_line' id='line_1_29' title="bbox 176 2462 1853 2559; baseline -0.001 -13"><span class='ocrx_word' id='word_1_238' title='bbox 176 2502 277 2546; x_wconf 89' lang='lat' dir='ltr'><strong><em>Mor</em></strong></span> <span class='ocrx_word' id='word_1_239' title='bbox 299 2503 422 2546; x_wconf 80' lang='lat' dir='ltr'>Fabr</span> <span class='ocrx_word' id='word_1_240' title='bbox 483 2462 689 2547; x_wconf 82' lang='grc' dir='ltr'><strong><em>εἱλοῦντο</em></strong></span> <span class='ocrx_word' id='word_1_241' title='bbox 721 2502 788 2546; x_wconf 83' lang='lat' dir='ltr'><strong><em>Re</em></strong></span> <span class='ocrx_word' id='word_1_242' title='bbox 912 2507 962 2545; x_wconf 90' lang='lat'><strong><em>11</em></strong></span> <span class='ocrx_word' id='word_1_243' title='bbox 998 2503 1082 2546; x_wconf 81' lang='grc' dir='ltr'><strong><em>οὐκ</em></strong></span> <span class='ocrx_word' id='word_1_244' title='bbox 1116 2504 1176 2559; x_wconf 87' lang='grc'><strong><em>(1)</em></strong></span> <span class='ocrx_word' id='word_1_245' title='bbox 1211 2530 1262 2534; x_wconf 84' lang='grc'>-</span> <span class='ocrx_word' id='word_1_246' title='bbox 1299 2503 1561 2558; x_wconf 76' lang='grc' dir='ltr'><strong><em>ἐδάκρυσαν</em></strong></span> <span class='ocrx_word' id='word_1_247' title='bbox 1594 2517 1668 2546; x_wconf 83' lang='grc'>0111</span> <span class='ocrx_word' id='word_1_248' title='bbox 1692 2503 1815 2546; x_wconf 78' lang='lat' dir='ltr'>Fabr</span> <span class='ocrx_word' id='word_1_249' title='bbox 1849 2503 1853 2559; x_wconf 73' lang='grc' dir='ltr'>Ι</span> 
     </span>
     <span class='ocr_line' id='line_1_30' title="bbox 179 2559 1861 2619; baseline -0.001 -14"><span class='ocrx_word' id='word_1_250' title='bbox 179 2561 362 2618; x_wconf 81' lang='grc' dir='ltr'><strong><em>ὤμοξαν</em></strong></span> <span class='ocrx_word' id='word_1_251' title='bbox 387 2563 433 2605; x_wconf 90' lang='grc' dir='ltr'><em>Ρ</em></span> <span class='ocrx_word' id='word_1_252' title='bbox 462 2562 543 2605; x_wconf 82' lang='lat' dir='ltr'><strong><em>sed</em></strong></span> <span class='ocrx_word' id='word_1_253' title='bbox 575 2578 600 2606; x_wconf 91' lang='grc' dir='ltr'><strong><em>ο</em></strong></span> <span class='ocrx_word' id='word_1_254' title='bbox 632 2562 679 2604; x_wconf 90' lang='lat' dir='ltr'><strong><em>in</em></strong></span> <span class='ocrx_word' id='word_1_255' title='bbox 713 2580 747 2605; x_wconf 91' lang='grc' dir='ltr'><strong><em>ω</em></strong></span> <span class='ocrx_word' id='word_1_256' title='bbox 780 2575 881 2605; x_wconf 83' lang='lat' dir='ltr'>corr</span> <span class='ocrx_word' id='word_1_257' title='bbox 903 2562 985 2615; x_wconf 77' lang='lat' dir='ltr'><strong><em>m³‚</em></strong></span> <span class='ocrx_word' id='word_1_258' title='bbox 1018 2563 1053 2606; x_wconf 91' lang='lat' dir='ltr'><em>I</em></span> <span class='ocrx_word' id='word_1_259' title='bbox 1080 2563 1147 2605; x_wconf 84' lang='lat' dir='ltr'><strong><em>Re</em></strong></span> <span class='ocrx_word' id='word_1_260' title='bbox 1330 2568 1382 2605; x_wconf 78' lang='lat'><strong><em>12</em></strong></span> <span class='ocrx_word' id='word_1_261' title='bbox 1426 2559 1606 2619; x_wconf 86' lang='grc' dir='ltr'><strong><em>ρήματα</em></strong></span> <span class='ocrx_word' id='word_1_262' title='bbox 1639 2564 1686 2604; x_wconf 72' lang='lat' dir='ltr'><strong><em>et</em></strong></span> <span class='ocrx_word' id='word_1_263' title='bbox 1716 2576 1861 2615; x_wconf 85' lang='grc' dir='ltr'><strong><em>πικρα</em></strong></span> 
     </span>
     <span class='ocr_line' id='line_1_31' title="bbox 176 2619 1860 2678; baseline 0 -16"><span class='ocrx_word' id='word_1_264' title='bbox 176 2620 278 2663; x_wconf 88' lang='lat' dir='ltr'><strong><em>Mor</em></strong></span> <span class='ocrx_word' id='word_1_265' title='bbox 301 2621 369 2664; x_wconf 85' lang='lat' dir='ltr'><strong><em>Re</em></strong></span> <span class='ocrx_word' id='word_1_266' title='bbox 411 2623 416 2676; x_wconf 89' lang='grc' dir='ltr'>Ι</span> <span class='ocrx_word' id='word_1_267' title='bbox 460 2619 625 2678; x_wconf 84' lang='grc' dir='ltr'><strong><em>μικρόν</em></strong></span> <span class='ocrx_word' id='word_1_268' title='bbox 650 2622 726 2665; x_wconf 88' lang='lat' dir='ltr'><strong><em>La</em></strong></span> <span class='ocrx_word' id='word_1_269' title='bbox 874 2624 927 2663; x_wconf 88' lang='grc'><strong><em>13</em></strong></span> <span class='ocrx_word' id='word_1_270' title='bbox 960 2621 1129 2671; x_wconf 74' lang='grc' dir='ltr'><strong><em>αὐτοὺς</em></strong></span> <span class='ocrx_word' id='word_1_271' title='bbox 1159 2623 1204 2666; x_wconf 89' lang='lat' dir='ltr'><em>P</em></span> <span class='ocrx_word' id='word_1_272' title='bbox 1234 2620 1350 2665; x_wconf 86' lang='lat' dir='ltr'><strong><em>sed</em></strong></span> <span class='ocrx_word' id='word_1_273' title='bbox 1390 2622 1439 2664; x_wconf 88' lang='lat' dir='ltr'><strong><em>in</em></strong></span> <span class='ocrx_word' id='word_1_274' title='bbox 1462 2635 1538 2664; x_wconf 84' lang='lat' dir='ltr'><strong><em>ras</em></strong></span> <span class='ocrx_word' id='word_1_275' title='bbox 1561 2620 1860 2669; x_wconf 65' lang='grc' dir='ltr'>1113αὐτοὺς</span> 
     </span>
     <span class='ocr_line' id='line_1_32' title="bbox 184 2678 1802 2737; baseline -0.002 -13"><span class='ocrx_word' id='word_1_276' title='bbox 184 2680 369 2724; x_wconf 86' lang='lat' dir='ltr'><strong><em>UMMo</em></strong></span> <span class='ocrx_word' id='word_1_277' title='bbox 426 2680 431 2737; x_wconf 91' lang='grc' dir='ltr'>Ι</span> <span class='ocrx_word' id='word_1_278' title='bbox 489 2678 707 2724; x_wconf 78' lang='grc' dir='ltr'><strong><em>ἀλκινόου</em></strong></span> <span class='ocrx_word' id='word_1_279' title='bbox 740 2680 848 2723; x_wconf 87' lang='lat' dir='ltr'><strong><em>LaI</em></strong></span> <span class='ocrx_word' id='word_1_280' title='bbox 890 2680 971 2723; x_wconf 85' lang='lat' dir='ltr'><strong><em>sed</em></strong></span> <span class='ocrx_word' id='word_1_281' title='bbox 1017 2680 1067 2723; x_wconf 91' lang='lat' dir='ltr'><strong><em>in</em></strong></span> <span class='ocrx_word' id='word_1_282' title='bbox 1106 2681 1178 2723; x_wconf 86' lang='lat' dir='ltr'><strong><em>his</em></strong></span> <span class='ocrx_word' id='word_1_283' title='bbox 1227 2698 1250 2725; x_wconf 92' lang='lat'>0</span> <span class='ocrx_word' id='word_1_284' title='bbox 1295 2694 1417 2734; x_wconf 85' lang='lat' dir='ltr'>eras</span> <span class='ocrx_word' id='word_1_285' title='bbox 1462 2680 1520 2723; x_wconf 90' lang='lat' dir='ltr'><em>M</em></span> <span class='ocrx_word' id='word_1_286' title='bbox 1549 2679 1650 2722; x_wconf 86' lang='lat' dir='ltr'><strong><em>Mor</em></strong></span> <span class='ocrx_word' id='word_1_287' title='bbox 1680 2678 1802 2721; x_wconf 85' lang='lat' dir='ltr'>Fabr</span> 
     </span>
     <span class='ocr_line' id='line_1_33' title="bbox 178 2736 1798 2795; baseline -0.001 -14"><span class='ocrx_word' id='word_1_288' title='bbox 178 2743 230 2781; x_wconf 88' lang='grc'><strong><em>16</em></strong></span> <span class='ocrx_word' id='word_1_289' title='bbox 279 2736 465 2788; x_wconf 79' lang='grc' dir='ltr'><strong><em>ἐνόντος</em></strong></span> <span class='ocrx_word' id='word_1_290' title='bbox 495 2738 596 2782; x_wconf 90' lang='lat' dir='ltr'><strong><em>Mor</em></strong></span> <span class='ocrx_word' id='word_1_291' title='bbox 777 2742 829 2781; x_wconf 82' lang='lat'><strong><em>17</em></strong></span> <span class='ocrx_word' id='word_1_292' title='bbox 879 2736 990 2788; x_wconf 81' lang='grc' dir='ltr'><strong><em>ὅπερ</em></strong></span> <span class='ocrx_word' id='word_1_293' title='bbox 1030 2740 1214 2795; x_wconf 82' lang='lat' dir='ltr'>reposui</span> <span class='ocrx_word' id='word_1_294' title='bbox 1248 2753 1272 2782; x_wconf 83' lang='lat' dir='ltr'>e</span> <span class='ocrx_word' id='word_1_295' title='bbox 1304 2739 1434 2783; x_wconf 84' lang='lat' dir='ltr'>libris</span> <span class='ocrx_word' id='word_1_296' title='bbox 1527 2737 1676 2792; x_wconf 81' lang='grc' dir='ltr'><strong><em>ὥσπερ</em></strong></span> <span class='ocrx_word' id='word_1_297' title='bbox 1710 2737 1798 2780; x_wconf 87' lang='lat' dir='ltr'><strong><em>edd</em></strong></span> 
     </span>
     <span class='ocr_line' id='line_1_34' title="bbox 177 2795 1852 2870; baseline -0.001 -31"><span class='ocrx_word' id='word_1_298' title='bbox 177 2801 230 2839; x_wconf 87' lang='grc'><strong><em>18</em></strong></span> <span class='ocrx_word' id='word_1_299' title='bbox 264 2795 373 2847; x_wconf 79' lang='grc' dir='ltr'><strong><em>ἴσως</em></strong></span> <span class='ocrx_word' id='word_1_300' title='bbox 402 2798 509 2853; x_wconf 75' lang='lat' dir='ltr'>post</span> <span class='ocrx_word' id='word_1_301' title='bbox 541 2797 674 2849; x_wconf 77' lang='grc' dir='ltr'><strong><em>ἄλλος</em></strong></span> <span class='ocrx_word' id='word_1_302' title='bbox 704 2797 878 2841; x_wconf 85' lang='lat' dir='ltr'>inserui</span> <span class='ocrx_word' id='word_1_303' title='bbox 910 2810 934 2840; x_wconf 82' lang='lat' dir='ltr'>e</span> <span class='ocrx_word' id='word_1_304' title='bbox 965 2796 1098 2841; x_wconf 81' lang='lat' dir='ltr'>libris</span> <span class='ocrx_word' id='word_1_305' title='bbox 1131 2800 1256 2854; x_wconf 73' lang='lat' dir='ltr'><strong>(ante</strong></span> <span class='ocrx_word' id='word_1_306' title='bbox 1289 2798 1422 2848; x_wconf 80' lang='grc' dir='ltr'><strong><em>ἄλλος</em></strong></span> <span class='ocrx_word' id='word_1_307' title='bbox 1453 2798 1544 2870; x_wconf 84' lang='lat' dir='ltr'><strong><em>La)</em></strong></span> <span class='ocrx_word' id='word_1_308' title='bbox 1615 2810 1690 2839; x_wconf 90' lang='lat' dir='ltr'><strong><em>om</em></strong></span> <span class='ocrx_word' id='word_1_309' title='bbox 1722 2796 1811 2839; x_wconf 87' lang='lat' dir='ltr'><strong><em>edd</em></strong></span> <span class='ocrx_word' id='word_1_310' title='bbox 1847 2797 1852 2854; x_wconf 60' lang='lat'>1</span> 
     </span>
     <span class='ocr_line' id='line_1_35' title="bbox 174 2854 1857 2929; baseline -0.001 -30"><span class='ocrx_word' id='word_1_311' title='bbox 174 2854 381 2929; x_wconf 78' lang='grc' dir='ltr'><strong><em>ἐβάδιζεν</em></strong></span> <span class='ocrx_word' id='word_1_312' title='bbox 411 2857 598 2912; x_wconf 80' lang='lat' dir='ltr'>reposui</span> <span class='ocrx_word' id='word_1_313' title='bbox 629 2870 654 2900; x_wconf 84' lang='lat' dir='ltr'><strong>e</strong></span> <span class='ocrx_word' id='word_1_314' title='bbox 684 2856 817 2900; x_wconf 82' lang='lat' dir='ltr'>libris</span> <span class='ocrx_word' id='word_1_315' title='bbox 850 2858 1042 2912; x_wconf 78' lang='lat' dir='ltr'>excepto</span> <span class='ocrx_word' id='word_1_316' title='bbox 1078 2858 1121 2903; x_wconf 92' lang='lat' dir='ltr'><em>U</em></span> <span class='ocrx_word' id='word_1_317' title='bbox 1146 2858 1225 2913; x_wconf 91' lang='lat' dir='ltr'><strong><em>qui</em></strong></span> <span class='ocrx_word' id='word_1_318' title='bbox 1257 2857 1400 2901; x_wconf 72' lang='lat' dir='ltr'>habe&#39;c</span> <span class='ocrx_word' id='word_1_319' title='bbox 1432 2854 1657 2914; x_wconf 77' lang='grc' dir='ltr'><strong><em>ἐβάδισεν,</em></strong></span> <span class='ocrx_word' id='word_1_320' title='bbox 1689 2858 1743 2899; x_wconf 82' lang='lat' dir='ltr'><strong><em>ut</em></strong></span> <span class='ocrx_word' id='word_1_321' title='bbox 1767 2855 1857 2899; x_wconf 85' lang='lat' dir='ltr'><strong><em>edd</em></strong></span> 
     </span>
     <span class='ocr_line' id='line_1_36' title="bbox 177 2913 1856 2973; baseline -0.001 -15"><span class='ocrx_word' id='word_1_322' title='bbox 177 2931 182 2971; x_wconf 56' lang='grc' dir='ltr'><strong><em>ι</em></strong></span> <span class='ocrx_word' id='word_1_323' title='bbox 219 2913 394 2964; x_wconf 78' lang='grc' dir='ltr'><strong><em>ἄπονος</em></strong></span> <span class='ocrx_word' id='word_1_324' title='bbox 418 2915 461 2958; x_wconf 89' lang='lat' dir='ltr'><strong><em>V</em></strong></span> <span class='ocrx_word' id='word_1_325' title='bbox 494 2915 619 2970; x_wconf 88' lang='lat' dir='ltr'>quod</span> <span class='ocrx_word' id='word_1_326' title='bbox 650 2914 817 2959; x_wconf 71' lang='lat' dir='ltr'>maluit</span> <span class='ocrx_word' id='word_1_327' title='bbox 847 2914 914 2958; x_wconf 81' lang='lat' dir='ltr'><strong><em>Re</em></strong></span> <span class='ocrx_word' id='word_1_328' title='bbox 1097 2921 1149 2959; x_wconf 85' lang='grc'><strong><em>19</em></strong></span> <span class='ocrx_word' id='word_1_329' title='bbox 1198 2914 1355 2973; x_wconf 88' lang='grc' dir='ltr'><strong><em>μόνος]</em></strong></span> <span class='ocrx_word' id='word_1_330' title='bbox 1396 2917 1566 2971; x_wconf 81' lang='grc' dir='ltr'><strong><em>μᾶλλον</em></strong></span> <span class='ocrx_word' id='word_1_331' title='bbox 1599 2915 1672 2959; x_wconf 89' lang='lat' dir='ltr'><strong><em>La</em></strong></span> <span class='ocrx_word' id='word_1_332' title='bbox 1722 2918 1727 2970; x_wconf 66' lang='grc'><strong><em>1</em></strong></span> <span class='ocrx_word' id='word_1_333' title='bbox 1778 2914 1856 2956; x_wconf 79' lang='grc' dir='ltr'><strong><em>καὶ</em></strong></span> 
     </span>
     <span class='ocr_line' id='line_1_37' title="bbox 175 2972 627 3030; baseline 0.002 -14"><span class='ocrx_word' id='word_1_334' title='bbox 175 2972 408 3030; x_wconf 77' lang='lat' dir='ltr'>(alterum)</span> <span class='ocrx_word' id='word_1_335' title='bbox 442 2987 516 3016; x_wconf 91' lang='lat' dir='ltr'><strong><em>om</em></strong></span> <span class='ocrx_word' id='word_1_336' title='bbox 544 2975 627 3017; x_wconf 89' lang='lat' dir='ltr'><strong><em>Mo</em></strong></span> 
     </span>
    </p>
   </div>
  </div>
 </body>
</html>
