2072 3162
259 175 328 228 98
796 173 1024 217 LIBANH
1055 172 1278 218 ORATIO
1309 173 1416 216 XIV

255 330 347 373 τος
385 307 446 362 δὲ
479 308 860 379 Ἀριστοφάνει
890 308 1091 361 τούτου
1129 309 1597 377 πλεονεκτήματος
1629 308 1694 362 οὐ
1726 317 1947 380 μικροῦ,

168 413 210 455 R
233 416 319 455 434
358 397 462 452 κᾶν
501 398 548 450 εἰ
605 395 611 468 Ι
661 399 957 466 Μεγαρεὺς
995 395 1293 466 ἐτύγχανεν
1331 397 1410 451 ὢν
1448 397 1480 465 ἢ
1512 399 1732 465 Μήλιος
1769 397 1802 466 ἢ
1833 401 1945 468 Λή-

257 507 431 555 μνιος,
471 487 653 553 μεῖζόν
692 483 806 538 ἐστι
837 486 898 538 τὸ
929 493 1025 553 τῆς
1062 487 1270 548 πόλεως
1310 488 1387 548 εἰς
1425 487 1583 539 αἰδῶ·
1634 488 1948 556 Κορίνθιος

255 577 359 645 γὰρ
409 575 614 628 οὑτοσί.
690 575 782 627 καὶ
833 574 934 627 οὐκ
985 575 1062 637 εἰς
1107 575 1327 643 μύθους
1377 574 1586 628 ἀποίσω
1633 576 1732 629 τὸν
1778 578 1947 644 λόγον

212 687 231 718 5
258 662 375 717 οὐδ’
411 661 605 716 ‘HMov
667 663 757 716 καὶ
813 663 1168 725 Ποσειδῶνος
1229 660 1349 733 ἔριν
1410 662 1530 716 οὐδ’
1569 663 1947 735 ἐπιγράμματά

257 767 346 806 σοι
386 753 554 819 δίειμι
596 759 912 819 κοσμοῦντα
949 753 1182 821 νεκροὺς
1221 749 1281 804 ἐκ
1319 761 1639 822 ναυμαχιῶν
1677 752 1945 822 τεθαμμέ-

255 861 389 904 νους
439 840 570 893 οὐδὲ
619 841 980 908 δικαιοσύνην
1025 847 1120 909 τῆς
1164 842 1373 903 πόλεως
1419 839 1508 893 καὶ
1553 842 1615 894 τὸ
1655 843 1789 910 μετὰ
1833 852 1947 895 τῶν

255 928 603 998 ἠδικημένων
642 927 726 982 ἀεὶ
765 931 1084 997 γίγνεσθαι,
1132 929 1233 998 οὐχ
1273 929 1344 991 ὡς
1389 930 1556 999 μικρὰ
1602 930 1739 999 πρὸς
1778 928 1947 993 δόξαν

257 1020 392 1072 ὄντα
440 1027 558 1081 τοῖς
609 1020 848 1087 ἔχουσιν,
904 1016 1019 1070 ἀλλ’
1061 1018 1144 1070 ὅτι
1197 1016 1288 1070 καὶ
1338 1018 1514 1070 τῶνδε
1563 1018 1790 1071 κάλλιον
1839 1020 1944 1088 ἔχω

191 1130 232 1162 10
257 1106 451 1174 λέγειν.
528 1106 614 1159 29.
670 1105 991 1175 ἀνάμνησον
1036 1107 1141 1177 γὰρ
1191 1107 1411 1175 σαυτόν,
1459 1102 1500 1158 ὦ
1547 1109 1801 1175 βασιλεῦ,
1850 1115 1948 1175 τῆς

127 1197 131 1201 ’
257 1194 567 1264 ἐπιστολῆς,
613 1195 683 1263 ἣν
722 1196 1053 1264 Κορινθίοις
1092 1197 1357 1263 ἔπεμψας,
1405 1196 1555 1248 ἄκων
1592 1192 1693 1262 μὲν
1733 1197 1809 1259 εἰς
1846 1197 1948 1249 τὸν

226 1269 498 1351 ἴπόλεμον
535 1282 727 1352 ἐμβάς,
765 1285 870 1352 ἤδη
912 1280 972 1336 δὲ
1010 1284 1071 1336 τὸ
1111 1283 1282 1336 πλέον
1321 1285 1524 1353 λαβών,
1572 1285 1727 1337 οὔπω
1767 1282 1829 1338 δὲ
1867 1287 1948 1348 εἰς

255 1372 407 1436 τέλος
445 1373 620 1441 ἥκων·
683 1372 744 1426 ἐν
781 1365 816 1442 ᾗ
856 1381 1044 1441 σαφῶς
1085 1371 1370 1442 εὐεργέτας
1410 1381 1617 1425 σαυτοῦ
1664 1376 1795 1436 τοὺς
1834 1376 1946 1426 Κο-

258 1463 516 1531 ρινθίους
553 1465 749 1524 καλεῖς.
828 1461 964 1514 ἀλλὰ
1003 1462 1107 1531 γὰρ
1149 1461 1319 1514 αὐτοῦ
1358 1481 1451 1530 μοι
1484 1462 1570 1514 δεῖ
1606 1469 1704 1514 τοῦ
1744 1460 1947 1532 μέρους

191 1574 233 1605 15
257 1558 351 1618 τῆς
391 1548 696 1618 ἐπιστολῆς,
734 1547 824 1602 καὶ
863 1551 967 1619 γὰρ
1009 1548 1077 1602 ἂν
1109 1549 1301 1618 ἡδίους
1331 1551 1460 1612 τοὺς
1493 1549 1795 1613 ἀκούοντας
1824 1568 1945 1603 ποι-

258 1642 501 1708 ήσαιμεν.
572 1638 657 1690 30.
690 1636 945 1710 πατρῴα
983 1658 1090 1707 μοι
1129 1638 1289 1709 πρὸς
1326 1637 1488 1706 ὑμᾶς
1526 1638 1800 1709 ὑπάρχει
1839 1659 1946 1707 φι-

258 1730 388 1780 λία·
450 1725 555 1780 καὶ
609 1728 730 1797 γὰρ
793 1725 1002 1798 ᾤ’κησε
1059 1724 1199 1797 παρ’
1247 1727 1403 1794 ὑμῖν
1460 1726 1488 1780 ὁ
1540 1726 1686 1796 ε’μὸς
1738 1728 1947 1797 πατὴρ

257 1817 361 1868 καὶ
400 1813 714 1884 ἀναχθεὶς
752 1812 975 1884 ἔνθεν,
1029 1816 1239 1884 ὥσπερ
1282 1814 1348 1867 ἐκ
1391 1815 1694 1868 Φαιάκων
1724 1814 1947 1868 Ὀδυσ-

259 1905 432 1972 σεύς,
479 1911 590 1972 τῆς
627 1906 1078 1974 πολυχρονίου
1118 1903 1364 1972 πλάνης
1403 1903 1753 1973 ἀπηλλάγη.
1830 1898 1948 1957 εἶτα

192 2015 235 2046 20
259 1994 424 2061 μικρὰ
465 1992 708 2044 διελθὼν
753 1992 876 2062 περὶ
922 1993 1245 2061 πανούργου
1292 2000 1583 2062 μητρυιᾶς,
1631 1991 1946 2060 ἐνταῦθα,

259 2080 453 2150 φής,Ιὸ
493 2081 698 2151 πατὴρ
736 2079 1158 2133 ἀνεπαύσατο.
1222 2082 1423 2148 σεμνόν
1455 2099 1518 2147 γε
1548 2088 1712 2132 τοῦτο
1738 2083 1945 2150 Κοριν-

378 2275 402 2313 2
435 2268 492 2313 cf.
517 2269 560 2312 H
577 2273 677 2324 215,
696 2273 751 2312 24
771 2269 825 2312 R.
860 2282 930 2325 ep.
951 2273 1049 2312 372.
1113 2267 1302 2312 Theocr.
1327 2267 1389 2311 id.
1408 2267 1586 2311 XIV48
1613 2282 1648 2311 c.
1676 2268 1816 2311 schol.
1847 2271 1852 2325 Ι
1879 2268 1944 2312 m

261 2333 359 2383 343,
388 2334 442 2372 14
466 2329 518 2371 R.
570 2341 640 2385 ep.
669 2333 735 2372 18.
797 2328 937 2371 Arist.
962 2328 1045 2371 Av.
1074 2331 1156 2371 186
1190 2341 1226 2370 c.
1254 2326 1394 2370 schol.
1539 2332 1564 2370 5
1596 2328 1628 2369 t.
1653 2326 1675 2370 Ι
1704 2342 1747 2383 p.
1774 2331 1875 2382 458,
1903 2333 1942 2371 1.

260 2387 367 2445 [Dio
401 2386 525 2445 Chr]
559 2386 762 2431 Corinth.
788 2387 830 2430 Π
857 2391 939 2431 106
964 2387 1006 2430 R
1141 2391 1166 2429 6
1208 2386 1314 2444 [Dio
1348 2385 1471 2444 Chr]
1506 2384 1707 2429 Corinth.
1733 2385 1775 2428 H
1799 2391 1883 2429 109
1901 2387 1946 2430 R,

318 2446 507 2489 Asistid.
535 2461 597 2490 or.
624 2451 680 2490 49
705 2448 737 2489 t.
762 2446 805 2489 H
832 2451 929 2501 163,
948 2446 1043 2489 4K.
1109 2445 1278 2489 Simon.
1311 2444 1365 2488 fr.
1393 2449 1579 2488 96—98.
1641 2445 1809 2489 Athen.
1834 2445 1943 2488 Mit-

260 2505 355 2547 beil.
380 2505 507 2548 XXII
532 2510 586 2548 52
726 2510 749 2548 7
782 2505 890 2564 [Dio
918 2504 1040 2563 Chr]
1066 2504 1143 2547 1.1.
1169 2504 1212 2547 Π
1237 2508 1320 2547 108
1354 2506 1401 2548 et
1426 2508 1509 2547 109
1527 2504 1569 2546 R
1690 2509 1742 2546 16
1774 2503 1942 2548 Iulian.

259 2563 314 2606 fr.
341 2568 366 2607 5
489 2568 543 2608 18
577 2562 660 2607 Od.
688 2581 715 2608 ν
748 2569 802 2608 89
818 2579 883 2620 sq.
1007 2568 1062 2607 20
1093 2563 1273 2607 Helena
1305 2562 1361 2607 cf.
1389 2563 1487 2607 Zos.
1511 2562 1555 2605 H
1586 2565 1612 2605 8
1637 2563 1685 2606 et
1709 2566 1733 2604 9

911 2653 952 2707 Ο

382 2745 403 2782 1
439 2737 485 2784 δ’
514 2738 605 2784 Bw?
725 2745 753 2783 4
785 2742 864 2784 καὶ
897 2767 950 2772 -
983 2739 1120 2797 λόγον
1153 2740 1270 2783 citat
1296 2739 1410 2782 Plan
1443 2738 1521 2782 fol.
1548 2742 1604 2781 38
1762 2743 1787 2782 8
1821 2737 1944 2797 γίνε-

265 2801 381 2842 σθαι
411 2799 456 2842 Α
489 2799 580 2841 edd
700 2804 725 2841 9
757 2797 801 2842 τί
833 2800 955 2843 inter
988 2799 1071 2856 ἔχω
1106 2801 1153 2843 et
1182 2797 1330 2855 λέγειν
1361 2798 1485 2840 inser
1506 2797 1565 2841 12
1622 2813 1667 2841 τι
1697 2797 1799 2842 Par.
1827 2801 1942 2842 3017

263 2859 310 2900 et
339 2857 547 2900 Boisson.
580 2857 798 2913 Pachym.
831 2873 876 2915 p.
905 2862 1002 2912 128,
1027 2862 1055 2900 4
1137 2856 1284 2914 λέγειν
1317 2857 1402 2915 ἔχω
1437 2857 1481 2901 V
1654 2861 1706 2899 12
1741 2853 1787 2900 δ’
1814 2857 1883 2900 Re

264 2921 318 2959 13
338 2912 378 2973 ἧ
412 2930 552 2972 supra.
583 2913 652 2966 οἷς
677 2917 739 2960 V‘
883 2921 936 2959 15
968 2916 1245 2972 ποιήσαιμεν
1269 2917 1304 2960 Ι
1328 2915 1409 2960 sed
1440 2931 1490 2960 εν
1520 2915 1570 2958 in
1592 2928 1668 2958 ras
1691 2914 1761 2958 m²
1831 2930 1944 2959 num

261 2974 498 3030 ποιήσειεῖ
622 2979 675 3018 18
708 2975 787 3019 καὶ
819 2975 1053 3033 ἀπαχθεὶς
1084 2975 1223 3020 ἔνθεν
1255 2973 1492 3032 ἀπηλλάγη
1525 2974 1641 3018 estat
1671 2973 1788 3018 Plan
1817 2973 1847 3017 1.
1873 2973 1904 3018 l.
