2060 3162
243 139 349 193 142
793 139 1022 183 LIBANII
1053 138 1279 184 ORATIO
1311 139 1397 184 XV

239 280 448 344 σιλεῦ,
502 275 607 328 καὶ
663 274 781 343 ζωὴ
834 275 1150 338 πολλάκις
1203 275 1558 347 πικροτέρα
1611 278 1929 344 τελευτῆς,

239 364 326 416 57.
364 363 500 432 τάχα
533 376 622 416 σοι
654 362 745 417 καὶ
777 364 810 432 ἡ
841 365 998 426 πόλις
1030 363 1196 432 λέγει·
1237 365 1590 434 δήμευσον,
1631 363 1933 417 ἄπόκτειέ·

239 469 375 506 νον·
439 453 494 504 εἰ
554 453 808 521 βούλει,
869 452 1301 517 κατάσκαψον.
1393 461 1542 521 μιᾶς
1603 451 1840 523 ἡμέρας
1891 452 1928 521 ἡ

240 542 428 609 λύπη,
468 541 537 593 τὸ
570 538 640 594 δὲ
671 546 792 595 νῦν
830 541 1031 594 κακὸν
1061 551 1190 604 πῶς
1230 546 1385 595 οἴσω
1418 542 1667 612 μακρὸν
1705 543 1946 609 γιγνό-’·

197 649 461 696 5μενον;
525 627 807 698 ἐξάγιστος
863 629 896 698 ἡ
951 631 1134 699 πόλις,
1196 631 1269 693 ὡς
1324 629 1353 683 ὁ
1404 631 1690 701 Κιρραίων
1744 632 1944 700 λιμήν,-

238 717 521 788 ἐπάρατος,
562 717 634 779 ὡς
671 718 733 770 τὸ
773 717 1122 784 Πελασγικὸν
1161 715 1356 785 ἐκεῖνο,
1394 715 1486 770 καὶ
1523 717 1935 786 κινδυνεύομεν

238 809 474 877 τήμερον
513 803 638 875 περὶ
676 813 771 874 τῆς
808 807 1158 876 παρρησίας,
1205 805 1278 868 ὡς
1316 805 1420 875 γὰρ
1461 798 1539 868 εἷς
1578 805 1717 875 ἀνὴρ
1757 805 1944 869 ἁλοὺς,

149 909 296 952 R471
331 893 655 965 ἑταιρήσεως
694 895 900 962 ἄτιμος,
941 894 1114 956 οὕτως
1151 893 1184 962 ἡ
1217 895 1373 957 πόλις
1408 897 1414 959 Ι
1449 894 1597 963 ἡμῖν,
1637 895 1684 947 εἰ
1715 897 1938 964 μείναις

238 984 614 1053 ὀργιζόμενος,
677 983 912 1052 ἄφωνος.
987 989 1096 1036 ποῦ
1151 984 1255 1053 γὰρ
1310 980 1389 1036 ἔτι
1441 980 1533 1035 καὶ
1585 983 1723 1053 πρὸς
1773 986 1944 1047 τίνας·

174 1095 216 1127 10
241 1073 669 1142 σεμνυνούμεθα
706 1070 740 1139 ἢ
779 1070 904 1141 παρ’
936 1071 1076 1140 ἡμᾶς
1116 1072 1299 1134 ἰόντας
1336 1069 1369 1139 ἢ
1401 1069 1526 1141 παρ’
1560 1069 1778 1141 ἑτέρους
1817 1073 1930 1126 ἰόν-

239 1181 348 1226 τες;
387 1162 718 1214 κεκλείσεται
758 1168 863 1222 πᾶς
899 1156 1001 1229 μὲν
1031 1159 1165 1228 ἡμῖν
1195 1162 1376 1229 λιμήν,
1414 1167 1563 1212 πᾶσα
1595 1160 1657 1213 δὲ
1685 1162 1944 1231 ἤπειρος,·

239 1257 352 1302 πᾶν
388 1249 451 1302 δὲ
481 1247 659 1318 γένος,
697 1247 789 1301 καὶ
823 1249 1005 1316 δεήσει
1036 1250 1166 1310 τοὺς
1198 1247 1616 1317 ἀποδημοῦντας
1647 1249 1929 1319 κρύπτειν,

241 1338 380 1392 ὅθεν
426 1339 556 1407 εἰσί,
610 1335 702 1390 καὶ
748 1337 1008 1390 πλάττειν
1053 1335 1269 1400 ἑαυτοῖς
1317 1339 1596 1406 πατρίδας.
1673 1337 1758 1390 58.
1812 1347 1935 1401 τοῖς

240 1423 341 1494 μὲν
381 1426 753 1496 ἀνδροφόνοις
800 1425 1023 1495 εὕρηται
1062 1426 1341 1495 καθάρσια
1385 1426 1446 1478 τὸ
1487 1433 1660 1495 μῦσος
1706 1427 1943 1496 λύοντα,Ι

175 1537 217 1569 15
241 1514 347 1568 κᾶν
378 1514 537 1584 ἀφείς
567 1534 651 1578 τις
680 1515 782 1583 τὴν
812 1522 911 1568 τοῦ
943 1516 1224 1577 παθόντος
1255 1515 1440 1585 χώραν
1472 1513 1697 1584 ἑτέρωσε
1731 1515 1931 1586 δράμῃ,

239 1605 338 1657 τὸν
390 1606 745 1673 βοηθήσοντα
797 1601 889 1656 καὶ
941 1605 1486 1674 παραμυθησόμενον
1540 1598 1689 1673 εὗρε,
1750 1605 1810 1656 τὸ
1867 1604 1930 1657 δὲ

239 1691 504 1763 ἡμέτερον
540 1692 713 1745 κακὸν
751 1687 1032 1761 πανταχοῦ
1071 1693 1365 1761 πολεμίους
1404 1692 1647 1761 εὑρήσει,
1697 1691 1788 1745 καὶ
1826 1693 1933 1761 τὴν

241 1782 345 1849 σὴν
391 1783 599 1851 ἔχθραν
637 1782 670 1850 ἡ
711 1780 1006 1850 οἰκουμένη
1052 1783 1364 1851 μιμήσεται,
1410 1779 1513 1834 κᾶν
1553 1782 1692 1851 ἔλθῃ
1735 1800 1816 1844 τις
1855 1781 1927 1844 ὡς

239 1869 379 1938 ἡμᾶς
432 1869 610 1937 ξένος,
666 1870 1046 1940 διαδραμεῖται
1098 1870 1159 1922 τὸ
1214 1871 1375 1938 ἄστυ,
1429 1869 1679 1939 καθάπερ
1732 1870 1783 1922 οἱ
1833 1871 1947 1932 τὰςῖ

176 1980 218 2011 20
243 1959 530 2020 νοσούσας.
614 1957 699 2010 59.
755 1961 907 2026 λήσει
955 1955 1017 2011 δὲ
1065 1965 1229 2011 τοῦτο
1281 1958 1382 2011 οὐκ
1420 1960 1701 2021 Αἰθίοπας
1751 1957 1930 2027 ἀμφο-

241 2044 458 2116 τέρους,
513 2045 579 2098 οὐ
626 2047 896 2114 Κελτούς,
952 2047 1019 2098 οὐ
1067 2047 1323 2114 Σκύθας,
1387 2047 1452 2098 οὐ
1509 2050 1745 2116 Περσῶν
1797 2042 1940 2107 τοὺς

242 2133 612 2203 λειπομένους.
688 2134 721 2202 ἡ
763 2135 866 2203 γὰρ
913 2141 1011 2186 τοῦ
1057 2133 1419 2202 θυμουμένου
1468 2136 1776 2202 λαμπρότης
1824 2133 1928 2186 οὐκ

364 2358 386 2396 1
419 2354 452 2396 t.
477 2353 540 2397 IV
563 2358 664 2408 472,
691 2358 747 2397 24
761 2367 826 2409 sq.
987 2357 1012 2396 5
1043 2352 1208 2396 Aesch.
1242 2364 1279 2395 e.
1314 2350 1431 2395 Ctes.
1467 2356 1491 2405 ἓ
1520 2355 1602 2395 107
1634 2366 1677 2408 p.
1715 2355 1784 2406 68,
1810 2356 1864 2395 36

246 2416 271 2454 6
303 2411 445 2456 Thue.
469 2412 512 2455 H
539 2417 591 2456 17
714 2416 770 2456 20
802 2412 907 2456 Her.
933 2410 1018 2456 VH
1045 2415 1099 2455 70

363 2623 390 2660 4
425 2616 670 2675 γινόμενον
698 2620 741 2663 V
914 2623 939 2661 6
979 2618 1268 2674 Πελασγικὸν
1299 2619 1345 2661 Ρ
1373 2616 1454 2659 sed
1486 2616 1678 2674 ασγικὸν
1710 2616 1759 2660 in
1788 2629 1864 2659 ras
1896 2621 1928 2659 4

246 2705 342 2749 fere
373 2705 452 2749 litt
574 2711 628 2750 10
661 2692 912 2762 ἑτέρὲῧσΜ
951 2707 957 2764 Ι
993 2706 1151 2758 ἰόντας
1181 2706 1226 2750 U
1338 2709 1391 2748 11
1425 2703 1702 2750 κεκλείσεται
1729 2704 1766 2749 Ο
1793 2702 1875 2747 sed
1900 2713 1942 2747 ε’

245 2764 447 2820 primum
478 2765 527 2807 in
558 2779 633 2808 ras
667 2779 721 2809 ex
753 2766 803 2809 αὶ
836 2779 935 2808 corr
964 2766 994 2820 f
1042 2767 1048 2822 Ι
1105 2765 1188 2821 μὲν
1221 2779 1295 2809 0111
1330 2765 1374 2809 U
1545 2769 1600 2808 14
1645 2779 1677 2819 μ
1709 2777 1787 2814 σος
1818 2776 1943 2805 οωῑιϊ

245 2836 408 2866 rasura
448 2824 586 2866 unius
617 2824 803 2868 litterae
843 2825 887 2868 U
1062 2829 1115 2868 16
1163 2825 1430 2882 βοηθοῦντα
1463 2824 1507 2867 V
1556 2823 1563 2881 Ι
1619 2819 1751 2876 εὗρεν
1785 2822 1865 2866 CA

249 2886 303 2925 18
355 2880 424 2932 τίς
462 2882 642 2926 VIBM
830 2887 882 2926 19
938 2885 1261 2940 διαδραμεῖται
1303 2883 1338 2925 Ι
1378 2882 1459 2926 sed
1507 2885 1586 2927 δια
1631 2881 1755 2924 inser
1795 2879 1865 2922 111²

248 2945 310 2983 20·
344 2942 452 2997 post
483 2941 709 2991 νοσούσας
741 2942 965 2985 excidisse
996 2940 1151 2992 πόλεις
1182 2944 1228 2985 eia
1257 2940 1559 2997 participium
1600 2941 1738 2996 putat
1769 2937 1929 2982 Gauda
