2072 3162
683 177 911 220 LIBANII
943 175 1166 221 ORATIO
1199 177 1306 221 XIV
1768 179 1837 232 97

151 321 265 366 τῶν
303 321 417 365 σῶν
456 311 687 379 ἀγνοῶν.
762 319 926 365 τοῦτο
967 311 1017 364 δ’
1049 311 1163 365 ἐστὶ
1209 314 1269 366 τὸ
1308 311 1399 366 καὶ
1449 312 1607 384 μέχρι
1646 314 1843 382 γένους

152 399 383 455 ἑκάστου
429 398 519 452 καὶ
560 399 762 470 ἀνδρὸς
800 401 902 469 τὴν
941 401 1044 469 σὴν
1081 402 1341 454 τετάσθαι
1384 402 1652 456 διάνοιαν.
1727 413 1843 467 τοῖς

150 486 254 558 μὲν
305 490 408 559 γὰρ
463 487 821 559 βραχυτέροις
873 490 968 551 τὰς
1021 490 1239 556 γνώμας
1291 490 1382 543 καὶ
1434 491 1496 543 τὸ
1550 489 1677 562 περὶ
1730 501 1842 545 τῶν

153 579 297 631 ὅλων
335 577 571 630 ἀκοῦσαί
603 597 705 630 του
744 576 1001 646 λέγοντος
1039 576 1072 645 ἢ
1114 579 1475 647 διαλεχθῆναι
1521 581 1690 650 βαρύ,
1740 581 1841 634 τὸν

149 668 534 736 μεγαλόψυχον
584 666 645 719 δὲ
697 669 958 736 χαίροντα
1006 673 1081 739 τῷ
1128 668 1331 734 πλήθει
1379 676 1492 720 τῶν
1536 667 1628 721 ὑπ’
1666 669 1838 722 αὐτοῦ
1886 692 1906 725 5
1964 733 1970 739 ¹

148 754 537 826 πραττομένων
587 754 816 825 ὁρῶμεν.
901 755 985 807 26.
1041 751 1525 809 καθεδεῖτ’.οὗν
1575 756 1603 810 ὁ
1653 759 1838 825 βασι-

149 846 298 907 λεὺς
358 844 513 913 ἡμῖν
575 854 859 913 σκοπῶν,
920 853 1051 907 πῶς
1113 844 1142 898 ὁ
1206 845 1392 897 δεῖνα
1451 843 1558 898 καὶ
1618 855 1748 909 πῶς
1808 846 1837 900 ὁ

147 935 335 986 δεῖνα
394 933 686 1003 πράττει,
756 931 861 986 καὶ
925 936 1383 1002 φιλονεικήσει
1442 936 1838 1001 μεθιστάναι

146 1023 221 1075 τά
290 1022 573 1092 λυπηρά;
643 1020 748 1075 καὶ
818 1031 947 1084 πῶς
1015 1021 1373 1092 ἐξαρκέσει;
1442 1023 1675 1092 μάλιστα
1735 1021 1838 1091 μὲν

144 1111 384 1179 ὤφειλεν
424 1104 548 1164 οἶόν
593 1131 651 1164 τε
698 1107 841 1164 εἶναι
890 1109 1016 1181 περὶ
1066 1112 1289 1164 πάντων
1339 1111 1511 1164 αὐτὸν
1559 1110 1650 1165 καὶ
1699 1131 1838 1166 πυν-
1860 1136 1903 1168 ιο

145 1201 426 1252 θάνεσθαι
474 1198 566 1252 καὶ
620 1200 993 1268 βουλεύεσθαι
1048 1198 1140 1252 καὶ
1186 1208 1363 1253 κινεῖν
1417 1201 1483 1252 τὰ
1536 1202 1609 1270 μὴ
1658 1206 1835 1265 καλῶς

146 1291 362 1357 ἔχοντα.
418 1287 533 1341 ἐπεὶ
589 1285 650 1340 δὲ
704 1287 864 1341 τοῦθ’
902 1284 1069 1357 ἧττον
1122 1289 1365 1342 δυνατὸν
1416 1287 1450 1357 ἢ
1504 1289 1606 1357 τὴν
1655 1291 1836 1357 ἄμμον

143 1377 425 1448 ἀριθμεῖν,
477 1379 607 1440 τούς
657 1397 719 1446 γε
770 1376 1125 1448 δεξιωτέρους
1174 1375 1266 1430 καὶ
1318 1378 1465 1447 παρὰ
1521 1378 1621 1446 τὴν
1675 1377 1835 1442 ἀξίαν

145 1466 488 1535 ἀτυχοῦντας
556 1466 622 1519 οὐ
691 1465 1035 1537 περιοπτέον.
1134 1461 1213 1518 ὧν
1282 1459 1360 1528 εἷς
1419 1464 1833 1537 Ἀριστοφάνης.

143 1555 320 1607 πολλὰ
359 1555 462 1625 γὰρ
502 1555 650 1626 αὐτῷ
690 1556 755 1607 τὰ
794 1557 1141 1622 βοηθοῦντα,
1186 1552 1277 1606 καὶ
1325 1554 1391 1607 οὐ
1431 1557 1652 1608 Μυσῶν
1690 1555 1828 1626 ἀνὴρ
1855 1579 1896 1611 15

145 1645 392 1711 ἔσχατος,
447 1642 564 1695 ἀλλ’
603 1636 719 1705 οἷος
771 1642 964 1713 φέρειν
1014 1644 1336 1711 φιλοτιμίαν
1385 1651 1500 1706 τοῖς
1551 1638 1612 1696 εὖ
1650 1652 1833 1698 ποιεῖν

143 1732 317 1784 αὐτὸν
374 1730 850 1801 προαιρουμένοις.
940 1731 1014 1793 ὡς
1075 1727 1136 1783 δὲ
1198 1731 1299 1783 οὐκ
1361 1733 1474 1784 ἔστι
1536 1745 1625 1785 σοι
1684 1733 1833 1803 παρὰ

142 1824 366 1888 φαῦλον
404 1820 471 1871 τὰ
508 1820 671 1872 τοῦδε
708 1823 1066 1888 ποιήσασθαι,
1104 1828 1314 1887 γνῶναι
1353 1818 1564 1890 ῥᾴδιον.

255 1907 340 1959 27.
383 1911 619 1978 Πρῶτον
650 1905 750 1977 μὲν
770 1906 974 1977 ’Ἕλλην
1006 1907 1172 1976 ἐστίν,
1212 1905 1253 1961 ὦ
1286 1911 1536 1977 βασιλεῦ·
1575 1917 1740 1963 τοῦτο
1774 1909 1822 1963 δ’

144 1994 298 2049 ε’στὶν
336 1995 434 2048 ἕνα
472 2005 584 2048 τῶν
622 2006 737 2050 σῶν
777 1991 919 2050 εἶναι
956 1998 1245 2050 παιδικῶν.
1317 1995 1501 2060 οὐδεὶς
1540 1999 1644 2069 γὰρ
1685 1999 1827 2052 οὕτω
1852 2022 1894 2054 20

140 2092 236 2153 τῆς
275 2085 444 2137 αὑτοῦ
485 2087 750 2156 πατρίδος
787 2084 1039 2156 ἐραστής,
1081 2086 1153 2148 ὡς
1191 2087 1261 2138 σὺ
1300 2093 1399 2139 τοῦ
1439 2093 1535 2154 τῆς
1567 2086 1829 2151 Ἑλλάδος

141 2172 382 2241 ἐδάφους
414 2172 830 2243 ἐνθυμούμενος
864 2175 982 2244 ἱερὰ
1013 2173 1104 2227 καὶ
1136 2176 1344 2243 νόμους
1378 2173 1469 2227 καὶ
1502 2177 1704 2244 λόγους
1735 2175 1826 2229 καὶ

140 2264 349 2330 σοφίαν
379 2261 470 2315 καὶ
502 2264 718 2325 τελετὰς
749 2262 839 2315 καὶ
870 2264 1102 2333 τρόπαια
1125 2262 1230 2315 ἀπὸ
1254 2264 1565 2333 βαρβάρων.
1616 2264 1700 2316 28.
1734 2266 1826 2318 ὅν-

260 2397 314 2436 12
346 2393 478 2436 Pind.
506 2392 575 2438 Ol.
600 2393 643 2437 11
670 2398 752 2437 108
876 2398 930 2437 15
961 2393 1080 2437 Plat.
1106 2393 1296 2437 Theaet.
1330 2408 1374 2450 p.
1401 2394 1538 2437 209ss

259 2516 281 2554 1
324 2510 375 2555 δὲ
399 2513 444 2556 A
500 2512 507 2570 Ι
563 2512 643 2555 καὶ
673 2512 723 2555 in
753 2525 829 2555 ras
853 2512 903 2554 1³
985 2526 1061 2555 om
1093 2512 1138 2556 U
1281 2517 1308 2555 4
1348 2511 1547 2555 ἀκοῦσαι
1577 2519 1661 2556 τοῦ
1695 2513 1830 2557 UMI

136 2570 223 2613 sed
263 2570 312 2612 in
343 2570 431 2614 hoc
469 2570 787 2614 circumflexus
830 2584 986 2614 erasus
1166 2574 1191 2614 5
1240 2571 1291 2614 δὲ
1331 2571 1409 2613 καὶ
1449 2568 1672 2628 χαίροντα
1706 2573 1766 2616 Μ

138 2631 164 2671 6
197 2628 524 2686 πραττομένων
548 2631 582 2673 Ι
600 2629 679 2673 sed
704 2646 765 2684 πρ
791 2630 840 2672 in
857 2644 931 2673 ras
947 2629 1016 2673 m²
1043 2631 1049 2685 Ι
1077 2647 1104 2673 κ
1178 2631 1349 2674 εδεῖται
1373 2630 1506 2674 ΠΙΜ
1604 2634 1657 2673 10
1683 2630 1822 2686 ὤφει-

137 2689 215 2730 λεν
248 2688 289 2731 εἰ
320 2685 423 2731 οἷόν
448 2690 494 2732 Β
521 2691 528 2746 Ι
555 2690 708 2732 αὐτῶν
736 2690 769 2732 Ι
796 2691 843 2732 et
873 2689 922 2731 in
954 2688 1097 2733 αὐτὸν
1156 2703 1230 2732 orr
1262 2689 1306 2733 U
1422 2694 1473 2732 11
1516 2689 1821 2746 βουλεύεσθαι

134 2758 165 2788 e
197 2746 450 2803 βούλεσθαι
481 2762 582 2792 corr
604 2749 638 2791 Ι
646 2747 662 2772 ²
800 2753 855 2791 12
885 2754 1020 2791 τοῦτο
1053 2745 1101 2792 δ’
1122 2743 1259 2801 ἧττον
1284 2773 1339 2779 -
1367 2751 1420 2789 13
1454 2748 1674 2804 ἀριθμεῖν
1706 2749 1822 2791 citat

137 2802 255 2847 Plan
278 2805 357 2849 fol.
381 2809 436 2848 38
559 2811 611 2849 17
646 2805 691 2850 δ’
720 2807 789 2850 Re
910 2810 964 2849 18
996 2807 1118 2850 inter
1139 2809 1276 2850 τοῦδε
1300 2808 1348 2850 et
1371 2805 1663 2860 ποιήσασθαι
1692 2820 1767 2850 ras
1793 2812 1819 2850 5

137 2861 219 2906 litt
241 2864 276 2906 I
418 2869 474 2908 20
507 2864 590 2908 ἕνα
621 2867 667 2909 Ρ
695 2865 777 2909 sed
809 2882 839 2908 α
870 2865 919 2907 in
949 2878 1025 2908 ras
1056 2865 1127 2908 m⁸
1217 2863 1265 2909 ἕν
1296 2881 1340 2908 τι
1370 2866 1406 2908 Ι
1431 2865 1512 2908 sed
1542 2881 1586 2908 τι
1618 2879 1673 2908 ex
1705 2883 1735 2908 α
1766 2867 1820 2908 ut

136 2920 320 2965 videtu:
350 2937 452 2966 con·
481 2923 552 2966 m⁸
699 2929 753 2967 21
788 2931 932 2967 αυτοῦ
965 2925 1009 2968 U
1093 2924 1236 2967 αὐτοῦ
1261 2925 1374 2967 ΒΜ
1517 2928 1572 2967 22
1606 2923 1708 2979 ἱερὰ
1738 2924 1819 2967 καὶ

132 2978 301 3035 λόγους
330 2982 410 3024 καὶ
439 2981 612 3038 νόμους
644 2983 688 3026 V
754 2984 835 3027 καὶ
866 2981 1030 3039 λόγους
1060 2997 1135 3026 om
1158 2982 1269 3025 Fen·
1292 2982 1395 3026 Mor

228 3061 426 3094 Lmums
450 3063 507 3094 ed.
532 3063 773 3096 Foerster.
811 3064 863 3095 ΙΙ.
1527 3059 1551 3097 7
