2060 3162
691 135 920 180 LIBANII
949 134 1173 180 ORATIO
1203 135 1354 179 xvm
1734 136 1839 189 291

162 273 251 326 καὶ
303 273 572 340 σύνεγγυς
624 273 769 341 ἔχειν
824 272 975 341 ἱεροῦ
1029 272 1091 324 τὸ
1146 271 1422 338 δωμάτιον
1475 269 1601 339 ἐξῆν
1650 277 1726 342 τῷ
1782 291 1845 339 γε

162 364 431 431 κρείττονι
480 358 716 428 ἡδονῶν.
793 356 960 413 οὐδὲν
1009 361 1113 429 γὰρ
1165 358 1458 429 ἐπράττετο
1503 367 1600 428 τῆς
1644 361 1845 423 νυκτὸς

161 459 272 503 τῶν
308 449 576 503 τοιούτων
614 450 879 516 γειτόνων
912 447 920 519 Ι
955 446 1193 512 ἀνάξιον.
1275 449 1394 501 129.
1435 448 1468 502 ἃ
1506 449 1607 516 μὲν
1646 444 1750 502 οὖν
1784 462 1826 505 Β,
1847 466 1932 506 565

160 538 420 607 ὑπέσχετο
460 535 550 590 καὶ
589 546 705 600 τοῖς
742 543 898 600 θεοῖς
929 536 1018 590 καὶ
1058 546 1171 600 τοῖς
1211 536 1532 606 ἀνθρώποις
1568 536 1694 607 περὶ
1733 547 1844 591 τῶν

160 631 310 680 θεῶν
361 627 466 696 πρὸ
521 633 617 695 τῆς
668 628 974 694 βασιλείας,
1038 625 1181 679 οὕτω
1238 630 1494 696 λαμπρῶς
1548 624 1629 679 ἐπ’
1677 627 1844 695 αὐτῆς
1890 649 1910 683 5

160 714 462 783 ἀπέδωκεν,
524 715 660 768 ὥστε
720 714 811 768 καὶ
865 725 977 768 τῶν
1030 717 1247 768 πόλεων
1301 707 1387 777 αἷς
1446 711 1548 784 μὲν
1599 711 1670 783 ἦν
1727 716 1851 785 ἱερὰ.

156 803 414 873 μένοντα,
461 805 552 857 καὶ
589 813 885 874 προσορῶν
931 804 1092 872 ἥδετο
1142 802 1232 856 καὶ
1270 812 1370 857 τοῦ
1409 805 1476 856 τὰ
1513 803 1742 872 μέγιστα
1781 800 1843 858 εὗ

155 898 360 946 παθεῖν
398 891 550 956 ἀξίας
595 892 828 961 ἐνόμιζε,
883 894 977 956 τὰς
1017 893 1078 946 δὲ
1117 892 1485 956 ἀνεσπακυίας
1523 892 1555 961 ἢ
1593 893 1772 946 πάντα
1809 892 1843 961 ἢ

155 984 219 1036 τὰ
256 984 425 1035 πλείω
465 983 664 1052 μιαράς
701 1002 759 1035 τε
798 983 1037 1051 ὠνόμαζε
1087 980 1175 1035 καὶ
1216 991 1328 1035 τῶν
1366 982 1649 1051 ὠφελειῶν
1694 1001 1844 1050 μετε-

156 1072 317 1124 δίδου
349 1071 451 1140 μὲν
483 1071 557 1134 ὡς
586 1072 867 1140 ὑπηκόοις,
909 1071 975 1124 οὐ
1008 1072 1117 1140 μὴν
1142 1072 1275 1124 ἄνευ
1306 1078 1405 1123 τοῦ
1440 1071 1839 1140 δυσχεραίνειν.
1866 1094 1908 1126 10

153 1158 301 1213 ταῦτ’
335 1155 439 1213 οὖν
488 1170 666 1214 ποιῶν
715 1161 802 1213 καὶ
849 1162 980 1223 τοὺς
1024 1162 1197 1223 θεοὺς
1247 1159 1472 1229 ἐφιστὰς
1521 1167 1586 1229 τῇ
1637 1167 1705 1230 γῇ
1751 1160 1841 1212 καὶ

155 1249 492 1302 διαλλάττων
545 1247 695 1322 ἐῴκει
749 1255 1013 1320 ναυπηγῷ
1065 1249 1158 1317 νηὶ
1210 1248 1416 1318 μεγάλῃ
1470 1250 1600 1311 τοὺς
1654 1252 1843 1310 οἰάκας

155 1336 509 1408 άποβαλούσῃ
564 1337 922 1408 προστιθέντι
976 1339 1144 1391 πάλιν
1199 1335 1446 1407 ἑτέρους,
1507 1338 1651 1406 πλὴν
1706 1337 1856 1390 ὅσον

155 1421 315 1488 οὗτος
353 1428 483 1488 τοὺς
520 1426 723 1489 αὐτοὺς
761 1426 1029 1480 ἀπεδίδου
1070 1434 1331 1495 σωτῆρας.

268 1514 386 1566 130.
440 1518 679 1567 Τοιαῦτα
724 1515 792 1583 δὴ
839 1514 964 1585 περὶ
1003 1523 1116 1568 τῶν
1151 1516 1384 1585 πρώτων
1421 1512 1513 1566 καὶ
1563 1500 1838 1582 μεγίστων
1864 1537 1904 1570 15

154 1601 606 1669 πεπολιτευμένος
651 1602 855 1670 βλέψας
905 1604 983 1666 εἰς
1036 1604 1138 1671 τὴν
1189 1603 1482 1672 βασιλικὴν
1534 1603 1840 1672 θεραπείαν

153 1691 241 1744 καὶ
302 1692 543 1744 κατιδὼν
597 1693 765 1760 ὄχλον
814 1693 1088 1762 ἄχρηστον
1140 1692 1420 1760 τηνάλλως
1481 1692 1841 1761 τρεφόμενον,

153 1782 447 1849 μαγείρους
485 1776 586 1849 μὲν
617 1781 842 1849 χιλίους,
882 1779 1115 1850 κουρέας
1146 1778 1207 1833 δὲ
1239 1780 1341 1834 οὐκ
1374 1778 1650 1848 ἐλάττους,
1691 1781 1840 1832 οἰνο-

154 1870 317 1936 χόους
378 1865 437 1921 δὲ
500 1870 747 1938 πλείους,
811 1872 987 1939 σμήνη
1049 1872 1475 1939 τραπεζοποιῶν,
1537 1868 1840 1937 εὐνούχους

152 1953 298 2025 ’ὑπὲρΥ
329 1958 424 2019 τὰς
461 1958 625 2024 μυίας
661 1958 807 2028 παρὰ
845 1967 959 2021 τοῖς
1004 1957 1260 2027 ποιμέσιν
1310 1956 1372 2010 ἐν
1417 1953 1536 2026 ἦρι,
1586 1958 1675 2010 καὶ
1725 1966 1838 2011 τῶν
1861 1981 1905 2013 20

152 2047 334 2098 ἄλλων
380 2044 623 2099 ἑκάστων
669 2046 854 2099 ἐθνῶν
902 2046 1223 2116 ἀμυθήτους
1268 2053 1540 2115 κηφῆνας,
1590 2049 1687 2115 μία
1732 2047 1835 2115 γὰρ

270 2254 322 2292 17
356 2251 503 2294 Amm.
530 2250 656 2295 XXII
679 2255 808 2305 4,10.
873 2250 994 2295 Socr.
1019 2251 1084 2294 ΠΙ
1110 2257 1132 2295 1
1165 2266 1210 2308 p.
1232 2251 1374 2295 17113.

239 2422 247 2429 ’
269 2433 292 2470 1
326 2427 417 2484 ἔχει
441 2428 526 2473 Mo
647 2433 672 2471 2
699 2428 808 2473 οὐδὲ
831 2429 926 2471 ΙΜ
945 2430 1010 2486 (et
1026 2429 1119 2485 Ba)
1241 2434 1267 2472 4
1300 2429 1379 2471 καὶ
1402 2436 1499 2479 τοῖς
1521 2431 1655 2479 θεοῖς
1686 2442 1760 2472 om
1798 2430 1837 2474 U

209 2490 234 2529 5
267 2487 409 2542 αὐτῆς
432 2487 467 2530 I
484 2487 566 2530 sed
589 2493 643 2543 ῆς
666 2487 715 2530 in
730 2501 806 2530 ras
822 2486 892 2531 m*
1013 2491 1038 2530 6
1072 2486 1184 2531 ὥστε
1216 2487 1381 2543 scripsi
1406 2490 1595 2532 auctore
1620 2487 1774 2532 Gasda

150 2541 617 2662 {22231125355‘233
643 2544 948 2657 {isnfflg
980 2543 1657 2658 {0’23‘101-'422'33
1671 2547 1774 2650 ἐξῇ

151 2665 176 2703 8
208 2660 254 2706 δ’
280 2622 349 2706 ΒΞ,
375 2664 381 2718 Ι
409 2660 439 2718 ἢ
468 2621 731 2707 πάνταμοῑη
754 2664 877 2708 Fabr
996 2669 1022 2707 9
1055 2623 1259 2721 ὠνόςμαζε
1287 2665 1321 2707 Ι
1336 2622 1637 2721 Ἑθάμὲνόμιζε
1671 2678 1832 2721 Supra-

152 2777 234 2808 scr.
258 2765 328 2808 m'
388 2721 592 2822 αξνόμάζε
618 2768 679 2810 Μ
736 2764 911 2822 ἐνόμιζε
935 2767 1057 2811 Fabr
1177 2772 1231 2810 12
1265 2766 1428 2823 οἴηκας
1460 2768 1534 2811 La
1657 2773 1710 2810 14
1743 2782 1830 2811 σω-

150 2825 307 2882 τῆρας]
341 2827 525 2879 „malim
556 2826 636 2868 καὶ
662 2826 914 2880 ρναεροκῦ*
946 2826 1014 2870 Re
1090 2823 1316 2882 σωτηρίας
1343 2827 1418 2870 La
1541 2831 1594 2869 15
1627 2826 1677 2870 δὲ
1702 2826 1770 2870 Re

154 2885 205 2923 17
229 2882 459 2939 τηνάλλως
482 2886 528 2929 Ρ
549 2884 630 2926 sed
654 2886 676 2926 λ
701 2883 896 2927 alterum
924 2897 1106 2927 erasum
1165 2884 1372 2940 τηνάλως
1395 2886 1430 2928 Ι
1545 2890 1598 2928 19
1623 2883 1828 2942 πλείους]

152 2941 334 2993 „malim
365 2942 444 2985 καὶ
474 2940 686 2992 πλείους“
718 2942 786 2985 Re
909 2947 964 2986 20
996 2943 1115 2998 μύας
1144 2944 1218 2987 La
1340 2948 1393 2986 21
1429 2942 1623 2988 ἕκαστον
1654 2945 1729 2987 La

1471 3017 1556 3058 19²·
