2054 3140
677 648 1006 695 ADDENDA
1047 649 1130 695 ΕΤ
1173 622 1616 697 ooRRIGENDA'.

419 775 528 831 Pag.
559 779 671 830 78,2
706 775 766 818 ad
800 774 1006 819 scholion
1042 775 1095 818 cf.
1125 775 1334 819 scholion
1366 776 1572 819 eiusdem
1607 777 1778 821 codicis
1816 777 1987 821 Vindo-

303 835 524 878 bonensis
558 835 618 877 ad
652 848 712 878 or.
741 833 889 877 XXVI
919 835 1035 889 πρὸς
1063 832 1263 890 Ἰκάριον
1295 837 1327 878 t.
1342 835 1405 878 HI
1433 841 1500 889 13,
1521 840 1588 878 11.

417 893 466 936 Ρ.
489 898 631 948 111,5
655 895 749 937 not.
787 893 982 938 scribas:
1018 895 1068 936 at
1100 894 1155 938 cf.
1189 909 1233 950 p.
1262 899 1360 950 261,
1382 899 1434 938 15
1467 896 1516 938 et
1545 895 1683 939 Rhes.
1711 900 1811 939 664.

419 952 468 995 P.
490 957 588 1008 169,
609 957 675 997 18.
710 952 925 996 Fortasse
948 953 1307 1009 praeferendum
1331 952 1544 1010 δραστόν,
1569 955 1624 997 ut
1647 954 1870 998 Libanius
1895 956 1926 998 t.
1945 955 1988 998 II

304 1016 404 1066 328,
425 1017 475 1054 11
510 1011 568 1055 τὰ
598 1012 650 1056 τὸ
684 1012 889 1057 δυνατὸν
923 1013 1007 1056 οὐκ
1040 1011 1205 1069 ἔχοντα
1239 1013 1368 1056 dixit.

420 1071 468 1113 P.
491 1075 589 1127 180,
609 1075 634 1114 9
669 1071 811 1115 schol.
839 1072 1036 1115 scribas:
1063 1070 1125 1116 Ὁ.

418 1130 468 1173 Ρ.
490 1135 572 1174 199
607 1132 701 1174 not.
725 1137 744 1172 1
781 1131 978 1175 scribas:
1016 1130 1259 1175 Villoison.

420 1189 470 1233 P.
497 1195 580 1234 211
616 1190 677 1233 ad
708 1189 789 1234 lin.
817 1194 843 1233 8
877 1190 1072 1234 scribas:
1106 1205 1150 1247 p.
1177 1195 1260 1234 985
1276 1192 1326 1234 B.

420 1248 468 1292 P.
496 1254 580 1293 225
613 1251 708 1293 not.
730 1255 752 1292 1
788 1249 956 1294 addas:
991 1248 1042 1293 G.
1069 1249 1212 1305 Koch,
1244 1250 1362 1293 Ann.
1388 1250 1550 1306 philol.
1573 1255 1670 1305 147,
1697 1255 1780 1293 362
1798 1265 1864 1306 sq.

420 1307 470 1350 P.
498 1313 582 1352 228
615 1310 709 1352 not.
731 1313 752 1351 1
789 1308 985 1352 scribas:
1019 1314 1148 1352 4306.

421 1367 469 1409 P.
497 1372 582 1411 253
617 1368 676 1410 ad
700 1367 781 1411 lin.
802 1373 855 1411 10
882 1370 988 1424 post
1010 1384 1055 1424 p.
1077 1373 1211 1422 72,19
1239 1369 1405 1412 addas:
1441 1370 1487 1412 et
1512 1383 1574 1413 or.
1594 1367 1721 1411 XXII
1745 1384 1788 1424 p.
1810 1373 1991 1423 489,18.

420 1426 482 1470 ib.
515 1427 565 1470 in
604 1428 759 1471 adnot.
797 1429 895 1471 crit.
938 1427 999 1471 ad
1030 1427 1060 1472 1.
1088 1433 1112 1471 2
1152 1432 1259 1484 post
1286 1433 1368 1471 155
1409 1428 1576 1471 addas:
1627 1428 1682 1471 cf.
1718 1429 1818 1471 Act.
1852 1427 1992 1472 Erud.

421 1543 469 1588 P.
498 1551 581 1589 262
622 1545 671 1588 in
711 1546 867 1590 adnot.
901 1547 1001 1590 crit.
1036 1546 1097 1590 ad
1129 1546 1157 1590 l.
1180 1551 1233 1590 18
1272 1549 1380 1602 post
1418 1547 1540 1590 Fabr
1585 1547 1753 1590 addas:
1802 1546 1858 1589 cf.
1892 1547 1992 1590 Act.

303 1604 443 1648 Erud.
463 1610 591 1658 1721,
610 1610 709 1649 268.

422 1664 471 1707 Ρ,
502 1668 583 1707 277
618 1665 667 1707 in
693 1664 849 1709 adnot.
877 1665 976 1709 crit.
1004 1665 1065 1708 ad
1096 1664 1176 1709 lin.
1205 1670 1229 1707 3
1263 1665 1430 1709 addas:
1466 1664 1744 1717 εὐνάζεσθαι
1767 1665 1829 1708 Io.
1855 1663 1994 1708 Henr.

304 1722 486 1766 Maius
526 1723 746 1780 (Histoire
786 1723 985 1779 critique
1018 1725 1075 1769 de
1105 1724 1154 1766 la
1185 1724 1479 1781 Republique
1512 1726 1592 1768 des
1623 1725 1804 1768 Lettres
1834 1725 1868 1767 t.
1892 1723 1997 1766 XIII

304 1797 348 1838 p.
377 1784 495 1838 271),
528 1783 603 1826 cui
635 1783 879 1827 oblocutus
913 1785 984 1827 est
1006 1784 1068 1827 Io.
1091 1783 1141 1827 G.
1169 1783 1458 1828 Steinheil
1487 1798 1571 1840 per
1595 1783 1844 1840 epistulam
1876 1796 1996 1838 quae

305 1842 624 1898 manuscripta
648 1843 857 1885 servatur
878 1842 929 1885 in
954 1843 1112 1886 codice
1137 1843 1451 1887 bibliothecae
1476 1843 1792 1886 universitatis
1812 1842 1994 1886 Gissen-

307 1900 369 1944 sis
402 1901 452 1944 B.
469 1899 619 1945 G.Ms.
636 1905 726 1956 58⁸,
760 1901 818 1944 de
846 1915 1043 1956 quorum
1075 1902 1319 1946 sententiis
1345 1916 1373 1945 a
1398 1901 1694 1946 Waechtlero
1727 1902 1776 1945 in
1808 1901 1996 1957 epistola

307 1961 360 2004 de
392 1961 662 2016 quibusdam
696 1961 804 2004 loeis
827 1962 1026 2005 Libana·
1054 1960 1229 2004 inscita
1252 1961 1384 2004 Actis
1409 1961 1711 2004 Eruditorum
1743 1960 1853 2004 anni
1880 1964 1990 2002 1721

305 2035 350 2075 p.
379 2024 612 2063 266-270
644 2019 844 2063 relatum
877 2022 958 2063 est.

424 2078 474 2122 P.
502 2082 585 2121 309
618 2078 668 2121 in
693 2079 849 2122 adnot.
878 2079 977 2122 crit.
1006 2079 1066 2122 ad
1090 2079 1193 2122 1.16
1228 2079 1395 2122 addas:
1430 2078 1614 2138 <λιμῷ>
1638 2076 1996 2135 τετρυχωμένοις
2040 2082 2044 2083 ’

309 2137 609 2182 Steinheilius
642 2140 689 2181 et
721 2138 781 2182 ad
813 2138 842 2182 l.
865 2143 916 2181 17
951 2139 1162 2182 ἀπατῶσι
1192 2137 1344 2181 Maius
1378 2137 1434 2182 cf.
1459 2138 1562 2182 Act.
1588 2138 1726 2182 Erud.
1749 2142 1875 2191 1721,
1894 2140 1992 2180 269.

425 2196 475 2240 Ρ.
502 2201 586 2240 323
621 2197 681 2240 ad
712 2197 741 2241 1.
763 2202 817 2241 15
850 2197 1046 2240 scribas:
1080 2202 1165 2241 425
1181 2212 1246 2252 sq.

426 2255 474 2300 P.
503 2260 588 2299 330
622 2257 683 2300 ad
713 2256 742 2300 1.
763 2261 809 2300 3:
857 2257 1138 2301 Edessam.
1187 2256 1244 2300 cf.
1272 2256 1445 2300 Sozom.
1478 2256 1521 2299 h.
1550 2256 1658 2300 eccl.
1685 2255 1748 2299 VI
1775 2261 1796 2298 1
1836 2269 1880 2311 p.
1909 2258 1993 2298 216

309 2314 350 2357 Α
373 2315 454 2370 qui
486 2315 631 2359 etiam
663 2316 712 2358 in
743 2316 1043 2371 sequentibus
1069 2315 1254 2359 Libanii
1285 2316 1598 2359 narrationem
1629 2316 1679 2358 in
1703 2329 1836 2359 suum
1860 2328 1994 2358 usum

311 2374 549 2417 convertit.
