2072 3162
203 136 309 189 102
736 136 964 180 LIBANH
996 135 1218 181 ORATIO
1250 137 1357 181 XIV

302 271 388 324 41.
420 273 496 324 Εἰ
509 269 611 340 μὲν
635 266 739 324 οὗν
765 272 826 325 ἓν
845 278 1008 325 τοῦτο
1033 273 1209 338 μόνον
1231 272 1477 343 ὑπῆρχεν
1489 271 1886 344 Ἀριστοφάνει,

105 373 151 417 R
172 377 257 417 438
289 361 350 413 τὸ
386 362 710 429 συνηγόρων
733 369 846 414 τῶν
869 359 977 413 ὑπὸ
1005 367 1107 413 σοῦ
1140 360 1550 429 πιστευομένων
1578 360 1584 431 Ι
1611 361 1886 432 εὐπορεῖν,

201 455 331 511 ἴσως
354 447 424 501 ἂν
440 448 808 517 ὀκνηρότερον
825 449 1119 518 διεκείμην.
1159 457 1267 502 νῦν
1292 448 1365 519 δ’,
1384 446 1425 502 ὦ
1448 453 1694 518 βασιλεῦ,
1718 450 1889 503 ταύτὰ

202 538 304 606 μὲν
335 537 466 606 ἡμῖν
496 536 718 606 ηὔξατο,
749 537 920 591 ταύτὰ
952 534 1014 591 δὲ
1045 537 1284 607 ἐμίσησε,
1316 547 1428 592 τῶν
1460 539 1643 592 αὐτῶν
1675 538 1736 591 δὲ
1768 537 1888 591 ἐπε-

67 663 73 669 ·
149 647 173 679 5
198 626 466 694 θύμησεν.
535 621 668 694 ἧκεν
707 627 785 689 εἰς
823 627 889 679 τὰ
927 628 1161 691 λείψανα
1198 636 1310 680 τῶν
1351 628 1515 697 ἱερῶν
1545 629 1783 695 κομίζων
1820 627 1888 680 οὐ

197 716 524 782 λιβανωτόν,
571 715 673 783 οὐχ
715 716 933 784 ἱερεῖον,
974 715 1040 768 οὐ
1080 722 1220 786 πῦρ,
1261 716 1328 769 οὐ
1368 715 1636 783 σπονδήν,
1676 715 1742 768 οὐ
1783 716 1887 784 γὰρ

197 801 341 871 ἐξῆν,
398 802 536 855 ἀλλὰ
587 804 771 872 ψυχὴν
821 803 1105 872 ἀλγοῦσαν
1155 802 1246 856 καὶ
1297 805 1494 873 φωνὴν
1544 803 1891 872 ὀδυρομένην

196 889 287 943 καὶ
328 891 745 962 δεδακρυμένην
798 893 887 944 καὶ
928 892 1187 961 δακρύων
1226 891 1482 961 ἀφορμὰς
1531 890 1622 945 καὶ
1672 891 1890 959 βλέπων

197 981 274 1042 εἰς
312 987 434 1048 γῆν,
474 981 535 1033 τὸ
577 981 678 1051 γὰρ
721 982 799 1043 εἰς
839 981 1083 1049 οὐρανὸν
1116 982 1412 1050 σφαλερόν,
1451 978 1569 1052 ᾔτει
1599 981 1747 1051 παρὰ
1776 989 1888 1034 τῶν

128 1091 174 1122 ιο
197 1073 349 1121 θεῶν
387 1076 594 1121 παῦσαι
644 1069 746 1138 μὲν
784 1069 845 1122 τὸ
887 1074 1131 1139 φθεῖρον
1178 1070 1277 1138 τὴν
1324 1068 1673 1138 οἰκουμένην,
1723 1070 1789 1122 τὰ
1830 1066 1891 1122 δὲ

198 1159 461 1210 Γαλατῶν
500 1157 686 1226 ἀγαθὰ
723 1159 885 1211 κοινὰ
922 1165 1149 1227 ποιῆσαι
1188 1165 1284 1227 τῆς
1322 1165 1434 1226 γῆς.
1511 1157 1597 1210 42.
1638 1156 1730 1210 καὶ
1760 1158 1889 1211 ταύ-

195 1264 291 1314 της
328 1253 424 1314 τῆς
463 1245 624 1315 εὐχῆς
664 1246 766 1299 οὐκ
805 1246 1028 1315 ὀλίγους
1061 1247 1207 1318 αὐτῷ
1239 1249 1546 1309 κοινωνοὺς
1579 1247 1889 1317 εἰργάσατο,

196 1335 335 1404 πρὸς
384 1332 484 1401 μὲν
536 1334 748 1388 ἐκεῖνον
794 1333 1125 1403 ἑκπολεμῶν,
1178 1336 1255 1398 εἰς
1303 1332 1364 1387 δὲ
1402 1336 1503 1404 τὴν
1549 1335 1746 1404 μερίδα
1791 1337 1892 1402 τὴν

197 1421 466 1492 ἡμετέραν
498 1423 753 1492 εἰσάγων,
793 1423 898 1476 κάν
929 1432 1044 1486 τοῖς
1085 1426 1376 1491 συλλόγοις
1416 1424 1518 1476 οὐκ
1557 1423 1892 1485 ἀκινδύνους

127 1531 173 1565 15
198 1510 317 1580 μέν,
355 1512 617 1580 ἠδίστους
656 1508 717 1564 δὲ
750 1512 895 1584 αὑτῷ
930 1514 1130 1580 λόγους
1168 1511 1453 1565 ἀπέτεινεν
1493 1513 1645 1565 οὔπω
1686 1512 1893 1580 παρού-

199 1613 297 1667 σης
337 1597 528 1670 ἑορτῆς
567 1599 853 1670 ἑορτάζων,
905 1594 995 1654 οἶα
1040 1598 1141 1670 μὲν
1179 1598 1331 1654 ἔσται
1379 1602 1446 1654 τὰ
1483 1610 1594 1654 τῶν
1633 1614 1893 1670 στρατιω-

197 1697 326 1757 τῶν,
377 1681 467 1742 οἷα
507 1686 567 1741 δὲ
605 1690 671 1742 τὰ
708 1699 820 1742 τῶν
865 1682 1096 1758 πόλεων,
1148 1683 1238 1743 οἶα
1285 1687 1345 1743 δὲ
1391 1690 1458 1743 τὰ
1502 1692 1777 1757 βασίλεια,
1827 1689 1894 1740 τὰ

203 1773 264 1828 δὲ
303 1786 414 1830 τῶν
455 1777 755 1847 ἀρχόντων,
795 1779 861 1830 τὰ
900 1775 961 1831 δὲ
993 1788 1104 1831 τῶν
1137 1781 1334 1847 λόγων,
1373 1779 1439 1831 τὰ
1469 1786 1566 1846 τῆς
1589 1776 1788 1845 Ἀσίας,
1827 1777 1893 1829 τὰ

105 1877 152 1920 R
173 1881 259 1920 439
291 1873 387 1933 τῆς
425 1866 716 1936 Εὐρώπης,
755 1868 816 1920 τὸ
856 1866 1117 1936 μέγιστον
1153 1867 1427 1936 ἁπάντων,
1466 1868 1533 1920 τὰ
1563 1867 1686 1935 περὶ
1721 1865 1728 1937 Ι
1763 1868 1894 1928 τοὺς

133 1974 178 2007 20
203 1954 386 2015 θεούς.
449 1954 535 2005 43.
577 1949 695 2007 εἶπέ
723 1973 831 2007 που
859 1954 1053 2023 λέγων,
1094 1957 1165 2018 ὡς
1195 1965 1411 2025 πρῶτος
1443 1954 1893 2023 ἐνευδαιμονήσει

322 2162 373 2200 11
409 2157 465 2201 cf.
491 2172 535 2213 p.
557 2162 627 2212 73,
647 2163 700 2201 13
717 2172 782 2214 sq.
907 2162 962 2201 20
995 2158 1137 2202 Thue.
1163 2158 1204 2200 Π
1229 2162 1299 2211 44,
1321 2163 1342 2200 1

319 2354 344 2392 2
393 2357 660 2407 συνηγορῶν
699 2350 749 2394 in
789 2347 1058 2407 συνηγόρων
1098 2363 1199 2393 corr
1230 2350 1265 2392 Ι
1272 2348 1371 2402 ²B²‚
1420 2348 1470 2392 in
1502 2362 1702 2405 συνηγορ
1735 2366 1761 2392 ν
1794 2348 1839 2393 U

199 2412 227 2450 3
259 2415 406 2452 ταῦτα
430 2409 541 2453 Fen·
564 2409 679 2464 Mor,
712 2409 792 2465 qui
823 2411 983 2453 tamen
1013 2407 1159 2452 ταύτὰ
1192 2408 1297 2452 coni
1425 2412 1452 2451 4
1484 2404 1531 2450 δ’
1559 2407 1628 2451 Re
1748 2411 1773 2450 8
1807 2408 1889 2463 δη-

198 2468 372 2510 λοῦσαν
404 2467 526 2511 inter
557 2468 774 2524 δακρύων
807 2470 854 2512 et
886 2466 1102 2525 ἀφορμὰς
1133 2467 1359 2511 excidisse
1389 2466 1528 2523 putat
1558 2466 1649 2521 Re,
1690 2465 1888 2523 ἔχουσαν

200 2537 288 2581 ego
457 2531 510 2570 10
559 2530 765 2583 φθεῖραν
797 2527 899 2571 Μο1·
1059 2532 1111 2570 11
1159 2527 1282 2570 inter
1312 2524 1476 2583 ἀγαθὰ
1509 2527 1556 2568 ef,
1586 2523 1723 2569 κοινὰ
1753 2538 1828 2567 ras
1863 2529 1887 2568 9

202 2587 318 2627 —10
345 2583 424 2627 li‘ct
446 2586 482 2628 I
597 2590 649 2629 12
683 2587 806 2630 αὐτῶ
824 2586 1062 2630 AVBMI
1086 2586 1185 2642 (sed.
1216 2586 1266 2629 in
1290 2585 1378 2628 hoc
1408 2584 1458 2627 in
1482 2585 1605 2628 αὑτῶ
1631 2585 1746 2639 corr)
1780 2583 1892 2627 Fen·

201 2641 304 2686 Mor
365 2651 487 2687 αυτῶ
523 2645 567 2689 U
681 2649 733 2688 15
768 2645 891 2688 αὐτῶ
926 2645 1105 2689 VIBM
1161 2651 1284 2688 αυτῶ
1318 2644 1388 2699 ΠΙ
1415 2643 1523 2692 τοὺς
1553 2640 1716 2699 λόγους
1744 2643 1856 2687 ΒΜ
1881 2644 1888 2699 Ι

202 2699 445 2745 ἀπέτεινεν
474 2702 511 2746 0
539 2703 620 2746 sed.
651 2719 697 2746 ετ
728 2703 777 2746 111
808 2717 883 2746 ras
917 2708 941 2747 3
974 2703 1054 2747 litt
1083 2704 1112 2758 f
1287 2707 1339 2746 17
1373 2699 1635 2760 βασιλείαςῗ
1669 2700 1888 2755 Sin'cenis,

202 2759 400 2803 fortasse
430 2762 568 2815 recte,
605 2762 880 2818 praesertim
912 2762 951 2805 si
981 2769 1062 2819 τῆς
1099 2761 1403 2818 praeponitur
1583 2764 1637 2804 18
1679 2759 1729 2803 δὲ
1768 2759 1891 2804 inter

198 2817 261 2861 τὰ
293 2821 340 2861 et
369 2826 450 2875 τῆς
481 2819 587 2875 (bis)
627 2821 809 2865 UIBM
927 2825 979 2865 19
1019 2821 1099 2864 καὶ
1129 2821 1180 2865 τὸ
1213 2820 1287 2864 vel
1316 2819 1367 2864 τὸ
1401 2818 1453 2864 δὲ
1485 2818 1640 2863 Gasda
1668 2818 1673 2877 Ι
1701 2817 1891 2863 πάντων

201 2877 240 2978 {¹
271 2878 441 2979 sedMin
481 2877 701 2923 ἁπάντων
749 2893 850 2923 corr
887 2879 978 2935 m²‚
1011 2881 1123 2924 ΒΜ
1296 2883 1352 2922 20
1401 2879 1451 2923 ἐν
1491 2875 1814 2934 εὐδαιμονήσει
1846 2879 1892 2922 Β

243 2949 316 2980 err
390 2951 440 2980 or
