2060 3162
692 151 924 195 LIBANII
954 149 1178 195 ORATIO
1211 150 1360 195 XVIII
1742 149 1851 202 293

168 288 222 353 ἐξ
274 290 543 358 εὐπόρων,
597 287 801 350 αὐτοὺς
847 284 908 340 δὲ
956 285 1010 350 ἐξ
1057 286 1283 357 ἀπόρων
1329 286 1601 356 εὐπόρους
1646 286 1737 338 καὶ
1787 293 1852 356 τῇ

167 387 279 433 τῶν
314 379 585 447 πρότερον
623 377 968 444 εὐδαιμόνων
1014 378 1176 446 πενίᾳ
1213 379 1584 437 πλουτοῦντες
1621 372 1712 427 καὶ
1751 375 1854 443 τὴν

168 467 472 535 ἀπληστίαν
517 466 595 527 εἰς
631 466 698 518 τὰ
735 463 969 535 τέρματα
1014 472 1110 532 τῆς
1149 463 1474 533 οἰκουμένης
1521 462 1854 526 ἐκτείνοντες

169 556 198 610 ὅ
236 575 288 608 τι
326 555 620 622 βούλοιντο
666 555 814 623 παρὰ
851 561 952 607 τοῦ
998 561 1334 622 κρατοῦντος
1379 551 1718 621 ἐπήγγελλον
1762 550 1855 604 καὶ

168 645 269 697 οὐκ
298 639 369 712 ἦν
400 643 731 713 ἀρνηθῆναι,
771 641 890 696 ἀλλ’
921 643 1226 713 ἡρπάζοντο
1265 640 1491 695 παλαιαὶ
1522 644 1722 710 πόλεις,
1761 639 1853 694 καὶ
1901 663 1920 696 5

167 733 335 800 κάλλη
361 734 684 801 νενικηκότα
708 734 912 802 χρόνον
944 732 1037 784 διὰ
1067 731 1344 799 θαλάττης
1365 733 1526 800 ἤγετο
1552 732 1856 798 ποιήσοντα

166 819 424 889 κναφέων
480 820 665 874 υἱέσιν
718 822 895 883 οἰκίας
947 829 1060 873 τῶν
1119 821 1418 888 βασιλείων
1475 819 1855 889 φαιδροτέρας.

170 909 289 962 133.
346 909 487 963 οὕτω
529 907 591 963 δὲ
629 912 810 963 ὄντων
849 908 1074 963 ἐκείνων
1121 909 1189 962 οὐ
1230 917 1490 978 φορητῶν
1536 908 1731 961 πολλοὶ
1773 910 1858 976 ζη-

166 996 332 1050 λωταὶ
386 996 512 1051 καθ’
553 997 800 1067 ἕκαστον,
848 999 905 1051 αἱ
953 999 1140 1067 κύνες,
1195 1000 1358 1067 φασί,
1412 998 1508 1059 τὰς
1562 998 1857 1059 δεσποίνας

164 1087 510 1156 μιμούμεναι.
585 1096 698 1140 τῶν
728 1088 832 1156 γὰρ
866 1088 1094 1140 οἰκετῶν
1117 1087 1302 1150 οὐδεὶς
1331 1083 1419 1155 ἧν,
1452 1086 1513 1149 ὃς
1538 1086 1639 1156 οὐχ
1669 1085 1855 1156 ὕβριζε
1880 1109 1923 1140 10

166 1175 326 1244 δέων,
390 1176 731 1245 σπαράττων,
793 1175 1230 1246 ἀφαιρούμενος,
1300 1177 1496 1244 παίων,
1558 1174 1856 1243 ἐκβάλλων,

166 1263 432 1333 ἐλαύνων,
479 1273 745 1335 γεωργεῖν
784 1262 969 1333 ἀξιῶν,
998 1263 1105 1318 >ἐπὶ
1154 1265 1379 1333 ζεύγους
1425 1263 1722 1334 φέρεσθαι,
1770 1265 1857 1316 δε-

166 1355 367 1421 σπότης
413 1349 556 1406 εἶναι
608 1354 700 1406 καὶ
745 1355 1008 1416 τοσοῦτός
1054 1373 1139 1422 γε,
1195 1353 1324 1416 ὅσος
1375 1349 1447 1422 ἦν
1502 1353 1531 1406 ὁ
1587 1353 1856 1420 δεσπότης

167 1442 324 1514 αὐτῷ.
403 1441 521 1493 134.
578 1434 661 1504 οἷς
704 1460 768 1510 γε
814 1442 916 1494 οὐκ
962 1440 1174 1511 ἐξήρκει
1219 1445 1497 1507 πλουτεῖν,
1545 1439 1662 1494 ἀλλ’
1695 1442 1744 1493 εἰ
1782 1441 1854 1509 μὴ

166 1531 254 1583 καὶ
293 1538 619 1583 κοινωνοῖεν
666 1528 990 1599 ἀξιώματος,
1027 1530 1409 1598 ἠγανάκτουν,
1456 1530 1529 1592 ὡς
1572 1530 1742 1600 ταύτῃ
1784 1530 1851 1598 δὴ
1878 1551 1919 1584 15

167 1620 470 1688 κρύψοντες
516 1619 617 1686 τὴν
664 1619 937 1671 δουλείαν.
1013 1617 1103 1671 καὶ
1151 1620 1329 1687 ζώνην
1374 1612 1524 1688 εἶχον
1573 1619 1708 1687 μετὰ
1744 1627 1856 1671 τῶν

286 1813 311 1852 9
344 1808 463 1852 Plat.
489 1821 584 1864 rep.
603 1807 709 1851 VIII
740 1823 784 1864 p.
811 1807 945 1852 5630

222 2004 226 2009 .
288 1975 310 2013 7
344 1969 582 2028 κναφέων]
615 1972 822 2027 κναφεὺς
853 1969 1052 2023 ἀττικόν,
1084 1970 1136 2015 τὸ
1168 1971 1219 2015 δὲ
1243 1971 1442 2022 πλυνεὺς
1466 1969 1710 2027 ἀδόκιμον,
1741 1973 1855 2015 πλυ-

167 2030 247 2080 νὸς
277 2029 328 2074 δὲ
360 2029 384 2073 ὁ
418 2029 580 2086 ἄτιμος
611 2033 718 2087 (κτλ.
745 2052 800 2067 =
826 2029 987 2074 Thom.
1013 2030 1074 2073 M.
1102 2044 1135 2073 s.
1154 2045 1193 2074 v.
1227 2031 1426 2081 πλυνεύς
1455 2046 1499 2087 p.
1527 2034 1626 2083 282,
1645 2032 1689 2087 5)
1722 2029 1790 2074 B²

288 2198 309 2235 1
345 2193 516 2244 αὐτοὺς
537 2219 596 2226 -
620 2191 847 2248 εὐπόρους
878 2206 954 2236 om
980 2194 1023 2237 V
1058 2194 1064 2248 1
1104 2193 1274 2243 αὐτοὺς
1306 2206 1361 2236 ex
1392 2193 1563 2242 αὐτοὺς
1601 2206 1702 2236 corr
1724 2192 1798 2237 Ρ8

168 2252 337 2303 αὐτοὺς
370 2254 519 2297 MoM
537 2251 640 2297 Mor
700 2252 871 2303 αυτοὺς
911 2253 956 2297 U
996 2255 1002 2308 Ι
1042 2250 1087 2295 δ’
1116 2253 1257 2296 LaM
1276 2252 1345 2295 Re
1477 2257 1502 2294 2
1535 2250 1772 2308 προτέρων
1799 2254 1861 2296 M

228 2316 255 2354 4
289 2309 359 2354 ὅτι
383 2311 468 2356 Mo
516 2314 523 2368 Ι
574 2310 823 2368 ἐπήγγελον
850 2311 1085 2356 CMoLaI
1108 2312 1157 2354 in
1189 2326 1281 2368 quo
1314 2310 1503 2366 ἐζήτουν
1534 2325 1759 2368 suprascr.
1787 2311 1857 2354 m*

230 2369 516 2427 ἀπήγγελλον
547 2370 593 2413 Β
616 2370 740 2414 Fabr
814 2369 1075 2428 ἀπήγγελον
1106 2370 1208 2413 Mor
1358 2374 1384 2413 5
1416 2369 1530 2414 ἀλλὰ
1565 2370 1674 2415 OLa
1706 2370 1798 2414 edd

171 2433 196 2471 6
221 2428 539 2486 διαθαλάττης
562 2430 637 2473 La
759 2433 782 2471 7
809 2427 1050 2487 βασιλείων
1067 2431 1098 2473 Ι
1119 2430 1200 2473 sed
1225 2426 1265 2473 εἰ
1289 2429 1339 2472 in
1362 2442 1438 2472 ras
1462 2429 1533 2472 m³
1652 2433 1678 2472 9
1710 2427 1855 2473 καθέ-

167 2502 340 2532 καστον
365 2489 411 2531 Ρ
449 2491 456 2545 1
500 2488 644 2543 φασὶν
670 2490 754 2532 Mo
902 2493 955 2531 11
990 2487 1109 2533 δέων
1151 2489 1195 2532 V
1219 2489 1301 2532 sed
1331 2490 1440 2545 post
1470 2504 1490 2532 ε
1520 2501 1596 2531 ras
1632 2493 1653 2532 1
1688 2487 1780 2543 litt,
1812 2505 1856 2542 υ,

166 2548 220 2589 ut
258 2546 442 2590 videtur
519 2544 667 2591 δαίων
693 2549 753 2591 Μ
789 2547 870 2590 sed
902 2546 1022 2591 δέων
1053 2548 1102 2590 in
1126 2561 1261 2604 marg
1282 2547 1353 2590 m³
1427 2564 1482 2604 γρ
1507 2545 1619 2600 ζέων
1650 2548 1700 2590 in
1722 2560 1857 2604 marg

167 2604 269 2648 Mor
330 2609 424 2651 δῶν
457 2605 602 2650 Cobet
631 2605 801 2649 Mnem.
826 2605 881 2648 N.
910 2605 951 2649 S.
969 2606 1011 2650 V
1031 2611 1114 2650 133
1147 2606 1277 2663 (Coll.
1300 2608 1402 2663 113)
1549 2611 1601 2649 12
1636 2606 1857 2660 ἐλαύνων,

169 2663 399 2722 ἐκβάλλων
425 2665 469 2709 V
500 2667 506 2721 1
541 2665 685 2717 ἀξιῶν
716 2664 765 2707 in
788 2677 923 2722 marg
952 2665 1077 2708 inser
1102 2665 1209 2710 Mo²
1338 2669 1393 2708 13
1427 2662 1533 2709 ὅσον
1559 2666 1604 2709 V
1718 2670 1772 2707 14
1805 2681 1855 2722 γε

169 2722 215 2765 Ρ
234 2724 316 2767 sed
340 2741 366 2781 y
390 2725 439 2767 in
462 2737 538 2767 ras
554 2723 625 2766 m²
678 2722 729 2767 δὲ
755 2725 840 2768 Mo
866 2726 872 2780 Ι
901 2723 1080 2779 ἐξήρκει
1103 2724 1206 2768 Mor
1229 2724 1310 2768 sed
1335 2741 1389 2781 γρ
1408 2722 1631 2780 ἐξηρτίκει
1655 2724 1705 2766 in
1722 2737 1856 2781 marg

173 2781 179 2839 Ι
213 2781 327 2826 ἀλλὰ
359 2783 444 2827 Mo
476 2783 557 2826 sed
588 2779 685 2826 ἀλλ’
722 2782 771 2825 in
794 2795 928 2840 marg
1049 2788 1102 2827 15
1135 2784 1215 2827 καὶ
1246 2797 1323 2827 om
1347 2783 1409 2826 M
1454 2783 1460 2841 Ι
1510 2790 1781 2826 κοινωνοῖεν
1812 2784 1860 2826 Ρ

172 2840 252 2883 sed
277 2857 293 2883 ι
325 2843 372 2884 et
396 2845 444 2885 o*
475 2842 524 2884 in
547 2854 623 2884 ras
648 2840 718 2883 m²
778 2840 1108 2895 κεκοινήκεσαν
1135 2843 1305 2886 ΟΒΜΟ
1337 2842 1418 2885 sed
1442 2842 1491 2884 in
1514 2841 1603 2885 hoc
1635 2841 1854 2886 κεκοινώ-

171 2914 296 2942 νοιεν
326 2900 376 2942 in
406 2913 559 2957 marg,
601 2899 704 2942 Mor
734 2899 801 2943 Re
886 2900 1191 2956 κεκοινώνηκε
1223 2902 1299 2945 La
1381 2901 1718 2956 κεκοινώνηκεν
1751 2899 1813 2942 Μ
1843 2899 1848 2957 Ι

169 2957 332 3015 ταύτῃ]
363 2958 528 3002 τούτου
560 2958 683 3002 Fabr
805 2962 857 3000 16
889 2957 973 3014 τὴν
1005 2972 1079 3002 om
1103 2960 1180 3003 La
1206 2959 1213 3016 Ι
1239 2959 1505 3016 κρύψοντος
1537 2959 1659 3003 GMo
1683 2957 1785 3000 Mor
