2060 3162
285 109 394 161 364
800 108 1026 152 LIBANII
1057 107 1279 152 ORATIO
1310 107 1458 151 XVIII

283 241 346 297 δὲ
393 245 481 296 καὶ
523 243 880 314 Σαυρομάται
925 242 1016 296 καὶ
1055 241 1255 296 Κελτοὶ
1301 241 1392 296 καὶ
1429 251 1540 296 πᾶν
1580 243 1715 295 ὅσον
1751 243 1956 312 βάρβα-

193 345 236 388 Β.
255 349 338 388 621
377 353 478 402 ρον
511 332 693 400 ἠγάπα
725 335 820 400 ζῆν
851 331 913 385 ἐν
944 333 1224 400 σπονδαῖς,
1257 327 1422 394 αὖθις
1456 333 1463 399 Ι
1495 333 1560 384 τὰ
1593 331 1722 400 ξίφη
1753 329 1956 399 θήξαν-

280 439 367 483 τες
426 419 900 490 ἐπιστρατεύουσι,
963 419 1335 488 διαπλέουσιν,
1396 419 1705 487 ἀπειλοῦσι,
1768 421 1958 489 δρῶσι,

283 509 574 570 διώκοντες
612 510 846 578 αἱροῦσι,
887 510 1210 577 διωκόμενοι
1244 515 1558 578 κρατοῦσιν,
1599 509 1777 577 ὥσπερ
1817 507 1957 560 οἰκέ-

240 617 260 650 5
284 617 371 650 ται
409 595 643 668 πονηροὶ
684 598 953 649 δεσπότου
993 598 1434 664 τετελευτηκότος
1472 597 1739 666 ὀρφανοῖς
1773 594 1956 649 ἐπανι-

281 686 553 754 στάμενοι.

392 774 514 827 291.
558 772 680 827 Ἐπὶ
726 774 941 836 τούτοις
985 775 1068 836 τίς
1106 774 1207 826 οὐκ
1246 772 1315 826 ἂν
1354 781 1494 827 νοῦν
1532 775 1671 843 ἔχων
1717 772 1958 835 ἐκτείνας

282 861 480 916 ἑαυτὸν
520 862 604 915 ἐπὶ
645 870 744 931 γῆς
791 863 880 915 καὶ
926 863 1323 931 καταχεάμενος
1368 862 1576 932 τέφραν
1620 861 1710 915 καὶ
1757 864 1959 915 τίλλων

280 949 406 1013 νέος
442 948 544 1020 μὲν
584 954 798 1019 ἴουλον,
847 949 1025 1021 γέρων
1065 948 1126 1003 δὲ
1171 952 1365 1013 πολιὰς
1410 951 1581 1004 αὑτόν
1625 970 1683 1003 τε
1721 950 1811 1004 καὶ
1857 952 1959 1019 τὴν

217 1061 259 1092 10
282 1038 628 1108 οἰκουμένην,
668 1041 716 1092 εἰ
752 1041 835 1092 δεῖ
875 1040 942 1108 δὴ
975 1038 1122 1092 τοῦτ’
1146 1041 1223 1092 ἔτι
1253 1049 1572 1109 προσειπεῖν
1604 1040 1791 1107 αὐτήν,
1830 1057 1957 1091 πεν-

284 1130 534 1197 θήσειενς
574 1127 695 1179 292.
729 1129 762 1196 ἡ
786 1126 887 1196 μέν
911 1147 972 1195 γε
998 1130 1077 1196 Γῆ
1109 1131 1285 1189 καλῶς
1307 1147 1365 1180 τε
1389 1126 1592 1198 ᾔσθετο
1617 1136 1716 1180 τοῦ
1740 1128 1958 1190 πάθους

281 1218 373 1269 καὶ
411 1217 764 1286 προσηκούσῃ
803 1222 977 1287 κουρᾷ
1023 1217 1121 1269 τὸν
1160 1217 1335 1286 ἄνδρα
1381 1215 1631 1285 ἐτίμησεν
1671 1216 1957 1269 ἀποσεισα-

281 1302 443 1374 μένη,
482 1305 732 1375 καθάπερ
780 1305 945 1367 ’ἵππος
984 1304 1279 1373 ἀναβάτην,
1324 1307 1507 1367 πόλεις
1545 1307 1706 1367 τόσας
1743 1303 1831 1357 καὶ
1870 1307 1958 1357 τό-

281 1408 404 1461 σας,
473 1392 534 1446 ἐν
588 1396 931 1462 Παλαιστίνῃ
999 1394 1225 1462 πολλάς,
1293 1394 1387 1456 τὰς
1440 1394 1668 1462 Λιβύων
1736 1393 1958 1455 ἁπάσας.

215 1502 257 1534 15
280 1490 486 1534 κεῖνται
525 1481 626 1550 μὲν
666 1483 719 1534 αῖ
759 1481 1006 1550 μέγισται
1038 1484 1312 1550 Σικελίας,
1351 1491 1558 1534 κεῖνται
1598 1482 1658 1534 δὲ
1681 1480 1958 1550 Ἑλλήνων

280 1571 425 1639 πλὴν
464 1578 589 1639 μιᾶς
628 1571 683 1622 αἱ
722 1577 908 1638 πᾶσαι,
946 1578 1118 1622 κεῖται
1158 1567 1219 1622 δὲ
1257 1569 1290 1637 ἡ
1329 1572 1465 1638 καλὴ
1497 1572 1718 1638 Νίκαια,
1761 1572 1956 1623 σείεται

282 1655 343 1710 δὲ
382 1660 414 1727 ἡ
452 1659 639 1711 κάλλει
684 1660 908 1727 μεγίστη
949 1656 1038 1734 καὶ
1076 1663 1311 1728 θαρρεῖν
1356 1657 1481 1728 περὶ
1527 1666 1626 1711 τοῦ
1665 1657 1959 1724 μέλλοντος

282 1747 384 1799 οὐκ
423 1748 546 1816 ἔχειι
623 1746 745 1799 293.
784 1755 954 1817 ταῦτα
993 1748 1138 1818 αὐτῷ
1172 1748 1319 1817 παρὰ
1355 1755 1451 1815 τῆς
1484 1749 1537 1799 Γ
1529 1754 1592 1815 ἧς
1623 1746 1655 1815 ἢ
1693 1748 1740 1800 εἰ
1771 1748 1957 1815 βούλει

281 1854 359 1903 γε,
398 1842 497 1887 τοῦ
530 1836 899 1904 Ποσειδῶνος,
937 1837 1084 1905 παρὰ
1116 1835 1178 1888 δὲ
1217 1831 1285 1888 αὖ
1324 1843 1435 1887 τῶν
1465 1833 1642 1905 Ὡρῶν
1682 1834 1828 1902 λιμοὶ
1866 1834 1956 1888 καὶ

401 1998 454 2036 13
495 1993 550 2037 cf.
583 1997 614 2037 t.
648 1994 668 2036 I
702 1998 800 2049 147,
818 1999 874 2037 23
906 1995 954 2038 et
985 2009 1124 2051 supra
1153 2010 1197 2051 p.
1224 1999 1321 2038 223.
1369 1995 1516 2038 Amm.
1549 1994 1696 2038 XXVI
1729 1998 1870 2048 10,15
1889 2009 1955 2050 sq.

281 2052 445 2095 Zosim.
471 2053 615 2096 IV18.
648 2052 711 2096 Io.
738 2051 894 2108 Chrys.
929 2054 989 2096 ad
1019 2067 1125 2110 pop.
1151 2054 1256 2096 Ant.
1289 2053 1447 2096 homil.
1472 2053 1514 2095 H
1543 2055 1576 2095 t.
1601 2053 1643 2095 H
1673 2068 1715 2108 p.
1742 2058 1794 2095 21
1816 2053 1852 2095 Ε
1884 2053 1957 2097 ed.

281 2111 444 2155 Montf.
464 2110 626 2154 Chron.
653 2126 742 2167 syr.
767 2112 837 2154 ed.
863 2112 993 2155 Land
1025 2112 1195 2156 Anecd.
1223 2126 1311 2167 syr.
1328 2111 1349 2154 Ι
1382 2116 1477 2154 106.
1536 2111 1780 2167 Ephraem.
1799 2112 1954 2166 hymn.

281 2184 317 2214 c.
343 2169 426 2213 Iul.
452 2169 514 2214 IV
539 2169 748 2226 fflickell,
775 2170 946 2213 Ztschr.
968 2170 998 2213 f.
1017 2170 1144 2214 kath.
1173 2170 1328 2213 Theol.
1350 2170 1392 2212 H
1417 2172 1519 2227 354>
1640 2175 1692 2212 17
1723 2183 1784 2213 or.
1810 2170 1955 2213 XXIX

401 2380 423 2418 1
458 2375 509 2420 δὲ
541 2375 590 2418 in
620 2389 695 2419 ras
725 2375 798 2420 P3
865 2375 989 2419 inser
1014 2375 1073 2418 1⁸
1134 2389 1207 2418 om
1233 2376 1294 2418 M
1303 2376 1346 2420 U
1373 2378 1378 2432 1
1413 2376 1493 2419 καὶ
1524 2375 1646 2418 inser
1670 2375 1727 2418 1³
1754 2378 1760 2431 Ι
1788 2390 1955 2430 σαυρο-

282 2434 422 2491 μάται
463 2434 502 2477 0
543 2434 625 2477 sed.
672 2436 779 2477 ante
819 2451 850 2489 μ
897 2433 1094 2477 alterum
1140 2451 1171 2490 μ
1218 2447 1454 2490 sum-apos,
1495 2435 1536 2488 f,
1577 2436 1611 2478 Ι
1651 2434 1732 2477 sed
1771 2436 1878 2477 ante
1924 2452 1957 2491 μ

280 2506 355 2536 ras
397 2499 419 2537 1
459 2493 539 2536 litt
688 2498 713 2536 3
753 2493 1021 2536 ἀπειλοῦσιν
1061 2495 1134 2537 La
1286 2498 1312 2536 4
1353 2493 1536 2548 αἱροῦσι
1574 2494 1620 2536 Ρ
1655 2493 1735 2536 sed
1770 2496 1789 2505 '⁴
1828 2492 1898 2536 m²

282 2551 464 2607 αἴρουσι
493 2552 633 2597 MoU
745 2556 770 2594 9
803 2552 947 2596 αὐτὸν
980 2554 1063 2596 Mo
1095 2554 1142 2594 et
1172 2552 1221 2595 in
1253 2552 1396 2596 αὑτὸν
1428 2566 1527 2596 corr
1551 2553 1596 2596 P
1607 2552 1623 2576 ³
1683 2551 1825 2595 αυτὸν
1857 2551 1902 2594 U

284 2615 339 2653 10
371 2612 443 2654 δεῖ
472 2624 547 2653 om
581 2612 650 2666 U!
678 2613 752 2655 δεῖ
780 2610 837 2666 δὴ
869 2610 918 2653 in
948 2624 1022 2654 ras
1055 2611 1127 2654 1³³
1187 2611 1244 2667 δὴ
1278 2613 1352 2655 δεῖ
1389 2612 1501 2655 VLa
1524 2611 1592 2654 Re
1713 2614 1764 2652 11
1799 2608 1882 2665 μέν
1905 2627 1955 2666 γε

285 2669 323 2712 O
350 2669 429 2711 sed
460 2686 531 2713 τοι
564 2683 787 2725 suprascr.
813 2683 848 2723 8,
881 2671 915 2712 I
940 2670 1019 2713 sed
1052 2685 1072 2713 ε
1102 2670 1319 2713 ultimum
1349 2670 1398 2712 in
1429 2683 1502 2712 ras
1533 2669 1603 2712 m²
1662 2667 1817 2723 μέντοι
1849 2669 1959 2712 ΒΜ

344 2733 396 2770 12
429 2727 573 2783 κουρὰ
607 2730 680 2772 La
862 2732 915 2770 13
959 2727 1100 2778 ἵππος
1131 2743 1186 2772 ex
1217 2728 1362 2772 ἵππον
1395 2742 1495 2772 corr
1519 2727 1627 2771 Mo²
1667 2731 1672 2784 Ι
1714 2727 1954 2784 ἀναβάτην

281 2786 406 2829 inser
437 2786 503 2830 V²
652 2791 707 2830 14
737 2793 829 2831 τῶν
860 2788 906 2830 Β
1063 2792 1116 2830 15
1149 2787 1231 2843 μὲν
1262 2787 1387 2831 inser
1408 2786 1466 2830 1²
1515 2789 1520 2842 Ι
1569 2783 1780 2835 Κιλικίας
1811 2784 1956 2828 Cobet·

281 2844 448 2888 Mnem.
466 2845 508 2888 V
526 2850 609 2888 134
642 2845 771 2901 (Coll.
793 2847 894 2902 114)
1016 2850 1068 2889 18
1101 2848 1217 2903 αὐτῇ
1249 2846 1370 2889 Fabr
1397 2847 1402 2901 Ι
1430 2861 1479 2901 γε
1510 2843 1639 2899 παρὰ
1669 2851 1749 2887 τοῦ
1784 2845 1896 2888 VLa

285 2909 338 2947 19
357 2900 415 2946 αὖ
428 2905 539 2961 τῶν]
550 2905 702 2949 αὐτῶν
715 2905 827 2949 VLa
852 2907 859 2960 Ι
887 2902 1036 2959 ἀέρων
1047 2904 1191 2948 Cobet
1207 2902 1704 2948 Mnem.111253.V134
1718 2902 1954 2959 (Coll.114)
