2060 3162
3 1275 10 1294 Ν
0 1121 15 1264 *awa-scr
0 1035 15 1080 ,;··’

0 1644 7 1657 ⁵*-
0 1622 3 1627 ’
0 1605 5 1610 ’
0 1422 14 1594 -ινπε-.κ“υ-”
2 1403 7 1410 2
11 1387 16 1392 ,
0 1304 13 1356 “sy

818 795 821 797 ⁴
893 833 1063 886 XVII.

250 969 422 1019 Oratio
452 971 691 1033 inscripta
723 970 944 1040 μονῳδία
973 969 1052 1020 ἐπὶ
1079 966 1329 1039 Ἰουλιανῷ
1363 988 1488 1034 quae
1520 987 1619 1020 non
1651 972 1824 1022 statim

136 1048 251 1107 post
289 1046 518 1094 nuntium
556 1045 686 1093 necis
724 1045 910 1093 Iuliani
949 1045 1026 1093 die
1068 1047 1134 1094 26
1175 1046 1356 1094 mensis
1394 1045 1526 1093 Iunii
1564 1047 1682 1093 anni
1715 1046 1818 1093 363

136 1120 298 1168 factae
329 1118 645 1167 Antiochiam
682 1119 945 1181 perlatum,
984 1120 1070 1167 sed
1107 1119 1297 1168 duobus
1335 1120 1436 1168 fere
1476 1121 1615 1168 annis
1652 1120 1767 1181 post
1778 1112 1819 1185 1)

137 1194 409 1256 composita
447 1194 528 1241 vel
566 1193 743 1241 saltem
780 1195 1050 1241 retractata
1098 1195 1194 1255 est,
1242 1196 1509 1256 postquam
1556 1210 1581 1242 e
1629 1193 1820 1241 scriniis

135 1269 346 1315 rhetoris
378 1267 555 1329 quibus
595 1267 901 1329 aliquamdiu
931 1269 1127 1315 retenta
1158 1261 1299 1334 est,2)
1339 1268 1392 1315 in
1426 1267 1676 1330 publicum
1709 1282 1821 1330 pro·

135 1341 244 1402 diit,
277 1357 430 1403 aeque
463 1344 612 1403 atque
640 1335 932 1403 Ἐπιτάφιος
956 1343 1043 1403 qui
1066 1336 1365 1408 successit,3)
1398 1342 1667 1390 multorum
1691 1357 1821 1389 sum-

135 1431 269 1463 mam
293 1415 670 1463 admirationem
694 1417 841 1463 nacta
865 1418 952 1463 est.
1014 1415 1154 1463 Unde
1179 1415 1451 1477 explicatur
1472 1415 1603 1477 quod
1625 1416 1821 1464 tantum

138 1489 277 1537 abest
313 1492 370 1536 ut
410 1485 668 1551 ‘corporis'
706 1489 885 1537 finibus
925 1489 1293 1552 circumscripta
1331 1491 1589 1550 manserit,
1628 1490 1685 1536 ut
1722 1489 1819 1536 nou

135 1563 294 1611 solum
326 1565 377 1610 in
409 1563 681 1624 complures
714 1563 993 1610 orationum
1024 1563 1218 1626 eclogas
1248 1564 1503 1611 transierit
1532 1562 1678 1610 modo
1710 1578 1820 1610 cum

138 1639 545 1704 Προσφωνητικῷ
569 1636 714 1684 modo
739 1651 851 1684 cum
876 1636 1216 1703 Πρεσβευτικῷ
1241 1637 1387 1684 modo
1419 1652 1530 1684 cum
1555 1638 1826 1702 Ἀντιοχικῷ

137 1711 346 1772 aliisque
379 1709 685 1758 orationibus
717 1711 992 1771 coniuncta,
1030 1710 1115 1758 sed
1146 1712 1298 1758 etiam
1337 1726 1449 1759 cum
1483 1710 1687 1772 reliquis
1718 1726 1820 1757 mo-

139 1783 298 1831 nodiis
360 1784 439 1831 vel
492 1799 602 1830 cum
656 1783 925 1846 Epitaphio
979 1801 1133 1831 unum
1186 1784 1402 1832 effecerit
1461 1784 1819 1847 corpusculum.

137 1857 312 1919 Itaque
351 1859 621 1905 etiamnum
666 1858 987 1920 superstitum
1026 1858 1248 1906 codicum
1298 1873 1532 1906 numerus
1577 1859 1819 1906 maximus

137 1933 225 1979 est.
289 1931 420 1988 Quos
444 1931 665 1979 ordinem
690 1948 836 1993 quem
859 1932 1003 1980 modo
1028 1931 1304 1995 significavi
1327 1934 1521 1980 secutus
1544 1931 1818 1980 recensebo.

138 2004 266 2052 Sunt
304 2007 469 2053 autem
506 2021 662 2066 paene
702 2005 972 2069 sexaginta.

251 2081 294 2126 1.
349 2078 664 2127 Ohisianus
695 2079 835 2126 RVI
860 2081 927 2128 43
970 2074 1064 2146 (=
1092 2073 1152 2146 G)
1193 2095 1317 2128 saec.
1350 2077 1548 2143 XIJXII
1587 2079 1669 2128 fol.
1699 2081 1817 2127 170.

137 2152 264 2200 Vide
302 2154 337 2200 t.
362 2153 388 2200 I
425 2170 473 2215 p.
502 2154 569 2201 10
584 2168 654 2215 sq.
722 2152 933 2201 Contuli.

250 2229 295 2274 2.
346 2226 717 2275 Monacensis
757 2244 833 2291 gr.
869 2228 997 2287 484,
1044 2227 1163 2275 olim
1201 2227 1588 2291 Augustanus
1628 2220 1722 2293 (=
1749 2219 1816 2290 A)

137 2315 260 2348 saec.
293 2300 338 2347 X
376 2301 460 2348 fol.
497 2301 579 2348 91.
655 2301 782 2349 Vide
819 2303 856 2349 t.
881 2301 906 2348 I
937 2319 983 2363 p.
1013 2302 1078 2349 15
1094 2315 1163 2362 sq
1236 2299 1447 2349 Contuli.

266 2457 306 2511 1)
361 2454 452 2498 Ubi
498 2456 714 2499 nuntium
759 2456 886 2500 necis
932 2455 1184 2512 acceperit,
1239 2456 1481 2500 scribendo
1529 2457 1575 2499 et
1621 2455 1817 2499 dicendo

136 2527 322 2570 prorsus
354 2527 402 2557 se
426 2514 706 2558 abstinuisse
730 2514 932 2558 affirmat
964 2519 1182 2572 ep.1350.
1226 2514 1382 2558 Verba
1406 2516 1562 2558 autem
1586 2529 1630 2571 p.
1642 2518 1741 2568 218,
1764 2519 1817 2558 14

136 2573 470 2626 ἀναπνεύσατε,
503 2571 679 2617 Κελτοί.
744 2574 1010 2632 χορεύσατε,
1042 2573 1247 2618 Σκύθαι.
1302 2571 1600 2627 natavimus,
1633 2575 1815 2628 Σαυρο-

138 2630 292 2686 μάται.
359 2631 382 2675 ὁ
415 2633 548 2689 ζυγὸς
578 2633 687 2688 ὑμῖν
718 2631 1040 2687 συντέτριπται
1071 2633 1152 2676 καὶ
1183 2631 1227 2676 οἱ
1259 2631 1449 2689 αὐχένες
1489 2632 1727 2687 ἐλεύθεροι
1760 2659 1817 2664 -

137 2697 271 2734 τοῦτο
313 2691 488 2747 σεισμοὶ
529 2696 617 2748 γῆν
658 2698 815 2735 πᾶσαν
857 2692 1104 2742 δονοῦντες
1144 2704 1215 2735 res
1260 2703 1486 2735 annorum
1518 2695 1603 2735 364
1642 2693 1689 2735 et
1732 2695 1816 2734 365

138 2748 408 2805 respiciunt,
454 2750 512 2793 de
555 2749 722 2805 quibus
770 2749 926 2793 confer
971 2763 1090 2806 quae
1138 2750 1198 2794 ad
1244 2750 1531 2794 orationem·
1548 2751 1817 2805 sequentem

140 2820 186 2861 p.
212 2811 295 2850 223
328 2807 567 2864 praefatus
600 2823 713 2851 sum.

259 2868 303 2923 2)
335 2866 400 2910 Cf.
434 2880 504 2923 ep.
532 2871 630 2911 286.

261 2926 302 2980 3)
335 2924 400 2968 Cf.
427 2924 624 2978 Clinton,
657 2925 787 2969 Fasti
810 2925 1009 2969 Romani
1032 2925 1052 2968 Ι
1076 2930 1175 2969 461.
