2060 3162
508 781 936 843 ΜΟΝῼΙΔΙΑ
980 783 1134 843 ΕΙΠ
1178 782 1650 844 ΙΟΤΛΙΑΝῼΙ.

150 943 297 985 R507
377 929 422 980 1.
453 926 523 980 Ὦ
554 930 775 997 πόποι,
814 925 1042 998 ἧμέγα
1071 928 1318 992 πένθος
1349 930 1450 983 οὐκ
1474 929 1760 1000 Ἀχαιίδα
1800 937 1918 998 γῆν

240 1019 439 1085 μόνον,
493 1017 631 1070 ἀλλὰ
683 1018 774 1070 καὶ
827 1025 1011 1071 πᾶσαν
1065 1018 1274 1087 ὁπόσην
1328 1018 1357 1071 ὁ
1405 1016 1677 1087 Ῥωμαίων
1729 1026 1919 1087 κοσμεῖ

239 1108 462 1174 θεσμός,
503 1107 815 1174 κατείληφε·
865 1109 1076 1173 μᾶλλον
1113 1107 1215 1173 μὲν
1253 1108 1356 1177 γὰρ
1398 1112 1527 1170 ἴσως
1562 1107 1634 1175 ἣν
1659 1105 1919 1175 ’Έλληνες

241 1195 508 1262 οἰκοῦσιν,
563 1195 655 1247 ἅτε
708 1193 798 1247 καὶ
852 1197 1062 1263 μᾶλλον
1116 1194 1526 1264 αἰσθανομένην
1578 1203 1676 1248 τοῦ
1730 1203 1919 1263 κακοῦ,

361 1340 398 1384 Ο
477 1361 532 1375 =
565 1339 810 1383 Chisianus

359 1399 404 1442 A
480 1421 536 1435 =
569 1397 722 1442 Codex
751 1398 1042 1443 Monacensis
1075 1399 1204 1455 (olim
1234 1399 1554 1456 Augustanus)
1586 1403 1671 1443 483

359 1459 404 1501 P
477 1479 532 1493 =
565 1457 820 1501 Vaticanus
851 1457 1092 1502 Palatinus
1125 1473 1191 1515 gr.
1219 1463 1303 1502 282

370 1517 414 1560 U
479 1539 533 1552 =
565 1516 766 1560 Urbinas
798 1532 863 1574 gr.
893 1522 976 1561 126

369 1576 412 1619 V
478 1597 533 1612 =
564 1575 936 1620 Vindobonensis
967 1576 1080 1632 phil.
1114 1591 1179 1632 gr.
1206 1575 1347 1620 XCIII

359 1636 394 1677 I
476 1657 532 1670 ==
564 1634 829 1679 Marcianus
863 1636 1060 1691 append.
1093 1635 1192 1679 XCI
1217 1640 1241 1678 2

359 1704 380 1736 bs

369 1694 444 1737 110
475 1715 531 1730 =
563 1693 856 1738 Monacensis
887 1709 953 1751 gr.
982 1699 1063 1738 101

360 1753 405 1795 B
478 1775 533 1789 =
565 1752 845 1797 Barberinus
875 1753 918 1796 H
941 1758 995 1797 41

361 1811 422 1854 M
480 1834 534 1848 =
566 1811 830 1855 Marcianus
862 1827 930 1869 gr.
962 1817 1049 1856 437

362 1871 437 1914 La
480 1893 535 1907 =
567 1870 907 1915 Laurentianus
938 1871 1106 1914 XXXII
1134 1876 1186 1915 13

362 2007 386 2044 2
419 2002 470 2045 Il.
500 2019 528 2044 oc
554 2007 639 2045 254

363 2140 385 2178 1
426 2134 455 2191 ἡ
495 2135 572 2178 ἐπὶ
610 2135 846 2179 ἰουλιανῶι
880 2133 1105 2191 μονωιὸία
1136 2135 1260 2178 ARe
1350 2131 1556 2189 μονῳδία
1589 2134 1664 2178 ἐπὶ
1695 2134 1912 2178 ἰουλιανῶ

242 2192 428 2239 πεσόντι
466 2195 578 2238 ΒΜ
684 2191 891 2253 μονῳδία
941 2194 1006 2244 εἰς
1058 2192 1294 2237 ἰουλιανόν
1336 2194 1379 2237 V
1403 2193 1503 2236 Mor
1556 2192 1636 2248 qui
1686 2193 1734 2235 in
1781 2207 1915 2250 marg

243 2253 386 2298 habet
409 2270 463 2311 γρ
488 2253 564 2297 ἐπὶ
584 2250 819 2310 Ἰουλιανῷ
901 2250 1108 2309 μονωὸία
1133 2252 1198 2303 εἰς
1222 2252 1303 2296 τὸν
1327 2251 1589 2306 κατάρατον
1614 2251 1849 2295 ἰουλιανὸν
1875 2253 1919 2296 U

302 2309 509 2368 μονωδία
541 2311 634 2367 (ἐπὶ
664 2311 714 2354 in
743 2324 876 2367 marg
906 2311 1030 2355 inser
1051 2310 1135 2366 m2)
1193 2307 1448 2354 Ἰουλιανοῦ
1474 2312 1558 2354 Mo
1634 2309 1764 2365 ἑτέρα
1794 2311 1911 2365 πρὸς

244 2369 482 2416 ἰουλιανόν
505 2372 539 2414 Ι
559 2371 566 2430 Ι
594 2371 678 2415 ἐπὶ·
693 2371 742 2412 in
766 2383 840 2413 ras
857 2369 929 2414 Ρ2
956 2371 961 2426 Ι
990 2370 1206 2429 ἰουλιανῷ
1231 2371 1276 2413 Ρ
1297 2369 1377 2412 sed
1403 2372 1438 2428 ᾤ
1460 2370 1509 2412 in
1532 2383 1608 2412 ras
1632 2369 1702 2412 m²
1822 2375 1846 2412 2
1880 2365 1914 2413 ὦ

247 2431 383 2475 CUV
397 2430 465 2474 Re
522 2434 528 2485 Ι
584 2423 612 2485 ἧ
644 2431 733 2473 κτλ.
768 2429 931 2472 citavit
961 2428 1233 2472 Eustathius
1272 2429 1332 2471 ad.
1365 2427 1447 2471 Od.
1475 2445 1504 2470 α
1530 2432 1635 2471 344:
1681 2427 1797 2472 οὕτω
1837 2429 1917 2472 καὶ

243 2488 465 2546 Λιβάνιος
497 2488 546 2533 ἐν
576 2495 672 2538 τοῖς
702 2487 767 2538 εἰς
796 2487 876 2532 τὸν
903 2485 1159 2531 Ἰουλιανὸν
1184 2484 1440 2544 σχηματίζει
1470 2487 1522 2530 τὸ
1554 2482 1581 2543 ἦ
1614 2485 1752 2544 μέγα
1782 2485 1849 2531 πέ
1858 2504 1915 2530 ν-

243 2551 347 2598 θος
383 2545 427 2590 Ἀ
474 2546 634 2592 αιίὸα
678 2553 847 2603 γαῖαν
895 2545 1081 2590 ἱκάνει
1127 2545 1313 2603 γράψας
1356 2546 1441 2589 οὐκ
1477 2544 1723 2603 Ἀχαιίδα
1770 2543 1914 2602 μόνον

244 2606 323 2649 καὶ
345 2605 403 2648 τὰ
427 2565 530 2661 ἑξῆς
595 2602 624 2662 ἦ
650 2619 705 2649 ex
729 2603 757 2660 ἢ
782 2619 882 2648 corr
903 2604 971 2648 Α2
1032 2601 1066 2648 ὦ
1091 2605 1158 2648 Re
1278 2609 1303 2647 2
1340 2605 1424 2648 οὐκ
1449 2630 1503 2636 -
1529 2610 1556 2647 4
1579 2604 1752 2661 θεσμός
1782 2603 1913 2647 uncis

243 2664 433 2708 inclusit
462 2665 563 2708 Mor
740 2669 765 2707 2
813 2661 1007 2722 ἀχαιίδα
1037 2665 1070 2706 Ι
1103 2664 1183 2707 sed
1216 2681 1231 2707 ι
1263 2663 1390 2719 prius
1428 2663 1551 2706 inser
1581 2663 1650 2706 m²
1737 2660 1915 2721 ἀχαίὸα

247 2723 598 2767 OAUMMoLa
629 2723 720 2767 edd
769 2725 774 2779 Ι
824 2728 908 2779 γῆν
939 2723 988 2765 in
1011 2735 1086 2765 ras
1110 2723 1182 2767 12³
1331 2726 1357 2765 3
1388 2722 1468 2766 καὶ
1497 2729 1655 2766 πᾶσαν
1678 2724 1724 2766 Ρ
1752 2721 1833 2765 sed
1865 2721 1915 2764 αὶ

246 2783 293 2824 et
322 2788 478 2825 πᾶσαν
509 2782 558 2824 in
579 2796 655 2825 ras
686 2781 755 2824 m4
795 2783 801 2838 Ι
845 2780 1021 2837 ὁπόσην
1044 2783 1089 2826 Ρ
1118 2781 1199 2824 sed
1231 2780 1376 2837 ὁπόση
1408 2781 1456 2823 in
1487 2794 1562 2824 ras
1593 2781 1663 2823 rn³
1721 2796 1776 2836 γρ
1802 2777 1914 2836 ὅσην

245 2840 293 2882 in
316 2854 450 2897 marg
480 2840 580 2883 Mor
621 2842 626 2899 Ι
669 2839 750 2896 μὲν
783 2854 857 2883 om
879 2841 955 2884 La
1102 2846 1129 2884 4
1172 2836 1256 2884 οὖν
1288 2842 1395 2884 ante
1426 2838 1513 2897 γὰρ
1544 2839 1668 2883 inser
1693 2839 1767 2883 0¹¹²
1826 2837 1914 2895 γὰρ

247 2912 346 2942 eras
379 2898 567 2954 eiusque
598 2899 700 2942 loeo
732 2895 816 2944 οὖν
847 2913 931 2955 pos
956 2898 1023 2943 Α2
