2060 3162
232 188 340 241 246
723 185 953 229 LIBANII
985 184 1209 230 ORATIO
1240 185 1390 229 XVIII

231 319 302 391 ἦν
352 320 583 393 φροντὶς
629 319 956 391 ἀμφοτέρων
1002 320 1134 390 εὐχή
1179 339 1237 374 τε
1284 319 1388 373 ἀπὸ
1435 321 1639 384 παντὸς
1686 316 1747 374 εὖ
1788 341 1925 391 φρο-

233 413 489 464 νούντων
528 412 796 479 στόματος
834 408 1098 478 γενέσθαι
1143 418 1255 462 τῶν
1293 410 1628 481 πραγμάτων
1671 411 1769 463 τὸν
1808 429 1930 463 νεα-

235 501 432 552 νίσκον
469 500 668 570 κύριον
706 497 798 552 καὶ
839 506 1033 567 στῆναι
1072 495 1174 567 μὲν
1213 499 1316 567 τὴν
1355 499 1583 570 φθορὰν
1613 506 1709 567 τῆς
1742 499 1925 552 οἰκου-

234 586 417 656 μένης,
457 585 745 655 ἐπιστῆναι
787 584 849 640 δὲ
887 595 1003 650 τοῖς
1041 594 1275 640 νοσοῦσι
1322 588 1421 641 τὸν
1459 586 1822 656 ἐπιστάμενον
1860 588 1926 639 τὰ

189 698 208 728 5
236 684 461 729 τοιαῦτα
495 678 701 729 ἰᾶσθαι.
765 676 850 729 22.
884 675 950 728 οὐ
982 676 1092 744 μὴν
1118 679 1292 745 φαίην
1325 674 1394 729 ἂν
1425 674 1641 729 ἐκεῖνον
1672 674 1927 744 ἐπιτιμᾶν

233 773 351 827 ταῖς
391 764 574 834 εὐχαῖς
613 762 733 817 οὐδ’
774 764 1208 831 ἀλαζονεύσομαι
1247 765 1410 818 τοῦτό
1456 784 1519 833 γε
1558 764 1696 835 ὑπὲρ
1738 764 1926 832 αὐτοῦ,

234 853 372 906 ἀλλά
409 854 719 921 βούλεσθαι
757 853 859 922 μὲν
890 853 980 906 καὶ
1017 852 1204 922 αὐτόν,
1243 853 1551 920 βούλεσθαι
1591 850 1652 906 δὲ
1692 853 1758 906 οὐ
1798 873 1929 919 τρυ-

234 949 342 1009 φῆς
390 939 523 994 οὐδὲ
574 943 899 1004 δυναστείας
953 941 1085 995 οὐδὲ
1139 942 1430 1011 πορφύρας
1479 938 1664 1012 ἔρωτι,
1718 949 1819 994 τοῦ
1868 942 1928 995 δὲ

232 1037 348 1093 τοῖς
387 1030 557 1084 αὑτοῦ
603 1032 796 1093 πόνοις
842 1029 1150 1083 ἀποδοῦναι
1196 1038 1311 1092 τοῖς
1359 1027 1587 1083 ἔθνεσιν
1634 1025 1713 1083 ὧν
1751 1028 1928 1093 ἐξεπε-

168 1140 210 1171 10
234 1119 520 1172 πτώκεσαν
558 1119 625 1171 τά
662 1138 720 1171 τε
753 1121 892 1172 ἄλλα
923 1117 1013 1171 καὶ
1046 1119 1147 1188 οὐχ
1181 1120 1377 1187 ἥκιστα
1410 1119 1477 1188 δὴ
1508 1120 1603 1181 τὰς
1633 1127 1744 1172 τῶν
1775 1124 1927 1172 θεῶν

235 1208 498 1277 λατρείας.
576 1207 662 1259 23.
725 1200 767 1279 ᾧ
825 1208 892 1276 δὴ
954 1205 1044 1260 καὶ
1108 1208 1484 1276 διαφερόντως
1536 1208 1638 1275 τὴν
1694 1208 1928 1277 καρδίαν

234 1293 525 1363 ἐπλήττετο
566 1297 702 1358 νεώς
739 1315 797 1349 τε
836 1295 985 1365 ὁρῶν
1022 1295 1311 1365 κειμένους
1349 1294 1439 1349 καὶ
1476 1296 1692 1358 τελετὰς
1722 1313 1928 1349 πεπαυ-

234 1381 401 1449 μένας
439 1385 529 1437 καὶ
568 1386 789 1454 βωμοὺς
821 1383 1330 1454 ἀνατετραμμένους
1368 1383 1459 1437 καὶ
1491 1385 1695 1447 θυσίας
1727 1384 1928 1454 ἀνῃρη-

234 1470 401 1540 μένας
460 1474 552 1526 καὶ
607 1475 770 1544 ἱερεῖς
832 1472 1236 1542 ἐλαυνομένους
1297 1474 1387 1526 καὶ
1440 1474 1539 1526 τὸν
1591 1482 1703 1526 τῶν
1766 1474 1929 1542 ἱερῶν

168 1581 210 1614 15
235 1564 479 1614 πλοῦτον
518 1562 594 1624 εἰς
632 1563 763 1624 τοὺς
803 1561 1234 1630 ἀσελγεστάτους
1265 1562 1681 1632 μεμερισμένον,
1723 1560 1847 1614 ὥστ’
1880 1566 1936 1614 εἴ

233 1669 316 1711 τις
362 1650 509 1724 αὐτῷ
553 1655 707 1703 θεῶν
753 1650 1071 1720 ὑπισχνεῖτο
1122 1651 1225 1719 τὴν
1274 1651 1489 1704 τούτων
1538 1652 1929 1718 ἐπανόρθωσιν

236 1736 309 1790 δι’
338 1737 538 1809 ἑτέρων
571 1741 816 1807 ἔσεσθαι,
851 1740 1071 1808 σφόδρα
1104 1740 1172 1792 ἄν
1203 1738 1482 1811 μοιῖδοκεῖ
1511 1739 1613 1807 τὴν
1643 1740 1930 1806 βασιλείαν

236 1834 462 1893 φυγεῖν·
509 1826 685 1889 οὕτως
724 1827 790 1880 οὐ
830 1835 929 1880 τοῦ
969 1836 1207 1898 κρατεῖν,
1254 1835 1353 1881 τοῦ
1394 1824 1455 1880 δὲ
1495 1823 1557 1880 εὗ
1596 1826 1796 1898 πρᾶξαι
1835 1827 1930 1888 τὰς

146 1925 188 1968 R
211 1929 294 1969 530
334 1916 521 1977 πόλεις
554 1913 561 1986 1
597 1914 844 1985 ὠρέγετο.

173 2022 216 2054 ‘20
351 2002 437 2054 24.
501 2003 711 2071 Ταύτης
748 2006 944 2056 τοίνυν
989 2011 1083 2072 τῆς
1123 2003 1423 2072 ἐπιθυμίας
1462 2003 1524 2057 ἐν
1561 2012 1680 2066 ταῖς
1727 2010 1928 2071 ψυχαῖς

236 2099 347 2142 τῶν
385 2090 840 2159 πεπαιδευμένων
887 2091 1227 2160 ἀκμαζούσης
1271 2099 1372 2144 τοῦ
1418 2100 1482 2161 τῇ
1530 2092 1693 2143 τοῦδε
1740 2091 1927 2160 γνώμῃ

235 2183 659 2246 θεραπευθῆναι
705 2179 807 2247 τὴν
852 2187 958 2247 γῆν
1004 2174 1180 2246 ἦλθεν
1229 2177 1316 2231 ἐπὶ
1364 2179 1460 2231 τὸν
1501 2179 1719 2231 Γάλλον
1767 2193 1928 2232 συκο-

358 2328 412 2366 22
445 2323 594 2366 Amm.
620 2322 727 2366 XIV
745 2326 784 2378 7,
805 2327 908 2378 9sq.
973 2322 1138 2366 Zosim.
1165 2323 1208 2366 II
1233 2327 1287 2367 55

358 2459 410 2498 15
467 2454 841 2514 εὐσεβεστάτους,
895 2454 1155 2509 τρισάθλιε,
1212 2452 1312 2498 ἀλλ’
1350 2456 1434 2499 οὐκ
1482 2455 1836 2512 ἀσελγεστάτους
1895 2455 1933 2499 O

239 2527 298 2556 m.
324 2527 413 2557 rec.

359 2636 381 2674 1
417 2631 580 2691 <τῶν>
599 2629 680 2676 ab?
801 2636 829 2674 4
859 2638 956 2682 τοῖς
987 2645 1062 2675 om
1081 2631 1182 2674 Mor
1303 2637 1328 2676 5
1363 2630 1421 2676 ἂν
1441 2658 1494 2664 —-
1515 2636 1539 2675 6
1565 2630 1928 2686 ἀλαζονεύσομαι

240 2703 315 2733 om
340 2690 425 2734 Mo
547 2695 571 2733 6
597 2690 707 2735 οὐδὲ
723 2691 792 2734 Re
916 2695 940 2733 7
965 2691 1139 2734 καύτὸν
1161 2691 1206 2735 U
1319 2695 1345 2735 8
1379 2691 1487 2736 οὐδὲ
1512 2692 1573 2749 (1)
1598 2691 1648 2733 in
1663 2703 1753 2743 ras,
1779 2703 1835 2732 ex
1858 2689 1927 2741 οὐ,

238 2750 292 2791 ut
314 2748 511 2803 videtur,
545 2764 646 2794 corr
670 2749 742 2793 12²
803 2749 858 2794 οὐ
891 2749 936 2794 U
1051 2753 1076 2791 9
1110 2751 1254 2794 αὐτοῦ
1279 2752 1324 2794 P
1353 2750 1435 2794 sed
1465 2750 1515 2792 in
1543 2750 1686 2793 αὑτοῦ
1720 2761 1821 2791 corr
1844 2746 1927 2802 m²‚

247 2807 540 2852 ULaIMMo
723 2812 777 2852 10
822 2807 1070 2883 οὐγήκιστα
1112 2810 1196 2853 VB
1254 2809 1259 2866 Ι
1317 2808 1368 2852 δὲ
1401 2809 1468 2852 Re
1525 2810 1531 2864 Ι
1587 2807 1687 2864 τὰς]
1719 2812 1801 2862 τῆς
1832 2807 1875 2848 V

242 2869 296 2908 12
344 2865 584 2921 ἐπλήττετο
627 2867 711 2924 τὴν
754 2868 958 2923 καρδιαν
1002 2869 1047 2911 Β
1090 2867 1193 2911 Mor
1223 2867 1346 2910 Fabr
1541 2871 1594 2909 16
1641 2869 1739 2909 θεῶ
1786 2867 1870 2908 Mo

229 2927 295 2967 ⁷17
330 2927 444 2979 δοκῆ
478 2926 654 2971 LaPU
778 2931 832 2969 21
864 2932 947 2970 τοῦ
980 2926 1146 2982 scripsi
1178 2940 1202 2969 e
1237 2927 1320 2971 VP
1351 2940 1453 2969 cum
1480 2925 1636 2968 Gasda
1669 2925 1715 2967 et
1749 2923 1929 2968 Sinteni

298 2983 350 3026 τὸ
382 2983 552 3039 reliqui
584 2984 693 3028 libri
725 2985 828 3038 edd,
863 2984 988 3041 quod
1021 2985 1270 3034 delendum
1304 2984 1484 3028 censuit
1514 2984 1581 3027 Re
