<?xml version="1.0" encoding="UTF-8"?>
<!DOCTYPE html PUBLIC "-//W3C//DTD XHTML 1.0 Transitional//EN"
    "http://www.w3.org/TR/xhtml1/DTD/xhtml1-transitional.dtd">
<html xmlns="http://www.w3.org/1999/xhtml" xml:lang="en" lang="en">
 <head>
  <title>
</title>
<meta http-equiv="Content-Type" content="text/html;charset=utf-8" />
  <meta name='ocr-system' content='tesseract 3.04.00' />
  <meta name='ocr-capabilities' content='ocr_page ocr_carea ocr_par ocr_line ocrx_word'/>
</head>
<body>
  <div class='ocr_page' id='page_1' title='image "./operarecensuitri02libauoft_0190.png"; bbox 0 0 2060 3162; ppageno 0'>
   <div class='ocr_carea' id='block_1_1' title="bbox 241 106 1387 160">
    <p class='ocr_par' dir='ltr' id='par_1_1' title="bbox 241 106 1387 160">
     <span class='ocr_line' id='line_1_1' title="bbox 241 106 1387 160; baseline -0.008 1"><span class='ocrx_word' id='word_1_1' title='bbox 241 107 347 160; x_wconf 88' lang='grc'><em>180</em></span> <span class='ocrx_word' id='word_1_2' title='bbox 769 106 1010 159; x_wconf 81' lang='lat' dir='ltr'><strong>LIBANH</strong></span> <span class='ocrx_word' id='word_1_3' title='bbox 1027 107 1249 153; x_wconf 86' lang='lat' dir='ltr'><strong>ORATIO</strong></span> <span class='ocrx_word' id='word_1_4' title='bbox 1281 109 1387 153; x_wconf 89' lang='lat' dir='ltr'><em>XVI</em></span> 
     </span>
    </p>
   </div>
   <div class='ocr_carea' id='block_1_2' title="bbox 150 239 1926 1820">
    <p class='ocr_par' dir='ltr' id='par_1_2' title="bbox 150 239 1926 1820">
     <span class='ocr_line' id='line_1_2' title="bbox 235 239 1923 314; baseline 0.001 -18"><span class='ocrx_word' id='word_1_5' title='bbox 235 244 373 313; x_wconf 88' lang='grc' dir='ltr'><em>πρὸς</em></span> <span class='ocrx_word' id='word_1_6' title='bbox 426 242 611 310; x_wconf 81' lang='grc' dir='ltr'><em>αὐτόν,</em></span> <span class='ocrx_word' id='word_1_7' title='bbox 666 248 740 314; x_wconf 80' lang='grc' dir='ltr'><em>τῷ</em></span> <span class='ocrx_word' id='word_1_8' title='bbox 791 239 851 294; x_wconf 72' lang='grc' dir='ltr'><em>δὲ</em></span> <span class='ocrx_word' id='word_1_9' title='bbox 906 243 968 296; x_wconf 79' lang='grc' dir='ltr'><em>ἓν</em></span> <span class='ocrx_word' id='word_1_10' title='bbox 1007 244 1136 306; x_wconf 83' lang='grc' dir='ltr'><em>ἔπος</em></span> <span class='ocrx_word' id='word_1_11' title='bbox 1188 245 1341 314; x_wconf 77' lang='grc' dir='ltr'><em>ἤρκει</em></span> <span class='ocrx_word' id='word_1_12' title='bbox 1395 252 1492 303; x_wconf 85' lang='grc' dir='ltr'><em>τοῦ</em></span> <span class='ocrx_word' id='word_1_13' title='bbox 1546 246 1645 313; x_wconf 83' lang='grc' dir='ltr'><em>τὴν</em></span> <span class='ocrx_word' id='word_1_14' title='bbox 1701 245 1923 314; x_wconf 92' lang='grc' dir='ltr'><em>δάφνην</em></span> 
     </span>
     <span class='ocr_line' id='line_1_3' title="bbox 236 327 1924 403; baseline 0.001 -19"><span class='ocrx_word' id='word_1_15' title='bbox 236 333 384 402; x_wconf 81' lang='grc' dir='ltr'><em>παρὰ</em></span> <span class='ocrx_word' id='word_1_16' title='bbox 422 340 532 384; x_wconf 91' lang='grc' dir='ltr'><em>τῶν</em></span> <span class='ocrx_word' id='word_1_17' title='bbox 563 334 817 383; x_wconf 81' lang='grc' dir='ltr'><em>Μουσῶν</em></span> <span class='ocrx_word' id='word_1_18' title='bbox 859 333 1139 398; x_wconf 80' lang='grc' dir='ltr'><em>λαβόντος.</em></span> <span class='ocrx_word' id='word_1_19' title='bbox 1216 333 1406 396; x_wconf 85' lang='grc' dir='ltr'><em>διδοὺς</em></span> <span class='ocrx_word' id='word_1_20' title='bbox 1445 334 1549 403; x_wconf 75' lang='grc' dir='ltr'><em>γὰρ</em></span> <span class='ocrx_word' id='word_1_21' title='bbox 1590 327 1738 386; x_wconf 87' lang='grc' dir='ltr'><em>εἶναί</em></span> <span class='ocrx_word' id='word_1_22' title='bbox 1771 354 1924 396; x_wconf 83' lang='grc' dir='ltr'><em>τινας</em></span> 
     </span>
     <span class='ocr_line' id='line_1_4' title="bbox 238 419 1922 490; baseline 0.002 -18"><span class='ocrx_word' id='word_1_23' title='bbox 238 421 303 472; x_wconf 87' lang='grc' dir='ltr'><em>οὐ</em></span> <span class='ocrx_word' id='word_1_24' title='bbox 343 421 624 489; x_wconf 87' lang='grc' dir='ltr'><em>πονηροὺς</em></span> <span class='ocrx_word' id='word_1_25' title='bbox 671 419 774 472; x_wconf 87' lang='grc' dir='ltr'><em>οὐκ</em></span> <span class='ocrx_word' id='word_1_26' title='bbox 819 424 904 472; x_wconf 78' lang='grc' dir='ltr'><em>εἴα</em></span> <span class='ocrx_word' id='word_1_27' title='bbox 949 420 1270 490; x_wconf 76' lang='grc' dir='ltr'><em>θαυμάζειν,</em></span> <span class='ocrx_word' id='word_1_28' title='bbox 1321 422 1368 474; x_wconf 90' lang='grc' dir='ltr'><em>εἰ</em></span> <span class='ocrx_word' id='word_1_29' title='bbox 1413 423 1546 488; x_wconf 80' lang='grc' dir='ltr'><em>μετὰ</em></span> <span class='ocrx_word' id='word_1_30' title='bbox 1590 428 1709 475; x_wconf 32' lang='grc' dir='ltr'><em>τῶνξ</em></span> <span class='ocrx_word' id='word_1_31' title='bbox 1739 430 1922 475; x_wconf 81' lang='grc' dir='ltr'><em>κακῶν</em></span> 
     </span>
     <span class='ocr_line' id='line_1_5' title="bbox 238 508 1921 579; baseline 0.002 -18"><span class='ocrx_word' id='word_1_32' title='bbox 238 508 588 561; x_wconf 81' lang='grc' dir='ltr'><em>ἀπολοῦνται.</em></span> <span class='ocrx_word' id='word_1_33' title='bbox 659 508 937 560; x_wconf 81' lang='grc' dir='ltr'><em>πολλάκι</em></span> <span class='ocrx_word' id='word_1_34' title='bbox 983 509 1086 579; x_wconf 76' lang='grc' dir='ltr'><em>γάρ</em></span> <span class='ocrx_word' id='word_1_35' title='bbox 1134 523 1272 577; x_wconf 89' lang='grc' dir='ltr'><em>φησι</em></span> <span class='ocrx_word' id='word_1_36' title='bbox 1317 508 1422 562; x_wconf 85' lang='grc' dir='ltr'><em>καὶ</em></span> <span class='ocrx_word' id='word_1_37' title='bbox 1462 512 1763 579; x_wconf 81' lang='grc' dir='ltr'><em>σύμπασα</em></span> <span class='ocrx_word' id='word_1_38' title='bbox 1812 513 1921 564; x_wconf 88' lang='grc' dir='ltr'><em>πό-</em></span> 
     </span>
     <span class='ocr_line' id='line_1_6' title="bbox 194 595 1924 673; baseline 0.002 -23"><span class='ocrx_word' id='word_1_39' title='bbox 194 618 213 651; x_wconf 87' lang='lat'><strong>5</strong></span> <span class='ocrx_word' id='word_1_40' title='bbox 238 601 336 659; x_wconf 85' lang='grc' dir='ltr'><em>λις</em></span> <span class='ocrx_word' id='word_1_41' title='bbox 373 604 576 650; x_wconf 87' lang='grc' dir='ltr'><em>κακοῦ</em></span> <span class='ocrx_word' id='word_1_42' title='bbox 603 595 856 670; x_wconf 17' lang='grc' dir='ltr'><em>,ἀνδρὸς</em></span> <span class='ocrx_word' id='word_1_43' title='bbox 888 595 1159 668; x_wconf 91' lang='grc' dir='ltr'><em>ἀπηύρα.</em></span> <span class='ocrx_word' id='word_1_44' title='bbox 1221 597 1305 673; x_wconf 68' lang='lat'><em>51.</em></span> <span class='ocrx_word' id='word_1_45' title='bbox 1338 598 1625 652; x_wconf 86' lang='grc' dir='ltr'><em>κάνταῦθα</em></span> <span class='ocrx_word' id='word_1_46' title='bbox 1658 600 1759 652; x_wconf 86' lang='grc' dir='ltr'><em>οὐκ</em></span> <span class='ocrx_word' id='word_1_47' title='bbox 1790 597 1924 668; x_wconf 75' lang='grc' dir='ltr'><em>ἐνῆν</em></span> 
     </span>
     <span class='ocr_line' id='line_1_7' title="bbox 150 672 1922 757; baseline 0.001 -16"><span class='ocrx_word' id='word_1_48' title='bbox 150 698 192 741; x_wconf 86' lang='lat' dir='ltr'>R</span> <span class='ocrx_word' id='word_1_49' title='bbox 214 702 299 741; x_wconf 83' lang='lat'><em>504</em></span> <span class='ocrx_word' id='word_1_50' title='bbox 339 672 725 754; x_wconf 80' lang='grc' dir='ltr'><em>ἀναισχυντεῖν</em></span> <span class='ocrx_word' id='word_1_51' title='bbox 765 685 909 738; x_wconf 76' lang='grc' dir='ltr'><em>οὕτω</em></span> <span class='ocrx_word' id='word_1_52' title='bbox 947 686 1116 739; x_wconf 89' lang='grc' dir='ltr'><em>πάλαι</em></span> <span class='ocrx_word' id='word_1_53' title='bbox 1147 694 1245 740; x_wconf 86' lang='grc' dir='ltr'><em>τοῦ</em></span> <span class='ocrx_word' id='word_1_54' title='bbox 1285 687 1600 757; x_wconf 78' lang='grc' dir='ltr'><em>πράγματος</em></span> <span class='ocrx_word' id='word_1_55' title='bbox 1639 689 1646 757; x_wconf 87' lang='grc' dir='ltr'>Ι</span> <span class='ocrx_word' id='word_1_56' title='bbox 1689 690 1922 757; x_wconf 82' lang='grc' dir='ltr'><em>ἔχοντος.</em></span> 
     </span>
     <span class='ocr_line' id='line_1_8' title="bbox 236 770 1923 849; baseline 0.002 -23"><span class='ocrx_word' id='word_1_57' title='bbox 236 776 318 837; x_wconf 89' lang='grc' dir='ltr'><em>τίς</em></span> <span class='ocrx_word' id='word_1_58' title='bbox 356 775 460 844; x_wconf 76' lang='grc' dir='ltr'><em>γὰρ</em></span> <span class='ocrx_word' id='word_1_59' title='bbox 502 773 603 826; x_wconf 87' lang='grc' dir='ltr'><em>οὐκ</em></span> <span class='ocrx_word' id='word_1_60' title='bbox 643 770 813 843; x_wconf 82' lang='grc' dir='ltr'><em>οἶδεν,</em></span> <span class='ocrx_word' id='word_1_61' title='bbox 865 774 1009 837; x_wconf 84' lang='grc' dir='ltr'><em>ὅπως</em></span> <span class='ocrx_word' id='word_1_62' title='bbox 1047 771 1148 843; x_wconf 75' lang='grc' dir='ltr'><em>μὲν</em></span> <span class='ocrx_word' id='word_1_63' title='bbox 1189 774 1448 844; x_wconf 81' lang='grc' dir='ltr'><em>ἀνηλώθη</em></span> <span class='ocrx_word' id='word_1_64' title='bbox 1489 782 1563 848; x_wconf 81' lang='grc' dir='ltr'><em>τῷ</em></span> <span class='ocrx_word' id='word_1_65' title='bbox 1608 780 1779 849; x_wconf 81' lang='grc' dir='ltr'><em>λοιμῷ</em></span> <span class='ocrx_word' id='word_1_66' title='bbox 1813 786 1923 830; x_wconf 88' lang='grc' dir='ltr'><em>τῶν</em></span> 
     </span>
     <span class='ocr_line' id='line_1_9' title="bbox 228 858 1923 936; baseline 0.002 -21"><span class='ocrx_word' id='word_1_67' title='bbox 228 862 453 932; x_wconf 83' lang='grc' dir='ltr'><em>Ἀχαιῶν</em></span> <span class='ocrx_word' id='word_1_68' title='bbox 493 862 522 915; x_wconf 88' lang='grc' dir='ltr'>ὁ</span> <span class='ocrx_word' id='word_1_69' title='bbox 564 863 791 932; x_wconf 88' lang='grc' dir='ltr'><em>στρατὸς</em></span> <span class='ocrx_word' id='word_1_70' title='bbox 831 863 922 915; x_wconf 84' lang='grc' dir='ltr'><em>διὰ</em></span> <span class='ocrx_word' id='word_1_71' title='bbox 953 864 1053 932; x_wconf 82' lang='grc' dir='ltr'><em>τὴν</em></span> <span class='ocrx_word' id='word_1_72' title='bbox 1083 861 1478 933; x_wconf 76' lang='grc' dir='ltr'><em>Ἀγαμέμνονος</em></span> <span class='ocrx_word' id='word_1_73' title='bbox 1510 864 1794 936; x_wconf 78' lang='grc' dir='ltr'><em>ἁμαρτίαν,</em></span> <span class='ocrx_word' id='word_1_74' title='bbox 1834 858 1923 918; x_wconf 83' lang='grc' dir='ltr'><em>οἷα</em></span> 
     </span>
     <span class='ocr_line' id='line_1_10' title="bbox 234 949 1922 1021; baseline 0.002 -17"><span class='ocrx_word' id='word_1_75' title='bbox 234 951 299 1005; x_wconf 77' lang='grc' dir='ltr'><em>δὲ</em></span> <span class='ocrx_word' id='word_1_76' title='bbox 336 949 552 1004; x_wconf 79' lang='grc' dir='ltr'><em>ἔπαθον</em></span> <span class='ocrx_word' id='word_1_77' title='bbox 599 950 963 1015; x_wconf 80' lang='grc' dir='ltr'><em>ἀποπλέοντες</em></span> <span class='ocrx_word' id='word_1_78' title='bbox 1009 952 1197 1005; x_wconf 78' lang='grc' dir='ltr'><em>οἴκαδε</em></span> <span class='ocrx_word' id='word_1_79' title='bbox 1244 953 1337 1005; x_wconf 81' lang='grc' dir='ltr'><em>διὰ</em></span> <span class='ocrx_word' id='word_1_80' title='bbox 1383 954 1484 1021; x_wconf 84' lang='grc' dir='ltr'><em>τὴν</em></span> <span class='ocrx_word' id='word_1_81' title='bbox 1521 957 1761 1016; x_wconf 77' lang='grc' dir='ltr'><em>Αἴαντος</em></span> <span class='ocrx_word' id='word_1_82' title='bbox 1807 953 1922 1006; x_wconf 89' lang='grc' dir='ltr'><em>ἀδι-</em></span> 
     </span>
     <span class='ocr_line' id='line_1_11' title="bbox 160 1037 1924 1111; baseline 0.001 -18"><span class='ocrx_word' id='word_1_83' title='bbox 160 1062 218 1094; x_wconf 43' lang='grc' dir='ltr'><em>ἐο</em></span> <span class='ocrx_word' id='word_1_84' title='bbox 242 1041 395 1105; x_wconf 87' lang='grc' dir='ltr'><em>κίαν;</em></span> <span class='ocrx_word' id='word_1_85' title='bbox 435 1040 537 1092; x_wconf 88' lang='grc' dir='ltr'><em>οὐκ</em></span> <span class='ocrx_word' id='word_1_86' title='bbox 570 1037 848 1108; x_wconf 63' lang='grc' dir='ltr'><em>Ἀθηναῖοι</em></span> <span class='ocrx_word' id='word_1_87' title='bbox 887 1037 989 1108; x_wconf 76' lang='grc' dir='ltr'><em>μὲν</em></span> <span class='ocrx_word' id='word_1_88' title='bbox 1027 1047 1121 1109; x_wconf 84' lang='grc' dir='ltr'><em>τῆς</em></span> <span class='ocrx_word' id='word_1_89' title='bbox 1158 1039 1495 1111; x_wconf 79' lang='grc' dir='ltr'><em>Περικλέους</em></span> <span class='ocrx_word' id='word_1_90' title='bbox 1535 1042 1624 1104; x_wconf 84' lang='grc' dir='ltr'><em>εἰς·</em></span> <span class='ocrx_word' id='word_1_91' title='bbox 1648 1043 1778 1104; x_wconf 84' lang='grc' dir='ltr'><em>τοὺς</em></span> <span class='ocrx_word' id='word_1_92' title='bbox 1808 1045 1924 1095; x_wconf 68' lang='lat' dir='ltr'><em>Me-</em></span> 
     </span>
     <span class='ocr_line' id='line_1_12' title="bbox 240 1125 1917 1199; baseline 0.001 -17"><span class='ocrx_word' id='word_1_93' title='bbox 240 1128 438 1199; x_wconf 78' lang='grc' dir='ltr'><em>γαρέας</em></span> <span class='ocrx_word' id='word_1_94' title='bbox 490 1128 702 1198; x_wconf 76' lang='grc' dir='ltr'><em>ὕβρεως</em></span> <span class='ocrx_word' id='word_1_95' title='bbox 755 1125 942 1181; x_wconf 77' lang='grc' dir='ltr'><em>ἔτισαν</em></span> <span class='ocrx_word' id='word_1_96' title='bbox 994 1137 1151 1199; x_wconf 75' lang='grc' dir='ltr'><em>κοινῇ</em></span> <span class='ocrx_word' id='word_1_97' title='bbox 1205 1130 1306 1198; x_wconf 85' lang='grc' dir='ltr'><em>τὴν</em></span> <span class='ocrx_word' id='word_1_98' title='bbox 1355 1131 1532 1199; x_wconf 80' lang='grc' dir='ltr'><em>δίκην,</em></span> <span class='ocrx_word' id='word_1_99' title='bbox 1591 1132 1821 1198; x_wconf 79' lang='grc' dir='ltr'><em>Θηβαῖοι</em></span> <span class='ocrx_word' id='word_1_100' title='bbox 1869 1129 1917 1183; x_wconf 88' lang='grc' dir='ltr'><em>δ’</em></span> 
     </span>
     <span class='ocr_line' id='line_1_13' title="bbox 235 1204 1926 1287; baseline 0.001 -17"><span class='ocrx_word' id='word_1_101' title='bbox 235 1204 476 1271; x_wconf 78' lang='grc' dir='ltr'><em>ἐνόσουν</em></span> <span class='ocrx_word' id='word_1_102' title='bbox 503 1217 740 1269; x_wconf 79' lang='grc' dir='ltr'><em>Οἰδίπου</em></span> <span class='ocrx_word' id='word_1_103' title='bbox 765 1218 1080 1280; x_wconf 85' lang='grc' dir='ltr'><em>κτείναντος</em></span> <span class='ocrx_word' id='word_1_104' title='bbox 1103 1218 1282 1271; x_wconf 91' lang='grc' dir='ltr'><em>Λάιον</em></span> <span class='ocrx_word' id='word_1_105' title='bbox 1314 1216 1404 1271; x_wconf 84' lang='grc' dir='ltr'><em>καὶ</em></span> <span class='ocrx_word' id='word_1_106' title='bbox 1435 1226 1605 1271; x_wconf 88' lang='grc' dir='ltr'><em>ταῦτα</em></span> <span class='ocrx_word' id='word_1_107' title='bbox 1629 1219 1696 1272; x_wconf 89' lang='grc' dir='ltr'><em>ὃν</em></span> <span class='ocrx_word' id='word_1_108' title='bbox 1728 1220 1926 1287; x_wconf 84' lang='grc' dir='ltr'><em>ἔσφατ-</em></span> 
     </span>
     <span class='ocr_line' id='line_1_14' title="bbox 234 1301 1925 1377; baseline 0.001 -18"><span class='ocrx_word' id='word_1_109' title='bbox 234 1326 333 1359; x_wconf 83' lang='grc' dir='ltr'><em>τεν</em></span> <span class='ocrx_word' id='word_1_110' title='bbox 382 1306 483 1359; x_wconf 87' lang='grc' dir='ltr'><em>οὐκ</em></span> <span class='ocrx_word' id='word_1_111' title='bbox 529 1305 762 1370; x_wconf 83' lang='grc' dir='ltr'><em>εἰδότος;</em></span> <span class='ocrx_word' id='word_1_112' title='bbox 816 1312 1019 1359; x_wconf 88' lang='grc' dir='ltr'><em>τοῦτον</em></span> <span class='ocrx_word' id='word_1_113' title='bbox 1065 1301 1169 1359; x_wconf 81' lang='grc' dir='ltr'><em>οὖν</em></span> <span class='ocrx_word' id='word_1_114' title='bbox 1211 1306 1358 1375; x_wconf 89' lang='grc' dir='ltr'><em>ὁρῶν</em></span> <span class='ocrx_word' id='word_1_115' title='bbox 1400 1308 1547 1377; x_wconf 79' lang='grc' dir='ltr'><em>παρὰ</em></span> <span class='ocrx_word' id='word_1_116' title='bbox 1592 1315 1707 1370; x_wconf 87' lang='grc' dir='ltr'><em>τοῖς</em></span> <span class='ocrx_word' id='word_1_117' title='bbox 1751 1309 1925 1377; x_wconf 83' lang='grc' dir='ltr'><em>κρείτ-</em></span> 
     </span>
     <span class='ocr_line' id='line_1_15' title="bbox 242 1394 1926 1465; baseline 0 -17"><span class='ocrx_word' id='word_1_118' title='bbox 242 1409 364 1448; x_wconf 87' lang='grc' dir='ltr'><em>τοσι</em></span> <span class='ocrx_word' id='word_1_119' title='bbox 402 1395 766 1464; x_wconf 85' lang='grc' dir='ltr'><em>κεκρατηκότα</em></span> <span class='ocrx_word' id='word_1_120' title='bbox 804 1394 903 1446; x_wconf 90' lang='grc' dir='ltr'><em>τὸν</em></span> <span class='ocrx_word' id='word_1_121' title='bbox 952 1397 1125 1464; x_wconf 90' lang='grc' dir='ltr'><em>νόμον</em></span> <span class='ocrx_word' id='word_1_122' title='bbox 1172 1397 1567 1465; x_wconf 82' lang='grc' dir='ltr'><em>φυλοκρινήσει</em></span> <span class='ocrx_word' id='word_1_123' title='bbox 1613 1398 1926 1465; x_wconf 89' lang='grc' dir='ltr'><em>καθήμενος</em></span> 
     </span>
     <span class='ocr_line' id='line_1_16' title="bbox 175 1484 1925 1554; baseline -0.001 -15"><span class='ocrx_word' id='word_1_124' title='bbox 175 1506 216 1539; x_wconf 86' lang='lat'><em>15</em></span> <span class='ocrx_word' id='word_1_125' title='bbox 242 1484 345 1537; x_wconf 91' lang='grc' dir='ltr'><em>ἀπὸ</em></span> <span class='ocrx_word' id='word_1_126' title='bbox 384 1493 494 1537; x_wconf 87' lang='grc' dir='ltr'><em>τῶν</em></span> <span class='ocrx_word' id='word_1_127' title='bbox 526 1484 758 1552; x_wconf 81' lang='grc' dir='ltr'><em>φαύλων</em></span> <span class='ocrx_word' id='word_1_128' title='bbox 789 1486 969 1538; x_wconf 82' lang='grc' dir='ltr'><em>ὄντων</em></span> <span class='ocrx_word' id='word_1_129' title='bbox 998 1486 1141 1537; x_wconf 86' lang='grc' dir='ltr'><em>πολὺ</em></span> <span class='ocrx_word' id='word_1_130' title='bbox 1172 1487 1444 1538; x_wconf 86' lang='grc' dir='ltr'><em>πλειόνων</em></span> <span class='ocrx_word' id='word_1_131' title='bbox 1475 1487 1606 1547; x_wconf 85' lang='grc' dir='ltr'><em>τοὺς</em></span> <span class='ocrx_word' id='word_1_132' title='bbox 1635 1485 1925 1554; x_wconf 81' lang='grc' dir='ltr'><em>χρηστούς;</em></span> 
     </span>
     <span class='ocr_line' id='line_1_17' title="bbox 240 1572 1526 1643; baseline 0.001 -18"><span class='ocrx_word' id='word_1_133' title='bbox 240 1574 545 1642; x_wconf 84' lang='grc' dir='ltr'><em>βουλοίμην</em></span> <span class='ocrx_word' id='word_1_134' title='bbox 581 1572 683 1641; x_wconf 77' lang='grc' dir='ltr'><em>μὲν</em></span> <span class='ocrx_word' id='word_1_135' title='bbox 723 1573 808 1642; x_wconf 75' lang='grc' dir='ltr'><em>ἄν,</em></span> <span class='ocrx_word' id='word_1_136' title='bbox 847 1574 1140 1641; x_wconf 23' lang='grc' dir='ltr'><em>πιστεύειν,</em></span> <span class='ocrx_word' id='word_1_137' title='bbox 1169 1573 1229 1626; x_wconf 84' lang='grc' dir='ltr'><em>δὲ</em></span> <span class='ocrx_word' id='word_1_138' title='bbox 1268 1573 1369 1626; x_wconf 85' lang='grc' dir='ltr'><em>οὐκ</em></span> <span class='ocrx_word' id='word_1_139' title='bbox 1408 1575 1526 1643; x_wconf 82' lang='grc' dir='ltr'><em>ἔχω.</em></span> 
     </span>
     <span class='ocr_line' id='line_1_18' title="bbox 352 1656 1926 1730; baseline 0 -16"><span class='ocrx_word' id='word_1_140' title='bbox 352 1661 435 1714; x_wconf 77' lang='lat'><em>52.</em></span> <span class='ocrx_word' id='word_1_141' title='bbox 487 1659 628 1724; x_wconf 62' lang='lat' dir='ltr'><em>“Eme</em></span> <span class='ocrx_word' id='word_1_142' title='bbox 681 1657 785 1716; x_wconf 84' lang='grc' dir='ltr'><em>οὖν</em></span> <span class='ocrx_word' id='word_1_143' title='bbox 831 1664 910 1715; x_wconf 86' lang='grc' dir='ltr'><em>ε”τι</em></span> <span class='ocrx_word' id='word_1_144' title='bbox 958 1659 1230 1729; x_wconf 82' lang='grc' dir='ltr'><em>διαβαίνει</em></span> <span class='ocrx_word' id='word_1_145' title='bbox 1275 1656 1554 1729; x_wconf 88' lang='grc' dir='ltr'><em>ποταμοὺς</em></span> <span class='ocrx_word' id='word_1_146' title='bbox 1602 1662 1691 1714; x_wconf 81' lang='grc' dir='ltr'><em>καὶ</em></span> <span class='ocrx_word' id='word_1_147' title='bbox 1738 1660 1926 1730; x_wconf 84' lang='grc' dir='ltr'><em>βλέπει</em></span> 
     </span>
     <span class='ocr_line' id='line_1_19' title="bbox 240 1749 1923 1820; baseline -0.001 -17"><span class='ocrx_word' id='word_1_148' title='bbox 240 1751 375 1819; x_wconf 89' lang='grc' dir='ltr'><em>πρὸς</em></span> <span class='ocrx_word' id='word_1_149' title='bbox 427 1751 527 1819; x_wconf 85' lang='grc' dir='ltr'><em>τὴν</em></span> <span class='ocrx_word' id='word_1_150' title='bbox 580 1758 691 1803; x_wconf 90' lang='grc' dir='ltr'><em>τῶν</em></span> <span class='ocrx_word' id='word_1_151' title='bbox 741 1754 976 1820; x_wconf 92' lang='grc' dir='ltr'><em>Περσῶν</em></span> <span class='ocrx_word' id='word_1_152' title='bbox 1032 1751 1360 1803; x_wconf 91' lang='grc' dir='ltr'><em>δυναστείαν</em></span> <span class='ocrx_word' id='word_1_153' title='bbox 1414 1749 1503 1803; x_wconf 87' lang='grc' dir='ltr'><em>καὶ</em></span> <span class='ocrx_word' id='word_1_154' title='bbox 1558 1759 1748 1803; x_wconf 88' lang='grc' dir='ltr'><em>σκοπεῖ</em></span> <span class='ocrx_word' id='word_1_155' title='bbox 1798 1749 1923 1818; x_wconf 88' lang='grc' dir='ltr'><em>περὶ</em></span> 
     </span>
    </p>
   </div>
   <div class='ocr_carea' id='block_1_3' title="bbox 242 1885 594 1890">
    <p class='ocr_par' dir='ltr' id='par_1_3' title="bbox 242 1885 594 1890">
     <span class='ocr_line' id='line_1_20' title="bbox 242 1885 594 1890; baseline 0 0"><span class='ocrx_word' id='word_1_156' title='bbox 242 1885 594 1890; x_wconf 95' lang='lat' dir='ltr'><em> </em></span> 
     </span>
    </p>
   </div>
   <div class='ocr_carea' id='block_1_4' title="bbox 364 1968 1619 2026">
    <p class='ocr_par' dir='ltr' id='par_1_4' title="bbox 364 1968 1619 2026">
     <span class='ocr_line' id='line_1_21' title="bbox 364 1968 1619 2026; baseline 0 -16"><span class='ocrx_word' id='word_1_157' title='bbox 364 1974 385 2010; x_wconf 93' lang='grc'>1</span> <span class='ocrx_word' id='word_1_158' title='bbox 419 1968 524 2012; x_wconf 80' lang='lat' dir='ltr'><strong>Hes,</strong></span> <span class='ocrx_word' id='word_1_159' title='bbox 550 1970 703 2026; x_wconf 78' lang='lat' dir='ltr'><strong>theog.</strong></span> <span class='ocrx_word' id='word_1_160' title='bbox 731 1973 785 2012; x_wconf 92' lang='lat'><em>30</em></span> <span class='ocrx_word' id='word_1_161' title='bbox 908 1974 935 2012; x_wconf 99' lang='lat'>4</span> <span class='ocrx_word' id='word_1_162' title='bbox 966 1969 1071 2012; x_wconf 77' lang='lat' dir='ltr'><strong>Hes.</strong></span> <span class='ocrx_word' id='word_1_163' title='bbox 1099 1983 1170 2024; x_wconf 88' lang='lat' dir='ltr'><em>op.</em></span> <span class='ocrx_word' id='word_1_164' title='bbox 1198 1973 1295 2011; x_wconf 84' lang='lat'>240.</span> <span class='ocrx_word' id='word_1_165' title='bbox 1345 1968 1401 2012; x_wconf 86' lang='lat' dir='ltr'><em>cf.</em></span> <span class='ocrx_word' id='word_1_166' title='bbox 1427 1984 1457 2024; x_wconf 91' lang='lat' dir='ltr'><strong>p</strong></span> <span class='ocrx_word' id='word_1_167' title='bbox 1499 1973 1567 2023; x_wconf 82' lang='lat'><em>99,</em></span> <span class='ocrx_word' id='word_1_168' title='bbox 1594 1973 1619 2010; x_wconf 88' lang='grc'><strong>6</strong></span> 
     </span>
    </p>
   </div>
   <div class='ocr_carea' id='block_1_5' title="bbox 248 2092 412 2096">
    <p class='ocr_par' dir='ltr' id='par_1_5' title="bbox 248 2092 412 2096">
     <span class='ocr_line' id='line_1_22' title="bbox 248 2092 412 2096; baseline 0 0"><span class='ocrx_word' id='word_1_169' title='bbox 248 2092 412 2096; x_wconf 95' lang='lat' dir='ltr'><em> </em></span> 
     </span>
    </p>
   </div>
   <div class='ocr_carea' id='block_1_6' title="bbox 246 2170 1926 2396">
    <p class='ocr_par' dir='ltr' id='par_1_6' title="bbox 246 2170 1926 2396">
     <span class='ocr_line' id='line_1_23' title="bbox 363 2170 1925 2233; baseline -0.001 -16"><span class='ocrx_word' id='word_1_170' title='bbox 363 2179 388 2217; x_wconf 88' lang='grc'>9</span> <span class='ocrx_word' id='word_1_171' title='bbox 429 2172 479 2218; x_wconf 87' lang='grc' dir='ltr'><strong><em>Ὁ</em></strong></span> <span class='ocrx_word' id='word_1_172' title='bbox 510 2174 689 2229; x_wconf 85' lang='grc' dir='ltr'><em>Λοκρὸς</em></span> <span class='ocrx_word' id='word_1_173' title='bbox 719 2173 836 2224; x_wconf 81' lang='grc' dir='ltr'><em>Αἴας</em></span> <span class='ocrx_word' id='word_1_174' title='bbox 868 2175 916 2219; x_wconf 82' lang='grc' dir='ltr'><em>ἐν</em></span> <span class='ocrx_word' id='word_1_175' title='bbox 947 2177 1010 2233; x_wconf 81' lang='grc' dir='ltr'><em>τῷ</em></span> <span class='ocrx_word' id='word_1_176' title='bbox 1040 2179 1121 2229; x_wconf 87' lang='grc' dir='ltr'><em>τῆς</em></span> <span class='ocrx_word' id='word_1_177' title='bbox 1154 2170 1357 2229; x_wconf 78' lang='grc' dir='ltr'><em>Ἀθηνᾶς</em></span> <span class='ocrx_word' id='word_1_178' title='bbox 1388 2176 1485 2232; x_wconf 83' lang='grc' dir='ltr'><em>ναῷ</em></span> <span class='ocrx_word' id='word_1_179' title='bbox 1523 2172 1608 2228; x_wconf 86' lang='grc' dir='ltr'><em>τὴν</em></span> <span class='ocrx_word' id='word_1_180' title='bbox 1640 2172 1925 2227; x_wconf 84' lang='grc' dir='ltr'><em>Κασάνδραν</em></span> 
     </span>
     <span class='ocr_line' id='line_1_24' title="bbox 246 2229 1925 2290; baseline -0.003 -11"><span class='ocrx_word' id='word_1_181' title='bbox 246 2235 482 2290; x_wconf 79' lang='grc' dir='ltr'><em>ἔφθειρεν,</em></span> <span class='ocrx_word' id='word_1_182' title='bbox 526 2231 640 2277; x_wconf 79' lang='grc' dir='ltr'><em>ὅθεν</em></span> <span class='ocrx_word' id='word_1_183' title='bbox 678 2231 845 2289; x_wconf 70' lang='grc' dir='ltr'><em>Ἀθηνᾶ</em></span> <span class='ocrx_word' id='word_1_184' title='bbox 889 2232 1158 2290; x_wconf 79' lang='grc' dir='ltr'><em>ὀργισθεῖσα</em></span> <span class='ocrx_word' id='word_1_185' title='bbox 1190 2238 1324 2287; x_wconf 86' lang='grc' dir='ltr'><em>κοινῆ</em></span> <span class='ocrx_word' id='word_1_186' title='bbox 1367 2232 1474 2281; x_wconf 82' lang='grc' dir='ltr'><em>τοὺς</em></span> <span class='ocrx_word' id='word_1_187' title='bbox 1503 2229 1741 2287; x_wconf 66' lang='grc' dir='ltr'><em>ρΈλληνας</em></span> <span class='ocrx_word' id='word_1_188' title='bbox 1767 2232 1925 2287; x_wconf 83' lang='grc' dir='ltr'><em>ἐτιμω-</em></span> 
     </span>
     <span class='ocr_line' id='line_1_25' title="bbox 247 2288 1926 2396; baseline -0.001 -59"><span class='ocrx_word' id='word_1_189' title='bbox 247 2292 718 2396; x_wconf 47' lang='grc' dir='ltr'><em>ρΡήὲῖιΙκξοΒΞπνεύμασιν</em></span> <span class='ocrx_word' id='word_1_190' title='bbox 765 2289 957 2341; x_wconf 85' lang='grc' dir='ltr'><em>ἀτόποις</em></span> <span class='ocrx_word' id='word_1_191' title='bbox 1002 2291 1201 2336; x_wconf 81' lang='grc' dir='ltr'><em>ἐκδοῦσα</em></span> <span class='ocrx_word' id='word_1_192' title='bbox 1246 2290 1437 2340; x_wconf 82' lang='grc' dir='ltr'><em>τούτους</em></span> <span class='ocrx_word' id='word_1_193' title='bbox 1490 2288 1713 2340; x_wconf 83' lang='grc' dir='ltr'><em>πλέοντας</em></span> <span class='ocrx_word' id='word_1_194' title='bbox 1766 2289 1926 2335; x_wconf 77' lang='grc' dir='ltr'><em>οἴκαδε</em></span> 
     </span>
    </p>
   </div>
   <div class='ocr_carea' id='block_1_7' title="bbox 246 2470 599 2482">
    <p class='ocr_par' dir='ltr' id='par_1_7' title="bbox 246 2470 599 2482">
     <span class='ocr_line' id='line_1_26' title="bbox 246 2470 599 2482; baseline 0 680"><span class='ocrx_word' id='word_1_195' title='bbox 246 2470 599 2482; x_wconf 95' lang='lat' dir='ltr'><em> </em></span> 
     </span>
    </p>
   </div>
   <div class='ocr_carea' id='block_1_8' title="bbox 250 2553 1929 2972">
    <p class='ocr_par' dir='ltr' id='par_1_8' title="bbox 250 2553 1929 2790">
     <span class='ocr_line' id='line_1_27' title="bbox 370 2553 1928 2616; baseline -0.001 -16"><span class='ocrx_word' id='word_1_196' title='bbox 370 2563 391 2600; x_wconf 91' lang='grc'>1</span> <span class='ocrx_word' id='word_1_197' title='bbox 426 2559 506 2616; x_wconf 82' lang='grc' dir='ltr'><em>τῷ]</em></span> <span class='ocrx_word' id='word_1_198' title='bbox 524 2575 579 2601; x_wconf 89' lang='grc' dir='ltr'><em>τα</em></span> <span class='ocrx_word' id='word_1_199' title='bbox 599 2559 682 2602; x_wconf 89' lang='lat' dir='ltr'><em>Mo</em></span> <span class='ocrx_word' id='word_1_200' title='bbox 798 2561 825 2600; x_wconf 90' lang='lat'>4</span> <span class='ocrx_word' id='word_1_201' title='bbox 848 2556 1039 2600; x_wconf 83' lang='grc' dir='ltr'><em>πολλάκι</em></span> <span class='ocrx_word' id='word_1_202' title='bbox 1065 2556 1229 2612; x_wconf 84' lang='lat' dir='ltr'>scripsi</span> <span class='ocrx_word' id='word_1_203' title='bbox 1254 2570 1358 2599; x_wconf 88' lang='lat' dir='ltr'><em>cum</em></span> <span class='ocrx_word' id='word_1_204' title='bbox 1375 2554 1546 2599; x_wconf 74' lang='lat' dir='ltr'>Cobeto</span> <span class='ocrx_word' id='word_1_205' title='bbox 1571 2553 1647 2597; x_wconf 92' lang='lat' dir='ltr'>1.l.</span> <span class='ocrx_word' id='word_1_206' title='bbox 1710 2555 1928 2606; x_wconf 86' lang='grc' dir='ltr'><em>πολλάκις</em></span> 
     </span>
     <span class='ocr_line' id='line_1_28' title="bbox 250 2611 1868 2673; baseline -0.001 -13"><span class='ocrx_word' id='word_1_207' title='bbox 250 2617 359 2660; x_wconf 85' lang='lat' dir='ltr'>libri</span> <span class='ocrx_word' id='word_1_208' title='bbox 384 2617 473 2660; x_wconf 83' lang='lat' dir='ltr'><em>edd</em></span> <span class='ocrx_word' id='word_1_209' title='bbox 516 2619 521 2673; x_wconf 74' lang='grc' dir='ltr'>Ι</span> <span class='ocrx_word' id='word_1_210' title='bbox 564 2617 777 2673; x_wconf 82' lang='grc' dir='ltr'><em>ξύμπασα</em></span> <span class='ocrx_word' id='word_1_211' title='bbox 809 2617 855 2660; x_wconf 90' lang='grc' dir='ltr'><strong><em>Ρ</em></strong></span> <span class='ocrx_word' id='word_1_212' title='bbox 883 2615 966 2660; x_wconf 79' lang='lat' dir='ltr'><em>sed</em></span> <span class='ocrx_word' id='word_1_213' title='bbox 997 2615 1019 2667; x_wconf 82' lang='grc' dir='ltr'><strong><em>ξ</em></strong></span> <span class='ocrx_word' id='word_1_214' title='bbox 1051 2615 1101 2658; x_wconf 90' lang='lat' dir='ltr'><em>in</em></span> <span class='ocrx_word' id='word_1_215' title='bbox 1131 2628 1206 2658; x_wconf 78' lang='lat' dir='ltr'><em>ras</em></span> <span class='ocrx_word' id='word_1_216' title='bbox 1237 2613 1307 2658; x_wconf 78' lang='lat' dir='ltr'><em>m²</em></span> <span class='ocrx_word' id='word_1_217' title='bbox 1449 2618 1474 2656; x_wconf 88' lang='grc'><strong>6</strong></span> <span class='ocrx_word' id='word_1_218' title='bbox 1507 2611 1625 2657; x_wconf 73' lang='grc' dir='ltr'><em>οὕτω</em></span> <span class='ocrx_word' id='word_1_219' title='bbox 1658 2613 1781 2657; x_wconf 83' lang='lat' dir='ltr'>inser</span> <span class='ocrx_word' id='word_1_220' title='bbox 1811 2615 1868 2658; x_wconf 77' lang='lat'><em>12</em></span> 
     </span>
     <span class='ocr_line' id='line_1_29' title="bbox 255 2671 1925 2732; baseline -0.002 -13"><span class='ocrx_word' id='word_1_221' title='bbox 255 2681 308 2719; x_wconf 89' lang='grc'><em>10</em></span> <span class='ocrx_word' id='word_1_222' title='bbox 351 2674 599 2732; x_wconf 78' lang='grc' dir='ltr'><em>Μεγαρέας</em></span> <span class='ocrx_word' id='word_1_223' title='bbox 630 2674 795 2731; x_wconf 84' lang='lat' dir='ltr'>scripsi</span> <span class='ocrx_word' id='word_1_224' title='bbox 827 2674 929 2718; x_wconf 84' lang='lat' dir='ltr'>coll.</span> <span class='ocrx_word' id='word_1_225' title='bbox 954 2674 1094 2718; x_wconf 77' lang='lat' dir='ltr'>Arist.</span> <span class='ocrx_word' id='word_1_226' title='bbox 1119 2675 1224 2717; x_wconf 83' lang='lat' dir='ltr'>Pac.</span> <span class='ocrx_word' id='word_1_227' title='bbox 1251 2677 1334 2716; x_wconf 88' lang='grc'><em>606</em></span> <span class='ocrx_word' id='word_1_228' title='bbox 1350 2686 1414 2727; x_wconf 83' lang='lat' dir='ltr'><em>sq.</em></span> <span class='ocrx_word' id='word_1_229' title='bbox 1476 2671 1611 2715; x_wconf 91' lang='lat' dir='ltr'>Diod.</span> <span class='ocrx_word' id='word_1_230' title='bbox 1638 2671 1724 2716; x_wconf 80' lang='lat' dir='ltr'>Sic.</span> <span class='ocrx_word' id='word_1_231' title='bbox 1750 2673 1835 2716; x_wconf 86' lang='grc' dir='ltr'><em>ΧΠ</em></span> <span class='ocrx_word' id='word_1_232' title='bbox 1856 2677 1925 2716; x_wconf 86' lang='grc'><em>40.</em></span> 
     </span>
     <span class='ocr_line' id='line_1_30' title="bbox 252 2729 1929 2790; baseline -0.001 -14"><span class='ocrx_word' id='word_1_233' title='bbox 252 2734 372 2777; x_wconf 75' lang='lat' dir='ltr'>Plut.</span> <span class='ocrx_word' id='word_1_234' title='bbox 391 2733 489 2777; x_wconf 82' lang='lat' dir='ltr'><strong>Per.</strong></span> <span class='ocrx_word' id='word_1_235' title='bbox 510 2739 579 2789; x_wconf 87' lang='lat'><em>31,</em></span> <span class='ocrx_word' id='word_1_236' title='bbox 596 2739 633 2777; x_wconf 91' lang='lat'><em>1.</em></span> <span class='ocrx_word' id='word_1_237' title='bbox 681 2734 802 2776; x_wconf 84' lang='lat' dir='ltr'><strong>Max.</strong></span> <span class='ocrx_word' id='word_1_238' title='bbox 820 2732 950 2777; x_wconf 84' lang='lat' dir='ltr'>Plan.</span> <span class='ocrx_word' id='word_1_239' title='bbox 969 2733 1103 2777; x_wconf 79' lang='lat' dir='ltr'><strong>Rhet.</strong></span> <span class='ocrx_word' id='word_1_240' title='bbox 1123 2732 1241 2790; x_wconf 82' lang='lat' dir='ltr'><strong>gr.V</strong></span> <span class='ocrx_word' id='word_1_241' title='bbox 1258 2736 1342 2775; x_wconf 80' lang='lat'><em>375</em></span> <span class='ocrx_word' id='word_1_242' title='bbox 1359 2746 1401 2774; x_wconf 90' lang='lat' dir='ltr'><em>n.</em></span> <span class='ocrx_word' id='word_1_243' title='bbox 1419 2734 1472 2774; x_wconf 80' lang='lat'><em>57</em></span> <span class='ocrx_word' id='word_1_244' title='bbox 1528 2729 1682 2786; x_wconf 75' lang='grc' dir='ltr'><em>ἥρωας</em></span> <span class='ocrx_word' id='word_1_245' title='bbox 1704 2731 1814 2775; x_wconf 86' lang='lat' dir='ltr'>libri</span> <span class='ocrx_word' id='word_1_246' title='bbox 1838 2732 1929 2775; x_wconf 84' lang='lat' dir='ltr'><em>edd</em></span> 
     </span>
    </p>

    <p class='ocr_par' dir='ltr' id='par_1_9' title="bbox 254 2788 1928 2972">
     <span class='ocr_line' id='line_1_31' title="bbox 316 2788 1928 2848; baseline -0.001 -13"><span class='ocrx_word' id='word_1_247' title='bbox 316 2797 369 2835; x_wconf 85' lang='lat'><em>13</em></span> <span class='ocrx_word' id='word_1_248' title='bbox 403 2792 515 2835; x_wconf 86' lang='grc' dir='ltr'><em>ἰδὼν</em></span> <span class='ocrx_word' id='word_1_249' title='bbox 547 2806 687 2848; x_wconf 79' lang='lat' dir='ltr'><strong>supra</strong></span> <span class='ocrx_word' id='word_1_250' title='bbox 718 2792 839 2848; x_wconf 85' lang='grc' dir='ltr'><em>ὀρῶν</em></span> <span class='ocrx_word' id='word_1_251' title='bbox 862 2791 920 2835; x_wconf 81' lang='lat'><em>1²</em></span> <span class='ocrx_word' id='word_1_252' title='bbox 1100 2796 1155 2835; x_wconf 90' lang='lat'><em>14</em></span> <span class='ocrx_word' id='word_1_253' title='bbox 1187 2788 1536 2847; x_wconf 85' lang='grc' dir='ltr'><em>φυλλοκρινήσει</em></span> <span class='ocrx_word' id='word_1_254' title='bbox 1570 2791 1615 2833; x_wconf 87' lang='grc' dir='ltr'><strong><em>Β</em></strong></span> <span class='ocrx_word' id='word_1_255' title='bbox 1648 2790 1728 2833; x_wconf 83' lang='lat' dir='ltr'><em>sed</em></span> <span class='ocrx_word' id='word_1_256' title='bbox 1759 2793 1782 2833; x_wconf 88' lang='grc' dir='ltr'><em>λ</em></span> <span class='ocrx_word' id='word_1_257' title='bbox 1814 2791 1928 2834; x_wconf 75' lang='lat' dir='ltr'>alte-</span> 
     </span>
     <span class='ocr_line' id='line_1_32' title="bbox 254 2847 1928 2906; baseline -0.001 -12"><span class='ocrx_word' id='word_1_258' title='bbox 254 2866 356 2894; x_wconf 79' lang='lat' dir='ltr'><em>rum</em></span> <span class='ocrx_word' id='word_1_259' title='bbox 388 2864 503 2905; x_wconf 76' lang='lat' dir='ltr'><strong>eras,</strong></span> <span class='ocrx_word' id='word_1_260' title='bbox 531 2853 593 2896; x_wconf 87' lang='lat' dir='ltr'><strong><em>M</em></strong></span> <span class='ocrx_word' id='word_1_261' title='bbox 678 2850 994 2906; x_wconf 86' lang='grc' dir='ltr'><em>φιλοκρινήσει</em></span> <span class='ocrx_word' id='word_1_262' title='bbox 1020 2851 1103 2895; x_wconf 90' lang='lat' dir='ltr'><em>Mo</em></span> <span class='ocrx_word' id='word_1_263' title='bbox 1194 2847 1494 2905; x_wconf 84' lang='grc' dir='ltr'><em>φιλοκρινήση</em></span> <span class='ocrx_word' id='word_1_264' title='bbox 1527 2848 1571 2891; x_wconf 89' lang='lat' dir='ltr'><em>U</em></span> <span class='ocrx_word' id='word_1_265' title='bbox 1727 2854 1780 2892; x_wconf 85' lang='lat'><em>15</em></span> <span class='ocrx_word' id='word_1_266' title='bbox 1812 2851 1928 2893; x_wconf 79' lang='grc' dir='ltr'><em>πολὺ</em></span> 
     </span>
     <span class='ocr_line' id='line_1_33' title="bbox 256 2909 1924 2972; baseline -0.001 -19"><span class='ocrx_word' id='word_1_267' title='bbox 256 2925 330 2953; x_wconf 89' lang='lat' dir='ltr'><em>om</em></span> <span class='ocrx_word' id='word_1_268' title='bbox 355 2911 400 2953; x_wconf 93' lang='lat' dir='ltr'><em>B</em></span> <span class='ocrx_word' id='word_1_269' title='bbox 523 2914 575 2953; x_wconf 90' lang='grc'><em>16</em></span> <span class='ocrx_word' id='word_1_270' title='bbox 607 2910 838 2953; x_wconf 78' lang='grc' dir='ltr'><em>πιστεύειν</em></span> <span class='ocrx_word' id='word_1_271' title='bbox 865 2909 902 2954; x_wconf 79' lang='lat' dir='ltr'><strong><em>G</em></strong></span> <span class='ocrx_word' id='word_1_272' title='bbox 930 2909 1010 2951; x_wconf 81' lang='lat' dir='ltr'><em>sed</em></span> <span class='ocrx_word' id='word_1_273' title='bbox 1043 2926 1069 2952; x_wconf 92' lang='grc' dir='ltr'><em>ν</em></span> <span class='ocrx_word' id='word_1_274' title='bbox 1102 2923 1202 2972; x_wconf 69' lang='lat' dir='ltr'><em>ems</em></span> <span class='ocrx_word' id='word_1_275' title='bbox 1922 2943 1924 2945; x_wconf 88' lang='lat'>.</span> 
     </span>
    </p>
   </div>
  </div>
 </body>
</html>
