2060 3162
202 142 312 195 264
693 140 922 184 LIBANII
953 138 1178 184 ORATIO
1210 139 1359 184 XVHI

199 277 408 346 βάρους
461 275 661 329 ἐνίκων
709 273 802 328 καὶ
851 276 953 344 τὴν
1002 274 1108 327 ἀπὸ
1154 284 1266 328 τῶν
1312 274 1374 328 ἐν
1426 274 1600 346 ἡμέρᾳ
1652 294 1891 347 πεπονη-

200 364 383 434 μένων
423 365 632 433 ἡδονὴν
671 364 762 416 καὶ
799 364 892 416 διὰ
921 371 1017 432 τῆς
1047 365 1246 427 νυκτὸς
1277 363 1637 434 ἐκαρποῦντο,
1676 368 1903 434 χρόνιοι

202 455 294 522 δή,
349 454 492 520 μάλα
541 455 757 522 χρόνιοι
802 455 1071 521 τρόπαιον
1117 454 1412 521 στήσαντες
1456 454 1754 523 βαρβαρων
1799 455 1892 507 καὶ

199 549 274 615 τῷ
323 540 449 611 παρ’
498 541 692 595 ἐλπίδα
745 543 1003 608 μειζόνως
1054 541 1495 611 εὐφραινόμενοι.
1573 541 1658 595 65.
1713 545 1892 596 καίτοι

158 651 177 684 5
202 633 438 700 πότερον
485 631 652 700 φύσει
699 632 902 692 κακοὺς
950 630 1113 693 ὄντας
1153 628 1457 694 Ἰουλιανὸς
1502 629 1722 699 ἐποίησε
1768 633 1889 698 βελ-

200 721 370 787 τίους,
403 719 585 788 ὥσπερ
618 738 700 781 τις
731 719 864 781 θεὸς
894 718 1058 785 με’νος
1081 717 1357 787 ἑμβαλών;
1389 718 1480 772 καὶ
1504 721 1561 772 τί
1580 723 1765 788 μεῖζον
1787 726 1890 772 τοῦ

199 811 384 875 μεῖζον
409 807 715 876 ἀνθρώπου
741 808 1045 872 ὃύνασθαι;
1084 807 1222 860 ἀλλὰ
1251 809 1487 878 χρηστὰς
1511 809 1708 876 φύσεις
1731 806 1890 875 ἔβλα-

199 915 334 949 πτεν
364 897 651 965 ἡγεμόνων
674 898 859 961 κακία;
890 894 982 949 καὶ
1013 898 1069 949 τί
1097 897 1325 950 κάλλιον
1355 903 1456 949 τοῦ
1480 898 1610 959 τοὺς
1640 896 1892 964 ἀγαθοὺς

199 986 277 1048 εἰς
310 983 574 1047 ἐπίδειξιν
598 979 677 1037 ὧν
703 989 899 1054 ἴσχυον
923 984 1172 1053 ἀγαγεῖν;
1205 984 1343 1037 ἀλλὰ
1372 991 1524 1038 θεῶν
1555 1004 1637 1048 τις
1668 983 1722 1048 ἐξ
1748 984 1889 1054 ἀφα-

132 1095 175 1127 10
198 1081 331 1136 νοῦς
369 1074 436 1125 τὰ
473 1074 687 1126 τούτων
727 1073 901 1126 ἐποίει
940 1075 1157 1140 βελτίω;
1204 1074 1295 1125 καὶ
1333 1076 1485 1136 τίνος
1531 1073 1596 1125 οὐ
1638 1075 1890 1142 σεμνότε-

106 1174 150 1217 R
170 1178 256 1218 544
297 1181 399 1230 ρον
437 1163 570 1228 μετὰ
608 1162 877 1214 τοιούτων
916 1161 1283 1229 ἀγωνίζεσθαι
1331 1162 1650 1231 συμμάχων;
1708 1159 1714 1232 Ι
1773 1160 1890 1215 ἐπεὶ

198 1248 290 1302 καὶ
329 1258 444 1313 τοῖς
474 1249 786 1318 Ἀθηναίοις
831 1253 1017 1319 μεῖζον
1063 1251 1140 1313 εἰς
1180 1249 1366 1319 δόξαν,
1418 1246 1594 1318 οἶμαι,
1648 1251 1708 1302 τὸ
1755 1248 1880 1317 μεθ’

191 1337 530 1407 “Ηρακλεόυς
567 1337 658 1391 καὶ
701 1339 889 1401 Πανὸς
926 1338 1126 1406 πρᾶξαι
1165 1340 1231 1391 τὰ
1270 1340 1535 1407 λεγόμενα
1571 1341 1890 1408 Μαραθῶνι

197 1426 230 1495 ἢ
272 1428 320 1479 εἰ
357 1436 469 1479 τῶν
506 1432 658 1480 θεῶν
697 1425 863 1497 χωρὶς
902 1434 1073 1480 ταῦτα
1111 1425 1458 1495 ἐδεὸύνηντο.

130 1537 173 1570 15
311 1515 396 1567 66.
437 1513 624 1578 Ἄλλος
668 1516 771 1583 μὲν
818 1513 922 1569 οὗν
968 1517 1037 1568 ἄν
1074 1535 1156 1579 τις
1202 1515 1289 1568 ἐπὶ
1339 1517 1578 1586 τοσαύτῃ
1625 1517 1749 1586 νίκῃ
1788 1517 1890 1584 τὴν

199 1605 460 1671 στρατιὰν
523 1605 740 1672 διαφεὶς
801 1604 966 1667 αὐτὸς
1022 1603 1098 1659 ἂν
1150 1606 1299 1673 ἥκων
1354 1606 1430 1667 εἰς
1483 1606 1647 1657 πόλιν
1704 1605 1889 1657 ἵππων

197 1691 449 1759 ἁμίλλαις
499 1691 589 1745 καὶ
636 1693 891 1762 θεάτρων
936 1694 1163 1762 ἡδοναῖς
1212 1694 1486 1746 εἱστίασεν
1540 1693 1887 1762 ὀφθαλμούς,

201 1779 475 1834 ἀνέπαυσε
524 1782 627 1850 τὴν
679 1783 919 1850 γνώμην.
997 1780 1113 1834 ἀλλ’
1154 1782 1255 1835 οὐκ
1302 1780 1523 1844 ἐκεῖνος.
1599 1781 1736 1834 ἀλλὰ
1773 1791 1890 1844 τοῖς

198 1865 300 1937 μὲν
360 1870 426 1921 τὰ
489 1878 682 1938 σημεῖα
736 1868 1024 1939 φέρουσιν,
1088 1871 1234 1932 ὅπως
1295 1871 1493 1923 εἰδεῖεν
1546 1878 1733 1939 τηρεῖν
1785 1871 1888 1938 τὴν

315 2120 342 2158 4
373 2116 523 2158 Amm.
549 2115 655 2158 XVI
683 2119 750 2169 12,
770 2121 822 2158 51
1008 2121 1032 2158 6
1065 2116 1115 2158 11.
1142 2131 1176 2159 π
1201 2121 1286 2159 529
1470 2121 1522 2158 13
1562 2117 1669 2160 Her.
1696 2116 1759 2159 VI
1786 2121 1882 2160 105.

194 2174 367 2218 Polam.
395 2174 509 2217 decl.
536 2174 556 2216 Ι
581 2178 649 2217 35.
682 2174 725 2216 H
749 2179 802 2217 41
838 2176 885 2218 et
917 2180 986 2218 62.
1048 2175 1188 2217 Anth.
1214 2175 1343 2217 Plan.
1369 2174 1433 2217 IV
1458 2179 1542 2218 232

315 2417 339 2454 2
373 2418 580 2466 κρεῖττον
613 2409 692 2454 διὰ
722 2415 803 2466 τῆς
834 2410 999 2460 νυκτὸς
1030 2410 1079 2453 in
1110 2424 1243 2466 marg
1275 2411 1367 2454 La⁸
1403 2413 1408 2467 Ι
1443 2410 1624 2468 χρόνιοι
1656 2409 1728 2464 δή,
1760 2409 1883 2466 μαλα

195 2483 270 2513 om
294 2469 396 2512 Mor
523 2475 550 2512 4
581 2467 865 2543 παρελπίὸα
877 2468 1074 2513 P²VIB
1206 2474 1231 2511 5
1264 2467 1462 2524 πότερον
1498 2470 1535 2514 Ο
1563 2469 1644 2512 sed
1675 2470 1724 2512 in
1748 2482 1883 2525 marg

195 2545 250 2584 γρ
275 2529 355 2571 καὶ
388 2527 553 2578 οὕτως·
590 2526 742 2572 καίτοι
772 2525 1000 2583 πρότερον
1032 2554 1090 2559 —
1122 2532 1148 2570 6
1181 2527 1390 2586 ἐμβαλων
1421 2544 1465 2572 ‘m
1537 2526 1762 2583 πρότερον
1793 2528 1888 2571 ΙΜ

193 2585 317 2629 Fabr
347 2587 516 2642 probat
547 2585 704 2630 Gasda
899 2591 924 2629 6
955 2589 1083 2630 θεῶν
1116 2587 1194 2630 Βα
1236 2587 1241 2644 Ι
1285 2587 1469 2643 signum
1501 2585 1882 2642 inberrogationis

195 2657 220 2687 e
244 2645 290 2687 B
314 2645 449 2700 posui
482 2659 587 2688 cum
611 2645 712 2689 Mor
832 2649 857 2687 9
891 2645 1155 2700 ἐξαφανοῢς
1189 2646 1232 2689 V
1349 2651 1399 2688 11
1426 2645 1616 2689 πάντων
1641 2645 1722 2698 Re,
1755 2645 1878 2699 quod

193 2703 242 2746 in
273 2703 449 2746 τούτων
482 2704 680 2747 correxit
712 2703 858 2747 Cobet
880 2703 1106 2746 MnemV
1133 2709 1215 2746 132
1250 2704 1380 2760 (Coll.
1399 2706 1499 2760 112)
1663 2708 1716 2746 13
1748 2701 1879 2759 γενό-

194 2777 310 2817 μενα
345 2763 388 2805 V
412 2762 580 2818 probat
612 2761 769 2806 Gasda,
949 2767 1003 2805 15
1035 2778 1104 2814 τις
1135 2776 1210 2805 om
1233 2763 1357 2806 Fabr
1395 2765 1400 2818 Ι
1438 2762 1628 2818 τοιαύτη
1656 2763 1717 2804 Μ
1756 2764 1761 2818 Ι
1795 2761 1881 2817 τὴν

194 2834 270 2863 om
293 2820 395 2863 Mor
539 2827 592 2864 16
626 2819 869 2876 στρατείαν
903 2821 1053 2864 VLaI
1191 2826 1244 2865 18
1277 2821 1482 2866 ἀνέπαυε
1514 2822 1590 2865 La
1661 2821 1742 2863 καὶ
1773 2818 1880 2863 ἀνέ-

193 2892 343 2922 παυσε
375 2878 448 2921 vel
480 2877 712 2923 ἀνέπαυσε
745 2879 796 2924 δὲ
829 2879 985 2923 Gasda
1057 2894 1167 2922 num
1199 2878 1435 2924 ἀνέπαυσέ
1463 2885 1542 2923 vs?
1710 2884 1763 2922 19
1795 2878 1881 2934 τὴν

192 2936 325 2989 τάξιν
357 2945 511 2993 τηρεῖν
542 2938 611 2981 Re
671 2945 827 2994 τηρεῖν
861 2951 934 2981 om
959 2940 1034 2982 La
