2060 3162
585 170 589 174 ,
640 119 868 164 LIBANH
899 118 1122 164 ORATIO
1154 119 1303 163 xvm
1715 118 1819 171 371

138 259 510 326 ποθεινότερε,
550 251 592 308 ὦ
630 255 837 323 μεγάλα
874 255 977 323 μὲν
1015 255 1243 325 δράσας,
1292 256 1451 322 μείζω
1493 254 1555 307 δὲ
1592 252 1824 323 μέλλων,

138 342 180 398 ὦ
220 351 372 398 θεῶν
407 344 509 412 μὲν
548 342 820 413 ἐπίκουρε,
860 349 1013 397 θεῶν
1052 341 1112 396 δὲ
1152 343 1398 413 ὁμιλητά,
1438 340 1480 396 ὦ
1512 343 1688 405 πάσας
1722 342 1824 409 μὲν

137 434 340 502 ἡδονὰς
377 435 756 501 καταπατήσας
794 433 938 501 πλὴν
969 432 1093 485 ὅσαι
1125 434 1320 501 λόγων,
1360 433 1521 485 ταυτί
1556 445 1645 484 σοι
1676 432 1823 501 παρὰ

136 532 250 575 τῶν
301 520 577 590 ἡμετέρων
636 523 816 589 λόγων
870 530 983 574 τῶν
1035 530 1264 590 μικρῶν,
1323 521 1421 584 οὓς
1475 520 1641 583 αὐτὸς
1694 515 1823 588 ἦγες

136 611 418 680 μεγάλους.

255 790 278 828 1
311 784 614 841 ποθεινότερε
638 785 684 828 Ρ
711 785 793 830 sed
825 801 846 828 ε
876 784 960 828 ult.
993 785 1042 828 in
1065 784 1227 828 rasm²
1349 789 1371 832 1
1406 780 1440 828 ὦ
1468 811 1519 816 -
1548 788 1573 827 2
1607 782 1822 839 ἐπίκουρε

136 858 211 888 om
237 846 281 889 V
391 850 417 888 3
448 843 578 889 τουτί
607 844 730 888 Fabr
844 848 869 887 5
900 845 1009 900 post
1039 859 1121 901 μεγ
1124 843 1263 894 αλους
1293 844 1439 887 habet
1470 843 1715 899 ἐπιτάφιος
1746 843 1822 887 ἐπὶ

134 904 355 948 ἰουλιανῶ
388 906 429 959 Ι,
461 903 708 959 ἐπιτάφιος
738 903 803 954 εἰς
835 903 1074 947 ἰουλιανόν
1114 903 1166 958 U,
1198 902 1444 959 ἐπιταφιος
1475 903 1541 953 εἰς
1571 903 1651 947 τὸν
1677 900 1821 946 αυτόν

133 962 220 1017 P²‚
268 964 556 1020 epigramma
601 962 828 1006 traditum
869 976 897 1006 a
936 961 1142 1007 Cedreno
1180 962 1202 1005 Ι
1237 967 1322 1006 509
1369 962 1515 1006 Bonn.
1557 963 1604 1005 et
1642 961 1822 1005 Zonara

310 1097 481 1172 Κύδνω
514 1094 588 1141 ἐπ’
616 1094 889 1170 ἀργυρόεντι
920 1092 1007 1140 ἀπ’
1036 1095 1291 1152 Εὐφρήταο
1323 1092 1480 1152 ροοὶων

311 1142 541 1211 Πέρσιδος
572 1156 622 1200 ἐκ
653 1153 788 1213 γαίης
819 1154 1096 1229 ἀτελευτήτῳ
1129 1156 1204 1199 ἐπὶ
1237 1154 1351 1230 ἔργῳ

311 1215 506 1271 κινήσας
536 1214 753 1271 στρατιὴν
784 1212 884 1259 τόδ’
911 1200 1166 1266 Ἰουλιανὸς
1194 1213 1304 1272 λάχε
1333 1221 1470 1288 σῆμα,

311 1273 589 1331 ἀμφότερον,
621 1275 832 1332 βασιλεύς
863 1271 906 1317 τ’
935 1274 1121 1330 ἀγαθὸς
1150 1271 1371 1330 κρατερός
1401 1272 1442 1316 τ’
1464 1273 1687 1330 αἰχμητής

135 1348 245 1392 ΒΜ
255 1348 270 1372 ⁸
301 1348 377 1392 cui
408 1346 670 1422 ἐπίγραμμα
712 1348 762 1391 in
792 1347 1004 1406 margine
1046 1347 1298 1403 adscripsit
1328 1346 1410 1401 ΒΞ,
1454 1345 1599 1406 στίχοι
1639 1348 1714 1392 ἐπὶ
1756 1351 1819 1407 τῷ

134 1414 216 1451 τοῦ
237 1404 493 1452 Ἰουλιανοῦ
513 1406 658 1481 τάφῳ
690 1406 1058 1464 ἀναγραφέντες,
1099 1406 1145 1450 οἳ
1176 1403 1368 1452 δοκοῦσί
1406 1422 1484 1462 μοι
1523 1402 1644 1450 εἶναι
1675 1393 1819 1482 Λιβα-

133 1464 252 1511 νίου.
314 1467 431 1523 πρὸς
472 1466 560 1523 γὰρ
592 1470 654 1527 τῷ
695 1465 811 1510 τέλει
842 1473 924 1509 τοῦ
957 1463 1207 1521 ἐπιταφίου
1240 1465 1288 1509 ἐν
1321 1463 1457 1533 ἑτέρῳ
1489 1466 1536 1523 βι
1567 1463 1648 1524 λίῳ
1681 1462 1818 1521 εὖρον

132 1525 435 1582 praescripsit
474 1527 581 1580 M,
546 1525 562 1550 ⁸
630 1539 724 1581 qua
762 1526 819 1568 de
856 1539 906 1569 re
945 1524 1002 1568 cf.
1049 1538 1169 1580 quae
1209 1524 1402 1581 exposui
1440 1524 1488 1567 in
1564 1511 1818 1569 leckeiseni

133 1584 381 1629 annalibus
411 1584 711 1642 philologieis
745 1588 872 1638 1876,
899 1588 997 1628 213.

1452 2999 1537 3041 242*-
