2060 3162
694 144 923 189 LIBANH
955 143 1180 188 ORATIO
1212 143 1340 188 XXV
1743 144 1850 197 557

159 282 474 344 ὑποδέσεως
524 282 615 334 καὶ
654 280 964 350 ἀμπεχόνης
1008 281 1098 333 καὶ
1145 289 1432 350 στρωμνῆς
1477 279 1569 334 καὶ
1616 290 1728 333 τῶν
1774 283 1853 333 ἔτι

156 370 514 440 βραχυτέρων
566 371 640 433 ὡς
695 368 819 439 περὶ
871 379 984 423 τῶν
1032 371 1307 438 μεγίστων
1359 368 1451 422 καὶ
1502 371 1589 422 δεῖ
1638 369 1705 437 δὴ
1760 371 1855 437 ζῆν

159 459 316 523 ἐντὸς
363 467 458 528 τῆς
504 459 783 526 ἀκριβείας
837 457 1048 527 ἐκείνης
1101 457 1134 526 ἢ
1182 458 1284 511 οὐκ
1339 456 1491 511 ἔσται
1539 458 1852 526 συγγνώμη.

158 551 223 601 ἔν
260 567 319 601 τε
356 556 569 610 κοιναῖς
607 549 823 600 πόλεων
862 556 1178 618 συμφοραῖς
1223 546 1347 599 ὅσαι
1396 546 1501 599 ἀπὸ
1541 556 1785 616 σεισμῶν
1822 547 1856 616 ἢ

160 641 371 706 λοιμῶν
400 637 434 706 ἢ
464 636 720 705 πολέμων
750 635 783 705 ἢ
817 636 1043 705 αὐχμῶν
1079 635 1113 704 ἢ
1145 638 1400 704 πλήθους
1438 636 1632 704 ὑετῶν,
1672 635 1734 689 ἐν
1773 637 1855 689 ocl-
1902 656 1922 688 5

159 729 303 789 τίαις
361 745 419 779 τε
466 726 631 794 ἱερεῖς
676 724 766 778 καὶ
814 726 843 778 ὁ
891 724 1267 791 κεκακωμένος
1314 725 1486 794 δῆμος
1533 723 1736 794 ἐχθρὸς
1782 725 1857 787 ὡς

158 815 230 883 δὴ
266 821 362 882 τῆς
401 814 558 877 ὁσίας
588 813 1022 884 ὠλιγωρημένης.
1059 814 1064 882 Ι
1100 813 1496 880 κυκλουμένων
1527 815 1596 882 δὴ
1627 814 1727 866 τὸν
1764 826 1806 869 R
1827 825 1944 869 117⁷

157 902 311 971 ’ἱερέα
349 913 462 956 τῶν
500 902 775 970 οἰομένων
810 908 1139 970 κεκινῆσθαι
1184 904 1251 955 τὰ
1296 904 1421 970 περὶ
1460 904 1522 955 τὸ
1562 908 1726 956 θεῖον
1764 905 1856 955 νό-

160 1012 299 1061 μιμα
338 994 708 1061 χαλεπώτεραι
745 993 1006 1058 κυμάτων
1044 993 1100 1044 αἱ
1138 999 1238 1045 τοῦ
1279 993 1449 1061 ὄχλου
1489 994 1811 1059 προσβολαί.

270 1082 360 1134 43.
403 1083 548 1150 Φαίη
588 1080 659 1133 ἂν
696 1080 726 1134 ὁ
765 1081 1055 1148 βουλεύων
1092 1081 1364 1151 ὑβρίσθαι
1402 1089 1521 1143 τοῖς
1558 1083 1768 1148 λόγοις,
1810 1081 1858 1133 εἰ
1882 1094 1925 1133 10

158 1171 372 1233 πόλεώς
410 1189 464 1223 τε
504 1170 894 1240 προστατεύων
935 1170 1185 1239 λαμπράς
1221 1189 1279 1223 τε
1319 1168 1653 1239 ἐνδυόμενος
1692 1168 1859 1238 ἐσθῆ-

162 1277 258 1322 τας
296 1256 483 1312 ἔπειτα
532 1258 594 1312 ἐν
632 1260 858 1322 δούλοις
897 1260 1160 1312 τάττοιτο.
1239 1258 1354 1311 ἀλλ’
1388 1258 1493 1327 ἐγὼ
1541 1256 1642 1328 μὲν
1688 1259 1861 1312 αὐτὸν

161 1346 477 1417 ἐβουλόμην
506 1346 650 1416 <ἂν>
679 1343 823 1400 εἶναι
855 1346 1175 1417 ἐλεύθερον,
1208 1349 1370 1410 αὐτὸς
1403 1347 1467 1400 δέ
1494 1367 1559 1414 με
1588 1346 1747 1417 ἕτερα
1777 1348 1859 1400 δι-

162 1436 353 1490 δάσκει
385 1438 814 1505 πυνθανόμενος
836 1436 954 1505 μέν,
987 1438 1035 1489 εἰ
1058 1436 1091 1505 ἡ
1115 1436 1217 1500 νὺξ
1245 1436 1332 1489 ἐπὶ
1364 1438 1723 1505 δικαστήριον
1745 1435 1860 1500 ἄξει

162 1527 295 1589 τοὺς
334 1526 627 1595 ἄρχοντας,
675 1530 927 1595 λουτρῶν
966 1523 1027 1578 δὲ
1066 1524 1156 1578 καὶ
1199 1527 1441 1578 δείπνων
1477 1527 1540 1578 τὸ
1580 1526 1682 1592 μὲν
1720 1526 1859 1589 ὅλως
1884 1539 1925 1578 15

163 1613 432 1683 ἀπολλύς,
487 1623 586 1667 τοῦ
635 1615 697 1668 δὲ
744 1615 845 1684 οὐχ
895 1616 1097 1677 ἱκανῶς
1145 1613 1401 1684 μετέχων,
1455 1615 1751 1667 καθεύδων
1800 1633 1856 1667 τε

161 1699 300 1756 οὐδὲ
349 1704 485 1756 ὅσον
524 1702 733 1767 ἔξεστιν
770 1703 878 1756 ὑπὸ
920 1702 1082 1766 δέους
1127 1703 1316 1773 φέρων
1353 1723 1411 1756 τε
1451 1702 1539 1756 ἐπὶ
1585 1712 1698 1756 τῶν
1736 1705 1856 1772 βλε-

162 1792 362 1861 φάρων
401 1794 503 1861 τὴν
539 1800 640 1846 τοῦ
679 1793 862 1845 ὕπνου
895 1796 1098 1862 χρείαν.
1169 1793 1394 1855 ἀπειλὰς
1433 1790 1495 1845 δὲ
1526 1792 1726 1863 ἀφίημι
1764 1794 1859 1855 τὰς

163 1881 269 1949 μὲν
307 1880 690 1951 ἀλγεινοτέρας
728 1885 971 1950 πληγῶν,
1010 1883 1107 1944 τὰς
1145 1882 1208 1934 δὲ
1245 1883 1324 1944 εἰς
1361 1889 1525 1935 τοῦτο
1557 1882 1859 1951 προϊούσας

162 1970 254 2022 καὶ
310 1969 458 2023 ὁδῶν
511 1973 757 2038 ποιήσεις
817 1969 908 2023 καὶ
970 1980 1232 2040 γεφυρῶν
1294 1969 1707 2040 ἐπανορθώσεις
1767 1969 1857 2023 καὶ
1884 1991 1927 2022 20

166 2062 384 2128 λῃστῶν
424 2059 693 2128 ἰχνεύσεις
731 2058 822 2111 καὶ
853 2068 1081 2129 καρπῶν
1120 2058 1426 2129 εἰσπράξεις
1464 2057 1554 2112 καὶ
1590 2060 1856 2127 πολυειδῆ

287 2284 342 2322 14
373 2294 418 2336 p.
444 2284 545 2334 482,
564 2283 635 2324 14.
666 2294 710 2336 p.
739 2284 839 2333 481,
859 2284 913 2322 15
929 2293 993 2334 sq.
1131 2284 1186 2323 18
1219 2295 1262 2336 p.
1290 2284 1390 2332 482,
1409 2284 1516 2335 Ssq.
1654 2284 1707 2322 21
1742 2278 1871 2323 Xen.'

166 2336 279 2394 Cyn.
307 2343 348 2392 3,
366 2344 415 2393 43
450 2343 490 2394 6,
507 2344 556 2393 43
590 2342 660 2393 10,
677 2342 703 2381 5

290 2551 311 2588 1
346 2544 609 2596 ὑποδέσεως
647 2546 813 2602 scripsi
845 2559 870 2589 e
910 2546 953 2589 V
993 2545 1093 2602 (sed
1117 2562 1139 2590 ε
1170 2546 1299 2602 prius
1331 2546 1380 2589 in
1412 2547 1506 2602 ras)
1547 2559 1653 2589 cum
1686 2544 1858 2589 Cobeto

170 2602 284 2648 Coll.
303 2610 387 2648 123
448 2603 718 2659 ὑποδήσεως
747 2604 919 2660 reliqui
942 2604 1055 2648 libri
1079 2605 1170 2648 edd
1293 2610 1318 2647 3
1353 2605 1502 2649 ἔστιν
1614 2609 1643 2647 4
1675 2605 1862 2659 „malim

198 2666 248 2707 ε“
280 2662 348 2707 Re
487 2669 513 2709 5
546 2666 688 2720 λιμῶν
714 2666 758 2708 Β
904 2668 927 2705 7
963 2661 1124 2714 οὐσίας
1151 2665 1187 2707 Ι
1257 2680 1281 2708 ο
1314 2662 1418 2714 σίας
1448 2664 1491 2708 U
1513 2663 1522 2723 Ι
1547 2663 1860 2719 κυκλούμενον

220 2737 271 2766 or
391 2727 416 2766 9
441 2724 752 2781 χαλεπώτεραι
769 2724 815 2767 Ρ
836 2722 917 2766 sed
942 2739 993 2766 αι
1015 2723 1066 2766 in
1081 2735 1157 2766 ras
1181 2736 1238 2767 ex
1261 2740 1292 2766 α
1317 2736 1418 2766 corr
1433 2722 1503 2766 ω’
1625 2727 1679 2766 10
1712 2720 1860 2780 φαίην

179 2782 254 2827 UI
273 2783 280 2838 Ι
308 2779 367 2825 ἂν
391 2795 468 2826 om
487 2783 563 2828 ΠΙ
582 2786 590 2838 l
614 2782 724 2832 τοὺς
746 2780 911 2838 λόγους
933 2781 1036 2825 Μοι·
1062 2785 1070 2837 Ι
1096 2782 1138 2826 εἰ
1160 2782 1210 2825 in
1225 2794 1301 2825 ras
1318 2788 1346 2824 4
1369 2781 1450 2825 litt
1472 2781 1547 2827 Ρ*
1667 2787 1719 2825 11
1745 2797 1859 2837 προ-

167 2848 349 2885 στατῶν
381 2841 427 2885 V
571 2846 623 2884 12
657 2841 808 2899 δούλῳ
838 2840 941 2883 Mor
1092 2845 1146 2884 13
1179 2839 1240 2884 ἂν
1271 2841 1446 2884 inserui
1473 2843 1479 2897 Ι
1508 2839 1641 2897 ἕτερά
1671 2856 1725 2897 με
1754 2841 1867 2885 ΒΜ

231 2904 287 2944 14
318 2899 626 2957 πυνθανόμεν
658 2914 863 2943 cum-ras
889 2904 914 2942 2
945 2899 1027 2943 litt
1060 2901 1106 2945 U
1134 2900 1142 2958 Ι
1176 2898 1258 2956 μέν
1290 2898 1365 2943 01'n
1400 2901 1470 2946 UI
1504 2900 1511 2959 Ι
1545 2900 1607 2958 εἰ]
1639 2898 1668 2955 ἢ
1701 2899 1804 2943 Mor

172 2961 227 3000 17
259 2959 369 3004 οὐδὲ
402 2958 470 3003 Re
532 2959 636 3004 οὔτε
666 2958 776 3002 libri
807 2959 909 3002 Mor
1028 2963 1081 3001 21
1117 2958 1187 3002 εἰσ
1217 2958 1407 3013 πράξεις
1437 2960 1483 3002 Β
