2060 3162
240 125 348 179 516
763 125 991 168 LIBANH
1022 124 1247 170 ORATIO
1279 125 1429 170 XXIV

239 260 426 330 μέσοις
472 258 532 313 δὲ
573 261 760 323 αὐτοῖς
807 261 835 313 ὁ
875 263 1133 328 βασιλεὺς
1179 263 1485 330 μαχόμενος
1530 263 1687 315 ἔπεσε
1731 264 1934 331 παρόν-

239 370 351 403 των
389 347 490 418 μὲν
537 350 721 402 ἵππων
766 359 878 403 τῶν
925 352 1220 417 βασιλείων
1271 342 1355 412 οἷς
1403 350 1538 403 ὅσον
1584 350 1798 420 μέτεστι
1843 351 1935 404 τά-

240 459 372 508 χους
412 438 514 491 οὐκ
555 437 886 507 ἀγνοοῦμεν,
932 440 1284 508 παρεχόντων
1331 435 1393 491 δὲ
1431 439 1579 512 αὐτῷ
1623 449 1736 492 τῶν
1776 440 1935 492 ἱππο-

240 529 425 596 κόμων
457 525 549 581 καὶ
583 526 862 596 δεομένων
894 527 1176 596 ἀναβάντα
1209 527 1448 595 φυλάξαι
1479 537 1593 590 τοῖς
1619 528 1935 596 πράγμασιν

198 636 217 669 5
245 614 458 684 ἑαυτόν,
507 615 536 669 ὁ
579 613 628 667 δ’
661 617 849 683 εἰπών,
900 616 975 678 ὡς
1021 615 1124 668 οὐκ
1172 614 1328 679 ἄξιον
1375 619 1470 685 ζῆν
1515 615 1604 670 ἐπὶ
1650 618 1936 680 τοσούτοις

242 703 539 774 κειμένοις,
591 702 713 757 ἀντὶ
752 705 934 773 τάφου
973 705 1035 756 τὸ
1074 707 1290 773 πλῆθος
1327 714 1439 757 τῶν
1477 702 1558 758 εἶπ’
1593 706 1739 777 αὐτῷ
1782 725 1936 758 κατε-

246 792 563 862 νεχθέντων
602 790 739 862 ἔσχε.

153 894 260 938 RII
278 899 331 937 31
410 881 460 934 5.
501 882 598 951 Μὴ
644 882 651 950 Ι
699 877 803 935 οὖν
840 902 935 949 μοι
975 881 1172 951 λεγέτω
1219 902 1302 944 τις
1341 883 1554 936 δειλίαν
1591 881 1624 951 ἢ
1664 886 1938 950 μαλακίαν

243 970 276 1039 ἢ
310 970 670 1039 άμελετησίαν
700 967 837 1039 μηδὲ
868 971 928 1023 τὸ
962 973 1244 1041 κρείττους
1279 976 1614 1039 γεγενῆσθαι
1645 973 1776 1035 τοὺς
1806 975 1938 1041 βαρ-

178 1081 221 1114 10
245 1060 454 1129 βάρους
498 1061 576 1122 εἰς
614 1066 785 1112 ταῦτα
825 1059 1159 1130 ἀναφερέτω,
1207 1058 1323 1112 ἀλλ’
1357 1061 1416 1112 αί
1452 1057 1553 1128 μὲν
1591 1061 1789 1128 φύσεις
1826 1070 1938 1113 τῶν

244 1157 592 1216 στρατιωτῶν
637 1146 728 1200 καὶ
774 1157 887 1201 τῶν
925 1148 1143 1210 τούτοις
1190 1146 1634 1201 ἐπιστατούντων
1671 1157 1790 1211 ταῖς
1828 1158 1938 1202 τῶν

242 1234 564 1306 ἔμπροσθεν
600 1239 1001 1306 παραπλήσιαι,
1047 1237 1185 1290 κατὰ
1225 1236 1285 1289 δὲ
1322 1238 1424 1304 τὴν
1463 1235 1661 1305 τέχνην
1708 1238 1797 1290 καὶ
1837 1239 1939 1306 τὴν

245 1324 556 1393 ἐπιμέλειαν
588 1324 694 1379 οἵδ’
724 1323 956 1379 ἐκείνων
987 1326 1089 1395 οὐχ
1117 1326 1357 1395 ὕστεροι,
1390 1326 1550 1394 δόξης
1582 1322 1643 1378 δὲ
1674 1333 1939 1389 τοσοῦτος

244 1414 433 1477 αὐτοῖς
470 1411 633 1483 ἔρως,
688 1415 825 1468 ὥστε
866 1414 1005 1483 ὁμοῦ
1053 1415 1289 1482 καύματι
1338 1414 1428 1467 καὶ
1478 1415 1627 1478 δίψει
1673 1415 1765 1467 καὶ
1803 1413 1938 1484 πυρὶ

179 1524 221 1558 15
245 1501 336 1555 καὶ
375 1504 585 1575 σιδήρῳ
635 1505 935 1572 μαχόμενοι
981 1504 1083 1572 τὴν
1129 1504 1388 1571 τελευτὴν
1433 1503 1570 1571 ἡδίω
1617 1511 1712 1571 τῆς
1757 1511 1941 1572 φυγῆς

245 1590 522 1658 ἐνόμισαν.
598 1598 673 1664 τῷ
715 1590 835 1644 ποτ’
867 1588 971 1645 οὖν
1018 1592 1174 1660 ἡμῶν
1218 1594 1737 1660 πεπλεονεκτήκασι;
1788 1593 1942 1645 δοκεῖ

243 1700 339 1748 μοι
375 1685 529 1733 θεῶν
577 1699 660 1743 τις
705 1681 837 1749 ἡμῖν
885 1680 1233 1755 ὀργιζόμενος
1279 1679 1510 1742 ἐκείνοις
1556 1683 1941 1749 συμπολεμεῖν.

245 1770 347 1836 τὴν
379 1766 440 1821 δὲ
472 1769 646 1839 ὀργὴν
686 1768 715 1821 ὅ
739 1788 834 1835 μοι
864 1768 1100 1835 μάλιστα
1132 1770 1285 1821 δοκεῖ
1314 1767 1688 1837 πεποιηκέναι,
1729 1769 1939 1837 φράσω.

358 1857 406 1910 6.
451 1855 704 1921 Ἐδέξατο
745 1853 847 1926 μὲν
886 1857 994 1909 ὑπὸ
1035 1866 1100 1928 τῇ
1146 1841 1356 1927 πλευρᾷ
1407 1857 1508 1926 τὴν
1553 1858 1770 1926 πληγὴν
1801 1855 1941 1909 Ἰου-

369 2007 391 2044 1
425 2002 575 2046 Amm.
601 2002 750 2045 XXXI
777 2007 845 2058 13,
866 2007 918 2046 12
1080 2006 1105 2045 5
1138 2002 1257 2046 Plau
1286 2001 1394 2046 crit.
1428 2017 1473 2058 p.
1501 2006 1556 2045 53
1577 1999 1609 2044 C
1761 2006 1786 2044 9
1818 2001 1938 2046 Plat.

248 2060 439 2105 Theaet.
466 2077 510 2117 p.
531 2064 614 2104 153
633 2061 670 2103 B

370 2206 394 2244 6
427 2201 532 2256 ἤτοι
563 2199 629 2246 δι’
658 2201 803 2246 αὐτὸν
837 2199 1184 2245 ἀποθανόντων
1219 2200 1285 2245 V²
1317 2202 1382 2258 (et
1412 2200 1518 2245 Vat.
1546 2203 1619 2252 82)

369 2347 391 2385 1
427 2342 587 2386 ἔπεσεν
622 2342 702 2387 CA
846 2345 872 2384 3
904 2341 1059 2384 αὐτῶν
1091 2341 1169 2383 Βα
1196 2343 1201 2396 Ι
1228 2347 1321 2384 τῶν
1351 2341 1387 2383 Ι
1413 2341 1494 2383 sed
1527 2348 1591 2385 ῶν
1622 2340 1669 2383 in
1703 2353 1779 2384 ras
1810 2340 1881 2383 m³

248 2407 275 2445 4
308 2400 554 2459 ἀναβάντα
579 2402 625 2444 Ρ
646 2401 727 2445 sed
751 2417 782 2444 α
799 2401 860 2457 (4)
884 2400 933 2443 in
949 2413 1025 2443 ras
1051 2404 1076 2442 2
1100 2398 1265 2442 littm²
1394 2404 1418 2442 5
1454 2398 1477 2444 ὃ
1509 2401 1642 2444 ΑΜΟ
1705 2397 1730 2444 ὅ
1755 2401 1944 2445 BMVI

247 2461 266 2561 Ι
293 2459 346 2505 δὲ
376 2460 445 2505 Re
483 2463 489 2517 Ι
529 2461 589 2510 ὡς
621 2474 696 2504 om
721 2458 778 2503 Ol
815 2462 822 2515 Ι
861 2459 994 2511 ἄξιον
1031 2459 1219 2515 reposui
1252 2472 1276 2502 e
1307 2458 1441 2501 libris
1481 2473 1586 2502 eum
1611 2459 1669 2503 Ol
1699 2458 1939 2502 conflat.

271 2520 325 2563 .1.
390 2520 517 2572 ἀξιοῖ
543 2519 753 2575 reliquae
785 2518 876 2562 edd
1029 2522 1052 2560 7
1096 2517 1224 2574 ἔσχεν
1258 2519 1359 2562 AU
1502 2523 1528 2562 8
1569 2535 1646 2574 μοι
1678 2531 1754 2561 om
1780 2518 1819 2563 G
1839 2517 1895 2561 Ol
1930 2517 1936 2576 Ι

248 2576 318 2629 τίς
349 2579 431 2622 BI
574 2583 599 2621 9
636 2578 695 2635 μὴ
729 2577 781 2622 δὲ
805 2578 936 2623 BVI
971 2578 976 2634 Ι
1017 2575 1242 2633 γενέσθαι
1272 2578 1307 2620 Ι
1332 2577 1413 2620 sed
1444 2577 1495 2620 in
1525 2580 1807 2634 γεγενῆσθαι
1839 2590 1941 2620 corr

249 2637 332 2690 m³‚
358 2638 403 2680 B
552 2643 604 2681 12
649 2636 768 2680 κατὰ
800 2637 852 2681 δὲ
885 2636 1050 2692 scripsi
1083 2650 1188 2679 cum
1220 2635 1278 2679 Ol
1360 2636 1478 2679 κατά
1510 2652 1558 2680 τε
1589 2636 1701 2680 libri
1730 2635 1939 2690 reliquae

251 2695 342 2739 edd
466 2700 518 2738 13
553 2694 827 2752 ἐπιμέλειαν.
862 2697 988 2739 ΒΒα
1019 2694 1077 2738 Ol
1101 2695 1224 2738 Fabr
1251 2695 1256 2753 Ι
1285 2693 1330 2738 οἱ
1363 2693 1406 2739 δ’
1444 2696 1558 2739 Bal
1576 2694 1632 2738 Ol
1654 2694 1778 2738 Fabr
1838 2692 1939 2738 οἵδε
1968 2703 1975 2708 “

250 2755 319 2798 Re
361 2755 367 2811 Ι
410 2753 461 2798 δὲ
493 2755 659 2811 scripsi
691 2769 716 2799 e
748 2756 861 2799 Bal
887 2769 991 2798 cum
1021 2754 1146 2797 Fabr
1212 2753 1260 2798 τὲ
1292 2754 1395 2798 BV
1454 2769 1501 2798 τε
1531 2753 1702 2808 reliqui
1731 2752 1840 2796 libri
1871 2753 1940 2797 Re

311 2828 386 2856 om
411 2813 469 2857 Ol
612 2819 668 2857 14
699 2811 817 2871 δίψη
851 2815 897 2858 Β
1049 2818 1104 2856 16
1135 2812 1265 2869 ἡμῶν
1297 2827 1373 2856 om
1399 2811 1457 2855 Ol
1608 2817 1661 2856 17
1694 2813 1802 2867 ὑμῖν
1844 2813 1887 2855 V

251 2886 327 2915 om
352 2873 465 2916 Bal
489 2871 547 2915 Ol
569 2872 693 2916 Fabr
844 2877 898 2916 18
929 2869 976 2916 δ’
1003 2872 1071 2915 Re
1217 2876 1270 2914 19
1302 2878 1356 2929 τῇ
1390 2874 1563 2932 πλευρᾷ
1594 2873 1629 2914 Ι
1654 2871 1735 2915 sed
1766 2877 1794 2930 ῇ
1828 2872 1876 2913 eb
1907 2873 1938 2932 ᾇ

252 2933 326 2987 (ex
357 2930 415 2974 ὰν
449 2934 564 2988 corr)
597 2933 647 2975 in
672 2945 747 2974 ras
772 2931 842 2974 m³
