2054 3140
642 117 871 161 LJBANH
901 115 1126 161 ORATIO
1158 117 1244 160 XII
1725 117 1797 170 45

110 254 300 322 βάλλει
339 251 406 321 γε’
439 272 525 306 τοι
562 253 663 322 τὴν
709 253 882 322 τύχην
929 253 1116 316 αὐτοῖς
1163 252 1301 322 ἀνὴρ
1350 251 1445 321 ἀφ’
1485 252 1655 305 αὑτοῦ
1702 260 1799 321 τῆς

112 341 432 412 ἐλευθερίας
471 339 772 411 ἀρξάμενος
809 341 900 394 καὶ
940 342 1043 394 οὐκ
1075 340 1237 404 ἐάσας
1268 340 1702 395 ἐνδυναστεῦσαι
1732 349 1797 412 τῇ

110 439 258 502 ψυχῇ
306 432 407 499 τὴν
446 431 770 484 δεσποτείαν
807 440 918 484 τῶν
955 430 1191 499 ἡδονῶν.
1271 429 1391 483 102.
1446 431 1535 484 καὶ
1575 434 1799 484 πλεονε-

110 527 303 573 κτοῦσι
341 528 453 572 τῶν
490 516 593 587 μὲν
632 517 863 589 ἑτέρωθι
898 517 905 590 Ι
940 518 1229 586 λυθέντων
1259 517 1319 572 ἐκ
1351 520 1606 582 δουλείας
1643 527 1707 590 τῇ
1738 531 1781 574 R
1801 535 1887 576 404

111 616 211 663 τοῦ
243 609 457 662 ὑπάτου
491 610 796 677 σεμνότητι,
835 617 947 661 τῶν
986 606 1034 661 δ’
1068 603 1138 661 αὖ
1176 606 1303 679 παρ’
1334 608 1564 672 ὑπάτοις
1602 616 1666 679 τῇ
1697 616 1798 662 τοῦ
1846 629 1866 662 5

110 697 375 766 βασιλέως
418 699 738 768 προσθήκῃ,
791 706 903 750 τῶν
950 695 998 750 δ’
1039 693 1107 750 αὗ
1154 698 1301 765 παρὰ
1345 705 1460 760 τοῖς
1512 700 1799 767 βασιλεῦσι

109 794 174 856 τῇ
211 794 313 839 τοῦ
351 794 460 840 νῦν
497 787 754 856 ὑπεροχῇ.

224 874 382 928 Οὕτω
415 877 803 945 παραπλησίαν
833 876 962 945 τῇδε
992 877 1309 945 πανήγυριν
1342 875 1494 927 οὔπω
1526 877 1801 944 πρότερον

110 962 419 1034 ἑωράκασιν
458 961 572 1017 οὔτ’
612 963 930 1034 ἀνθρώπων
969 964 1097 1017 οὔτε
1134 969 1290 1017 θεῶν
1329 964 1627 1033 ὀφθαλμοί.

229 1130 254 1169 2
288 1125 374 1170 οὐκ
398 1152 452 1157 -
480 1129 507 1168 3
538 1124 723 1181 ἡδονῶν
756 1124 873 1168 nibai:
904 1123 1063 1168 Thom.
1092 1123 1143 1167 M
1171 1139 1217 1181 p.
1246 1128 1344 1180 100,
1364 1129 1419 1168 16
1452 1139 1485 1169 s
1512 1140 1552 1169 v.
1584 1128 1800 1170 Δεσπο-

109 1183 255 1229 τεία·
303 1185 385 1228 καὶ
415 1183 641 1243 Λιβάνιος
671 1183 723 1229 ἐν
752 1187 815 1227 w?
847 1184 965 1238 πρὸς
992 1180 1250 1228 Ἰουλιανὸν
1289 1184 1520 1244 ὑπατικῷ·
1570 1185 1668 1229 ουκ
1707 1186 1799 1228 κτλ.

173 1243 313 1294 ἐάσας
373 1244 483 1301 ἐμὸν
527 1245 702 1300 (ortum
740 1256 796 1287 ex
835 1243 923 1288 ἐῶν
940 1245 978 1299 Ῥ)
1017 1243 1179 1287 Thom.
1404 1250 1460 1302 τῇ
1492 1245 1641 1302 ψυχῇ]
1680 1241 1797 1299 παρ’

112 1304 240 1364 αὐτῷ
270 1303 307 1346 Τ
344 1318 432 1347 om.
465 1303 590 1347 unde
621 1303 670 1346 in
702 1302 951 1346 Libanium
988 1302 1242 1347 ssransferre
1280 1302 1429 1347 volmt
1459 1302 1742 1359 Oudendorp

110 1370 239 1422 ’ψυχῇ
265 1363 333 1407 Re
392 1362 475 1421 τύχ
478 1362 639 1420 nlibri
662 1363 773 1406 Fen·
789 1362 891 1406 Mor
1003 1366 1029 1406 5
1054 1369 1145 1406 τῶν
1171 1361 1302 1406 δ’-
1326 1361 1522 1414 ὑπάτοις
1543 1362 1801 1407 Mommsen

110 1421 241 1467 Rbm
275 1380 535 1467 Staatsr.11
560 1425 644 1466 102
675 1436 759 1480 pro
792 1421 1072 1480 glossemate
1101 1421 1270 1467 habuit
