2060 3162
229 128 338 184 282
720 124 948 170 LIBANII
980 125 1204 170 ORATIO
1236 125 1386 169 XVHI

227 265 426 325 ἄκακός
441 282 523 324 τις
547 262 898 314 συνεδείπνει
921 270 1036 323 τοῖς
1053 259 1284 314 ἐνθένδε
1301 267 1642 330 στρατηγοῖς.
1687 261 1805 315 108.
1824 261 1919 316 καὶ

224 353 324 404 τὸν
362 348 463 418 μὲν
504 355 666 403 λῦσαι
706 351 801 412 τὰς
841 350 1085 411 σπονδὰς
1119 349 1494 416 ὑπομείναντα
1523 353 1760 403 πίνοντα
1789 344 1916 420 εἶχε,

225 440 419 506 διαβὰς
460 435 521 491 δὲ
562 439 639 501 εἰς
674 439 774 507 τὴν
807 437 1020 491 ἐκείνου
1054 438 1215 506 δίκην
1246 435 1482 506 ἐπέθηκε
1511 445 1607 506 τῆς
1639 437 1922 509 ἐπιορκίας

226 528 294 580 οὐ
357 528 617 596 μεμπτήν.
698 527 1130 596 συνδραμόντων
1193 522 1254 579 δὲ
1307 528 1628 596 περιφόβων
1681 536 1809 580 τῶν.
1853 526 1919 580 τὰ

177 637 200 672 35
229 616 414 668 δίκαια
451 616 830 684 τετηρηκότων
867 613 958 667 καὶ
997 624 1113 677 τοῖς
1152 614 1532 684 ἁμαρτήμασιν
1555 614 1777 668 ἐκείνου
1811 616 1919 669 δει-

225 713 334 766 νῶς
389 702 806 772 αἰσχυνομένων
859 701 949 756 καὶ
1004 701 1424 772 προστιθέντων
1478 703 1665 773 ὅρκοις
1719 703 1923 773 ’ὅρκουςμ

226 791 434 860 ἀναβὰς
488 790 578 844 ἐπὶ
635 795 781 861 βῆμα
834 792 1053 861 ὑψηλὸν
1106 790 1168 844 ἐν
1217 790 1353 865 μέσῃ
1402 799 1466 862 τῇ
1517 793 1776 864 βαρβάρῳ
1827 790 1921 845 καὶ·

225 883 355 943 τοὺς
395 880 619 933 ἐκείνων
652 881 921 950 ἄρχοντας
957 881 1181 933 ἄνωθεν
1211 879 1359 950 ὁρῶν
1390 879 1452 933 ἐν
1481 880 1743 948 ὑπηκόων
1771 879 1918 944 τάξει

225 969 359 1035 μετὰ
397 977 511 1021 τῶν
548 972 773 1021 πολλῶν
808 968 1099 1037 ἑστηκότας
1138 970 1204 1021 τὰ
1243 989 1344 1035 μεν
1383 967 1714 1039 ἀναμνήσας,
1751 970 1818 1022 τα
1858 966 1919 1022 δε

159 1078 202 1115 10
228 1056 522 1126 ἀπειλήσας
563 1056 793 1125 ἀπῆλθε.
875 1056 993 1108 109.
1049 1055 1141 1109 καὶ
1180 1058 1284 1126 ἤδη
1326 1058 1561 1126 δύναμις
1600 1059 1916 1110 συνείλεκτό

225 1164 323 1213 τις,
363 1141 428 1213 ἧς
467 1145 533 1198 οὐ
573 1146 635 1198 τὸ
676 1149 893 1214 πλῆθος
931 1150 1144 1214 μᾶλλον
1184 1147 1253 1199 άν
1284 1142 1367 1208 τις
1397 1145 1430 1214 ἢ
1463 1147 1563 1214 τὴν
1594 1147 1920 1216 προθυμίαν

225 1234 459 1301 ἠγάσθη.
538 1236 596 1286 οἳ
641 1235 948 1301 συνθήκαις
986 1253 1043 1286 τε
1082 1232 1173 1287 καὶ
1214 1233 1417 1298 δεξιαῖς
1457 1234 1729 1302 ἀλλήλους
1766 1254 1920 1288 κατε-

226 1322 512 1390 λάμβανον
549 1317 583 1389 ἦ
622 1323 730 1390 μὴν
767 1330 879 1374 πᾶν
918 1319 1020 1390 μὲν
1057 1324 1328 1392 ποιήσειν,
1374 1330 1487 1376 πᾶν
1526 1319 1587 1375 δὲ
1625 1324 1919 1380 πείσεσθαι

224 1406 362 1479 ὑπερ
403 1414 582 1478 νίκης,
635 1413 958 1479 φοβηθῆναι
1012 1407 1072 1462 δε
1112 1410 1174 1462 ἓν
1210 1413 1403 1479 μόνον,
1453 1411 1555 1479 τὴν
1602 1410 1660 1464 ἐκ
1707 1419 1808 1464 τοῦ
1837 1412 1919 1479 ’μὴ

159 1519 201 1553 15
227 1496 467 1566 φυλάξαι
508 1497 886 1567 γενησομένην
925 1499 1209 1567 αἰσχύνην.

249 1632 251 1634 .
342 1587 462 1639 110.
511 1590 622 1640 Τοῦ
664 1584 725 1640 δε
766 1587 935 1658 ὅρκου
976 1589 1068 1653 διὰ
1108 1588 1332 1641 πάντων
1369 1595 1682 1658 χωροῦντος
1714 1588 1920 1656 Νεβρί-

228 1675 344 1737 διός
398 1695 479 1738 τις
525 1675 690 1745 ἀνήρ,
746 1681 956 1745 μᾶλλον
1008 1674 1067 1729 δε
1121 1676 1488 1747 ἀνδρόγυνος,
1543 1676 1787 1746 ὕπαρχος
1841 1677 1920 1728 ὢν

225 1764 373 1832 παρὰ
432 1772 533 1816 τοῦ
595 1762 1005 1834 πρεσβυτέρου
1035 1773 1199 1819 τοῦτο
1262 1766 1465 1834 λαβών,
1528 1764 1751 1831 ἐπετίμα
1803 1772 1919 1826 τοῖς

227 1851 579 1919 γιγνομένοις
632 1853 723 1906 καὶ
776 1854 875 1906 τὸν
926 1855 1095 1924 ὅρκον
1148 1853 1416 1923 ἐμέμφετό
1469 1873 1527 1906 τε
1577 1852 1667 1906 καὶ
1710 1849 1917 1922 ,ἔφευγε

161 1960 203 1992 20
227 1940 544 2009 βαρβάρους
583 1945 766 1993 καλῶν
803 1943 935 2004 τοὺς
974 1942 1338 2009 ὀμωμοκότας.
1409 1942 1582 2004 οὕτως
1613 1940 1916 1994 ἐκολάκευε.

227 2034 410 2079 πᾶσαν
450 2024 510 2079 δὲ
552 2027 725 2097 ὀργὴν
765 2028 1205 2098 ἐφελκυσάμενος
1244 2031 1334 2082 καὶ
1374 2038 1529 2099 χεῖρα
1566 2030 1656 2082 καὶ
1695 2030 1919 2090 ’δικαίως

138 2113 319 2184 355θῆ
364 2114 433 2167 ἂν
472 2115 795 2179 κατακοπεὶς
833 2116 941 2170 ὑπὸ
981 2125 1081 2170 τοῦ
1120 2118 1342 2186 πρώτου
1381 2115 1683 2186 πλήξαντος
1723 2115 1793 2168 ἂν
1833 2117 1906 2169 εἰ-

348 2295 373 2333 2
406 2291 555 2334 Amm.
582 2290 687 2333 XXI
711 2295 751 2343 4,
772 2295 796 2333 5
949 2295 974 2333 9
1015 2290 1162 2334 Amm.
1191 2290 1296 2334 XXI
1322 2294 1361 2344 5,
1383 2296 1483 2346 lsq.
1639 2295 1691 2333 12
1723 2290 1829 2333 Her.
1855 2289 1918 2332 IX

230 2353 328 2404 106,
355 2355 380 2391 3
504 2353 557 2392 16
590 2349 738 2392 Amm.
765 2348 870 2392 XXI
894 2353 1007 2404 5,11

351 2515 372 2553 1
407 2511 505 2569 καὶ]
539 2526 614 2555 om
638 2511 713 2555 La
804 2509 828 2554 ὁ
861 2510 911 2555 δὲ
943 2511 976 2553 Ι
1003 2510 1085 2553 sed
1115 2509 1165 2552 in
1189 2523 1264 2553 ras
1288 2510 1359 2553 m²
1389 2512 1455 2566 (et
1478 2511 1571 2566 Ba)
1731 2514 1755 2552 2
1790 2506 1879 2553 εἷλε
1897 2513 1916 2552 ⁶?

230 2571 280 2612 at
312 2568 368 2612 cf.
403 2570 462 2612 ad
493 2585 538 2626 p.
565 2574 665 2624 263,
684 2575 709 2612 3
861 2574 886 2612 8
919 2569 1032 2613 ἰδὼν
1068 2570 1111 2612 V
1255 2574 1280 2612 9
1314 2568 1510 2618 ἑστῶτας
1543 2569 1587 2612 V
1741 2572 1795 2611 10
1827 2568 1917 2610 ἀπ-

230 2629 376 2682 ῆλθεν
400 2628 469 2672 Re
592 2633 645 2672 13
678 2624 707 2682 ἧ
734 2628 818 2672 Mo
879 2625 907 2683 ἢ
940 2628 1015 2671 La
1140 2631 1194 2671 14
1226 2629 1502 2685 φοβηθῆναι
1540 2628 1579 2670 V
1607 2626 1688 2670 sed
1719 2625 1916 2699 φοβήσε-

231 2687 346 2729 σθαι
371 2700 598 2743 suprascr.
609 2703 646 2741 r,
672 2687 797 2742 quod
821 2686 990 2742 probat
1014 2685 1170 2729 Gasda
1198 2686 1203 2744 Ι
1231 2686 1291 2742 μὴ
1317 2701 1392 2730 om
1416 2686 1518 2729 Mor
1609 2689 1663 2728 15
1689 2682 1917 2743 (πίστιν)

232 2743 474 2799 φυλάξαιῖ
612 2750 665 2788 17
699 2743 744 2812 δ’
773 2745 842 2788 Re
978 2749 1031 2787 19
1066 2745 1207 2802 ἔφυγε
1241 2744 1410 2789 GBMo
1441 2744 1543 2787 Mor
1565 2743 1633 2786 Re
1710 2746 1765 2786 20
1800 2741 1917 2798 ὀμω-

231 2801 433 2858 μοκότας
462 2805 508 2847 Ρ
537 2805 617 2846 sed
651 2803 760 2860 spir.
785 2803 874 2847 len.
909 2803 959 2846 in
981 2817 1057 2846 ras
1082 2803 1153 2845 m³
1213 2801 1511 2859 ὀμωμοκότας
1541 2802 1730 2845 BLaM
1755 2800 1858 2844 Mor

231 2865 285 2903 21
305 2862 371 2906 δὲ
405 2861 564 2918 ὀργὴν]
600 2861 739 2919 ὀργὴν
771 2861 822 2906 δὲ
857 2862 1026 2906 CBMo
1058 2861 1149 2905 edd.
1277 2867 1332 2905 22
1365 2860 1644 2911 κατακοπεὶς
1674 2859 1799 2902 inser
1822 2860 1856 2902 Ι
1863 2858 1879 2884 ²
1906 2859 1912 2916 Ι

231 2919 323 2963 ὑπὸ
347 2919 430 2975 τὴν
454 2928 536 2963 τοῦ
555 2921 655 2964 Mor
671 2920 794 2964 Fabr
821 2924 826 2974 Ι
855 2937 914 2963 αν
939 2920 1113 2963 inserui
1130 2934 1155 2964 θ
1172 2920 1346 2965 LaPU
1400 2934 1476 2963 om
1498 2918 1668 2974 reliqui
1690 2917 1802 2961 libri
1826 2917 1918 2960 edd
