2060 3162
654 140 881 184 LIBANII
912 138 1136 183 ORATIO
1167 138 1316 182 XVIII
1728 137 1834 188 317

148 279 509 348 δικαστήριον
562 274 843 345 εἰσαχθεὶς
892 276 1092 329 δώσειν
1146 275 1330 343 δίκην,
1382 275 1525 328 οὕτω
1581 274 1643 328 δὲ
1689 273 1838 342 ἀκρι-

150 369 413 437 βέστερον
464 374 576 419 τῶν
630 365 1006 434 σμικροτάτων
1052 366 1329 418 δικαστῶν
1381 362 1512 435 ᾤετο
1560 364 1680 416 δεῖν
1725 370 1842 424 τοῖς

154 456 423 524 κειμένοις
467 453 555 507 ἐπὶ
601 463 713 507 τῶν
758 455 993 523 κρίσεων
1038 451 1309 522 ἐμμένειν,
1358 452 1498 505 ὥστέ
1540 471 1692 514 τινος
1729 459 1842 503 τῶν

152 547 248 599 διὰ
293 545 392 612 τὴν
438 544 611 611 ἄλλην
657 542 876 595 ἀδικίαν
921 541 1013 594 ὑπ’
1052 542 1223 595 αὐτοῦ
1274 540 1624 609 μισουμένων
1673 540 1844 610 γράμ-

155 650 287 702 μασι
323 631 724 701 πεπλασμένοις
763 630 1089 699 βιαζομένου
1129 631 1190 682 τὸ
1225 631 1442 683 δίκαιον
1479 629 1685 700 ’ᾔσθετο
1725 628 1842 697 μέν,
1891 649 1911 680 5

156 730 256 776 τοῦ
298 717 359 774 δὲ
390 719 762 788 ἀδικουμένου
796 720 1113 790 γράφεσθαι
1143 721 1204 772 τὸ
1236 720 1459 788 γράμμα
1491 719 1592 772 οὐκ
1625 721 1846 787 ἔχοντος

155 813 337 881 ἔκρινε
383 811 481 862 τὸν
534 809 836 862 ἀδικοῦντα
888 817 1050 862 νικᾶν
1100 807 1356 876 ἐπειπών,
1411 808 1484 870 ὡς
1531 807 1633 860 οὐκ
1683 806 1846 874 ἀγνο-

160 903 308 970 ήσειε
339 896 442 968 μὲν
472 900 573 967 τὴν
595 900 970 967 κακοτεχνίαν,
1001 897 1367 966 ἡσυχάζοντος
1399 893 1459 949 δὲ
1490 904 1590 949 τοῦ
1613 898 1848 964 βεβλαμ-

157 989 330 1058 μένου
370 994 444 1059 τῷ
476 990 626 1059 νόμῳ
667 987 953 1040 δουλεύων
996 987 1175 1054 διδοίη
1217 988 1319 1054 τὴν
1356 994 1551 1054 ψῆφον
1588 991 1662 1057 τῷ
1695 1004 1848 1037 κεκα-

159 1078 510 1145 κουργηκότι.
585 1077 723 1129 ὥστε
762 1077 895 1144 μετὰ
937 1077 1184 1145 μείζονος
1223 1073 1384 1144 ἀπῄει
1424 1075 1597 1142 λύπης
1636 1073 1666 1127 ὁ
1706 1092 1851 1125 νενι-
1876 1093 1918 1125 ιο

159 1167 338 1235 κηκὼς
376 1173 476 1219 τοῦ
515 1164 894 1234 νενικημένου,
933 1165 962 1218 ὁ
1002 1164 1104 1232 μὲν
1139 1165 1218 1226 εἰς
1256 1172 1378 1232 γῆν,
1419 1163 1448 1216 ὁ
1482 1163 1544 1216 δὲ
1575 1164 1653 1225 εἰς
1685 1160 1852 1224 δόξαν

163 1256 467 1323 ζημιωθείς.
544 1254 720 1316 οὕτως
758 1248 885 1321 εὗρε
923 1255 1057 1322 μήτε
1094 1253 1193 1306 τὸν
1233 1254 1408 1321 νόμον
1464 1253 1471 1320 Ι
1527 1259 1747 1320 κινῆσαι
1793 1262 1836 1305 R
1856 1265 1943 1305 584

165 1341 256 1396 καὶ
297 1343 395 1394 τὸν
434 1342 732 1395 ἀδικοῦντα
769 1342 1035 1414 κολάσαι..
1094 1341 1213 1394 185.
1264 1340 1615 1413 ἀνεῳγμένου
1655 1337 1716 1391 δὲ
1755 1345 1855 1391 τοῦ

165 1430 434 1499 βασιλέως
473 1432 829 1500 δικαστηρίου
869 1429 961 1482 καὶ
999 1438 1169 1483 πᾶσιν
1201 1430 1369 1497 οὔσης
1402 1428 1652 1492 ἐξουσίας
1683 1427 1855 1481 ἐκεῖσε

165 1529 508 1587 καταφυγεῖν
567 1521 767 1581 πάντες
828 1519 951 1572 ὅσοι
1014 1517 1084 1571 δι’
1128 1519 1316 1587 ἰσχύος
1378 1518 1572 1570 ἀδίκου
1627 1518 1693 1569 τὰ
1745 1526 1857 1569 τῶν
1882 1537 1923 1569 15

169 1607 584 1677 ἀσθενεστέρων
632 1603 797 1677 εἶχον,
856 1609 908 1660 οἱ
955 1604 1057 1676 μὲν
1114 1607 1353 1669 ἀναιδῶς
1399 1606 1756 1675 ἁρπάσαντες,
1804 1606 1855 1658 οἱ

169 1694 230 1749 δὲ
269 1696 331 1750 ἐν
369 1698 619 1766 πράσεως
659 1699 912 1766 σχήματι,
954 1697 1006 1748 οἱ
1045 1693 1147 1765 μὲν
1186 1695 1529 1763 ἐγκαλοῦσιν,
1574 1696 1628 1748 οἱ
1668 1692 1728 1747 δὲ
1768 1695 1857 1747 καὶ

171 1795 455 1838 σιωπῶσιν
493 1785 875 1847 ἀποδώσοντες
913 1783 1227 1854 προσῄεσαν
1267 1785 1581 1853 φθάνοντες
1619 1785 1714 1846 τὰς
1743 1785 1859 1851 κρί-

172 1889 284 1936 σεις
323 1880 397 1944 τῷ
438 1875 611 1945 φόβῳ,
659 1872 749 1926 καὶ
790 1875 1049 1942 δικαστὴς
1094 1870 1166 1941 ἦν
1204 1873 1368 1936 αὐτὸς
1414 1873 1561 1945 αὑτῷ
1595 1881 1706 1925 τῶν
1744 1873 1860 1940 ἠδι-

174 1964 418 2031 κηκότων
483 1961 719 2024 ἕκαστος.
824 1962 941 2015 186.
1004 1960 1142 2015 ὥσθ’
1190 1961 1324 2030 ὅπερ
1394 1961 1481 2030 ἐφ’
1529 1960 1863 2029 τΗροικλεόυς
1886 1981 1929 2012 20

174 2056 436 2119 γενέσθαι
474 2050 612 2119 φασὶ
651 2053 781 2114 τοὺς
820 2051 959 2104 ὅπου
1000 2051 1066 2119 δὴ
1108 2058 1207 2119 γῆς
1247 2051 1278 2120 ἢ
1313 2051 1586 2118 θαλάττης
1625 2050 1863 2118 πάσχον-

294 2217 319 2254 6
351 2212 479 2256 Dem.
497 2226 533 2255 c.
550 2212 680 2268 Lept.
709 2217 733 2266 ξ
754 2216 808 2255 95
834 2227 876 2268 p.
897 2216 1031 2266 486,1
1060 2213 1108 2255 eb
1133 2216 1158 2265 ς
1180 2215 1262 2254 146
1288 2226 1332 2268 p.
1352 2215 1450 2263 501,
1463 2216 1518 2254 28
1641 2215 1696 2253 20
1721 2209 1860 2253 Arist.

175 2271 288 2314 Ach.
322 2276 420 2314 284.
484 2271 599 2315 Rau.
634 2276 718 2315 298
758 2285 795 2315 c.
829 2271 989 2314 scholl.
1022 2270 1220 2326 Hesych.
1254 2272 1302 2314 et
1327 2269 1452 2313 Suid.
1487 2285 1520 2313 s.
1547 2285 1585 2313 v.
1605 2267 1861 2324 Ηράκλεις.

176 2330 365 2374 Arisssid
392 2345 454 2373 or
474 2330 515 2372 V
539 2332 571 2373 t.
590 2331 610 2373 Ι
641 2346 685 2386 p.
712 2334 767 2373 59
782 2345 849 2384 sq
876 2331 946 2374 ed.
972 2330 1109 2372 Dind
1144 2329 1261 2385 (t.11
1293 2345 1336 2385 p.
1364 2333 1611 2384 328,13sq.
1645 2329 1716 2372 ed
1743 2327 1864 2383 Keil)

297 2484 322 2521 2
371 2477 684 2534 σμικροτάτων
709 2479 743 2520 Ι
768 2478 848 2520 sed
882 2492 907 2520 σ
938 2491 1039 2522 eras
1112 2476 1398 2533 μικροτάτων
1435 2478 1476 2519 V
1501 2478 1566 2533 (et
1598 2478 1686 2532 Ba)
1768 2489 1866 2531 σμι-

182 2537 315 2591 κροτέ
319 2555 411 2591 ρων
428 2538 473 2581 Β
521 2535 790 2591 ἀκροτάτων
806 2536 879 2580 vel
895 2535 1329 2593 σμικρολογωτάτων
1345 2535 1502 2579 Gasda
1528 2539 1535 2591 Ι
1564 2533 1676 2595 ᾤετο
1698 2549 1773 2578 om
1783 2534 1868 2578 Mo

185 2656 190 2710 .
216 2593 867 2723 ..22223‘552302219335‘52532'
884 2595 949 2696 :if
957 2595 1131 2697 ..2303-
1149 2594 1210 2638 Μ
1237 2610 1327 2697 Ἦ
1340 2596 1433 2710 ,⁸252
1436 2593 1660 2709 ⁰123.ss
1670 2593 1869 2705 ὲῖἓηὲ

180 2713 272 2757 nisi
289 2715 415 2769 quod
431 2732 485 2771 γρ
499 2720 659 2769 κτῆσιν
677 2726 904 2768 suprascr.
916 2715 948 2757 Ι
956 2713 973 2737 ²
975 2714 1136 2769 ‚quod
1154 2713 1381 2770 praebent
1397 2713 1487 2756 edd
1605 2717 1658 2755 12
1683 2716 1869 2766 κινῆσαι

183 2785 207 2815 e
247 2779 433 2828 νικῆσαι
472 2787 574 2816 corr
605 2770 677 2815 P*
857 2776 911 2814 14
950 2774 1055 2828 post
1095 2771 1315 2844 βασιλέως
1351 2784 1427 2814 ras
1463 2777 1515 2814 12
1555 2771 1651 2815 fere
1690 2770 1769 2813 lisst
1800 2771 1834 2812 I
1861 2769 1867 2827 Ι

182 2846 334 2933 Zao?
358 2833 448 2935 1²:32
472 2904 546 2933 om
564 2835 628 2933 ὲὸ
661 2829 1109 2934 ἆρῗζῗύῖδιςλέἰξῑια
1133 2835 1190 2933 ἐξ
1203 2834 1258 2932 ig
1263 2828 1404 2932 αῗξῶι
1426 2831 1542 2933 affre
1551 2829 1619 2931 1132
1643 2832 1872 2937 (Ιέἷῗοῑς

189 2949 265 2991 La
291 2952 298 3003 1
326 2891 507 3005 δπουδὴ
531 2950 564 2992 Ι
583 2947 706 2991 Fabr
729 2947 795 2990 Re
858 2947 1026 3004 ὁποιδὴ
1053 2950 1137 2992 Mo
1200 2946 1307 2992 ’ὅποι
1326 2948 1406 2993 CB
1420 2949 1615 2992 VMPU
1635 2951 1640 3002 Ι
1668 2946 1719 2990 δὲ
1743 2945 1877 2988 Wolf
