2060 3162
191 152 300 204 452
727 149 955 194 LIBAMI
987 148 1210 194 ORATIO
1244 149 1351 193 XXI

192 289 293 356 μὲν
339 287 485 340 ὅλων
525 285 836 355 ἑλκομένων
882 286 974 338 διὰ
1021 286 1226 348 παντὸς
1277 285 1480 352 ὁμοίως
1529 288 1720 355 τόπου,
1774 296 1886 340 τῶν

195 375 255 430 δὲ
317 374 409 429 καὶ
469 373 956 443 κατατετμημένων
1011 375 1087 436 εἰς
1149 373 1310 442 μέλη,
1371 375 1640 428 τοιούτων
1692 377 1887 429 τοίνυν

105 479 146 522 R
168 482 250 521 681
284 463 638 534 ἠσεβημένων
662 462 752 516 καὶ
777 472 888 516 τῶν
911 462 1328 532 τετολμημένων
1349 471 1445 531 τῆς
1467 466 1675 527 πόλεως
1709 464 1716 533 Ι
1752 464 1886 518 ἁπά-

153 666 170 694 5

196 568 293 623 σης
338 562 545 606 κοινῶν
590 551 973 621 γεγενημένων
1021 558 1096 624 τῷ
1145 554 1276 613 τοὺς
1330 549 1431 620 μὲν
1487 554 1704 623 δρᾶσαι,
1757 555 1889 616 τοὺς

197 641 258 695 δὲ
296 643 368 711 μὴ
408 642 677 709 κωλύσαι,
729 642 830 709 τὴν
877 642 982 711 γὰρ
1023 642 1091 709 δὴ
1139 641 1366 709 γνώμην
1411 641 1518 694 ὑπὸ
1565 642 1667 710 τὴν
1716 642 1890 710 αὐτὴν

195 741 313 794 ταῖς
351 729 542 800 χερσὶν
581 731 764 783 αἰτίαν
795 726 952 798 ἦγον,
994 730 1319 799 δραμόντων
1349 731 1545 784 τοίνυν
1573 740 1685 783 τῶν
1715 737 1887 783 ταῦτα

196 821 559 888 μηνυσόντων
590 822 803 888 βασιλεῖ
838 817 929 871 καὶ
961 826 1056 886 τῆς
1087 820 1298 880 πόλεως
1331 821 1490 891 φόβῳ
1522 818 1891 888 κεκενωμένης

198 909 270 970 ὡς
307 917 419 960 τῶν
458 910 741 976 μενόντων
772 908 996 960 πάντων
1029 906 1428 976 ἀπολουμένων
1463 907 1727 976 πέμπεται
1759 909 1891 976 μετὰ

197 1005 296 1050 τοῦ
336 1005 454 1059 ταῖς
494 997 804 1064 δυνάμεσιν
844 995 1204 1064 ἐφεστηκότος
1243 991 1405 1059 οὗτος
1444 995 1532 1049 ἐπὶ
1571 997 1794 1068 βασάνῳ
1833 1015 1892 1048 τε

138 1109 178 1140 ιο
201 1084 291 1139 καὶ
323 1087 499 1156 κρίσει
530 1095 642 1138 τῶν
664 1084 1078 1155 πεπραγμένων.
1150 1085 1198 1138 6.
1232 1086 1285 1138 οἱ
1316 1082 1417 1152 μὲν
1449 1081 1554 1138 οὖν
1584 1086 1683 1139 τὸν
1715 1087 1893 1155 ἄνδρα

138 1552 178 1583 15

201 1175 303 1228 οὐκ
342 1175 546 1237 εἰδότες
585 1176 908 1243 οἰχήσεσθαι
954 1175 1086 1236 τούς
1124 1193 1182 1226 τε
1222 1174 1322 1226 οὐκ
1369 1174 1718 1243 ἀποδράντας
1762 1174 1893 1236 τούς

201 1283 256 1316 τε
295 1271 459 1316 τοῦτο
499 1265 890 1331 πεποιηκότας,
931 1263 1248 1316 ἁλώσεσθαι
1288 1264 1416 1333 γάρ,
1463 1265 1671 1331 ἔλεγον,
1708 1261 1800 1316 καὶ
1840 1263 1892 1314 οἱ

202 1349 303 1419 μὲν
339 1348 523 1420 ἧττον,
572 1353 626 1405 οἱ
667 1348 727 1404 δὲ
767 1356 995 1420 μᾶλλον,
1046 1351 1346 1420 ἀμφότεροι
1393 1349 1453 1404 δὲ
1499 1360 1644 1420 σφᾶς
1690 1352 1894 1413 αὐτοὺς

203 1439 502 1510 ἐθρήνουν,
550 1439 657 1508 ἐγὼ
699 1440 777 1508 δέ,
829 1441 896 1493 οὐ
937 1442 1041 1509 γὰρ
1088 1441 1331 1508 ἠγνόουν
1378 1441 1565 1510 αὐτόν,
1615 1442 1746 1503 τοὺς
1791 1441 1893 1509 μὲν

203 1530 373 1582 ταύτά
421 1550 514 1593 μοι
563 1537 913 1599 φρονοῦντας
963 1530 1052 1582 καὶ
1100 1530 1160 1581 τὸ
1208 1528 1426 1597 βέλτιον
1471 1531 1894 1599 προσδοκῶντας

203 1615 465 1689 ἐπῄνουν,
519 1620 650 1680 τοὺς
704 1619 765 1671 δὲ
818 1618 1278 1688 θορυβουμένους
1339 1621 1547 1671 ἔπαυον
1608 1618 1756 1680 ὅστις
1811 1622 1892 1684 εἴη

206 1707 496 1760 διδάσκων.
575 1707 623 1760 7.
677 1705 778 1770 νὺξ
818 1703 919 1773 μὲν
959 1703 1064 1760 οὖν
1103 1706 1282 1776 ε’κείνη
1330 1708 1543 1769 πολλὰς
1582 1703 1684 1775 μὲν
1722 1725 1894 1774 φρον-

206 1796 376 1862 τίδας,
418 1795 610 1863 ὀλίγον
650 1796 711 1848 δὲ
750 1792 860 1864 εἶχε
898 1796 998 1848 τὸν
1032 1795 1226 1849 ὕπνον.
1297 1793 1427 1848 οὐδὲ
1468 1797 1570 1866 γὰρ
1613 1797 1660 1848 εἰ
1697 1795 1897 1857 πάντες

327 1990 351 2028 9
380 1983 643 2043 Ἐλλεβίχου
677 1984 733 2028 of.
759 2000 804 2041 p.
831 1988 933 2039 486,
954 1990 1006 2028 11

331 2168 353 2206 1
388 2159 551 2219 ὁμοίου
576 2163 652 2206 La
783 2167 808 2204 2
839 2159 1002 2207 τοίνυν
1035 2175 1137 2206 eras
1173 2162 1210 2206 Ο
1238 2162 1430 2217 eiusque
1461 2161 1563 2205 loco
1595 2160 1678 2218 μὲν
1708 2174 1792 2216 pos
1817 2175 1838 2205 s

211 2228 238 2266 4
262 2228 501 2266 κοινωνῶν
514 2222 549 2264 Ι
559 2221 641 2264 sed
658 2238 723 2265 ων
741 2234 856 2275 eras,
875 2222 983 2265 BM
1075 2226 1100 2264 5
1125 2223 1327 2265 κωλῦσαι
1339 2222 1505 2264 IMLa
1522 2221 1578 2263 cf.
1599 2220 1659 2263 ad
1674 2220 1739 2263 13.I
1756 2224 1856 2275 272,
1871 2225 1897 2263 5

272 2316 296 2354 6
328 2307 490 2354 τοίνυν
522 2323 624 2354 eras
644 2310 724 2354 GP
752 2309 944 2366 eiusque
968 2309 1070 2353 loco
1096 2310 1147 2354 δὲ
1172 2323 1256 2365 pos
1284 2308 1423 2353 0⁸1ss
1538 2313 1561 2351 7
1595 2293 1898 2365 μηνυοᾷάῗτων

222 2370 265 2413 V
319 2367 589 2426 μηνυόντων
624 2370 707 2412 Mo
731 2368 833 2412 Mor
860 2370 866 2425 Ι
892 2372 954 2427 τῷ
986 2369 1166 2426 βασιλεῖ
1187 2368 1340 2412 LaVa
1368 2369 1373 2422 Ι
1401 2373 1454 2423 τῆ
1489 2367 1620 2411 πόλει
1645 2368 1729 2412 Mo
1753 2368 1855 2411 Mor
1890 2400 1893 2425 Ι

212 2426 501 2487 κεκενωμένῃ
532 2428 635 2471 Mor
813 2432 839 2471 8
880 2425 1236 2484 ἀπολλουμένων
1268 2427 1379 2471 ΒΜ
1407 2427 1488 2471 sed
1517 2427 1567 2470 in
1597 2427 1686 2470 hoe
1716 2430 1740 2471 λ
1770 2427 1899 2484 prius

213 2501 315 2531 eras
447 2492 499 2530 12
530 2483 657 2531 τοῦτ’
686 2487 740 2530 οὐ
768 2487 813 2530 V
854 2490 860 2541 Ι
902 2485 1166 2530 ἁλώσεσθαι
1200 2487 1237 2531 0
1265 2487 1346 2530 sed.
1377 2485 1469 2530 ἁλώ
1502 2487 1550 2529 in
1574 2500 1648 2530 ras
1671 2501 1694 2531 s
1741 2487 1748 2545 Ι
1797 2485 1898 2543 γάρ,

215 2546 367 2603 ἔλεγον
400 2546 594 2590 distinxi
627 2560 732 2590 cum
756 2545 935 2590 Sint-,eni
1000 2544 1087 2602 γὰρ
1114 2545 1268 2601 ἔλεγον
1292 2544 1402 2588 libri
1426 2546 1531 2601 edd,
1563 2546 1645 2589 sed
1677 2544 1763 2602 γὰρ
1798 2557 1899 2588 eras

487 2609 552 2657 θο

216 2665 251 2707 Ι
366 2669 419 2707 14
468 2663 671 2718 ἐπήνουν
705 2664 774 2708 Va
829 2663 836 2722 Ι
894 2663 1064 2714 αὐτοὺς
1094 2663 1162 2706 Re
1185 2663 1326 2706 Anim
1417 2663 1557 2713 αὐτὸς
1593 2664 1702 2714 τοὺς
1739 2661 1841 2706 Mor

219 2726 274 2766 14
303 2722 412 2772 τοὺς
443 2749 497 2755 -
533 2727 585 2765 17
617 2722 852 2766 διδάσκων
882 2721 1000 2765 citat
1030 2722 1212 2765 omissis
1243 2722 1480 2766 vocabulis
1510 2721 1657 2766 ταύτά
1682 2748 1736 2753 -
1761 2735 1900 2776 προσ-

217 2782 456 2830 δοκῶντας
486 2781 603 2824 Plan
634 2781 712 2825 fol.
741 2785 796 2824 38
953 2786 1006 2824 15
1038 2789 1184 2824 ταῦτα
1218 2784 1301 2826 Mo
1334 2783 1380 2824 et
1410 2781 1460 2824 in
1490 2780 1637 2825 ταυτά
1668 2793 1769 2824 corr
1798 2781 1856 2823 1⁸
1891 2781 1895 2841 Ι

218 2840 298 2883 καὶ
327 2840 379 2883 τὸ
412 2840 461 2883 in
492 2838 571 2883 καί
602 2857 646 2884 τι
678 2854 778 2883 corr
801 2839 859 2883 1³
908 2841 914 2895 Ι
965 2839 1198 2897 βέλτιστον
1232 2841 1419 2884 GAILa
1450 2840 1518 2883 Re
1551 2840 1606 2883 cf.
1640 2855 1683 2895 p.
1710 2844 1810 2893 454,
1829 2844 1854 2882 8
1892 2852 1895 2874 1

218 2897 554 3014 Ιίἓιεΐίῑγβὲέλτῖονε
582 2904 635 3002 ID}
678 2899 758 2942 litss
800 2911 901 2943 eras
949 2899 1018 2942 Va
1229 2905 1281 2942 16
1331 2897 1652 2957 φοβουμένους
1687 2899 1763 2942 La
1775 2899 1842 2942 Va

426 2971 451 3001 e
513 2974 558 3001 οι
