2060 3162
648 128 878 172 LIBANH
908 126 1133 172 ORATIO
1165 127 1315 171 xxm
1727 117 1844 180 505

148 248 453 336 τεκμήριον.
494 263 624 317 Χείσὶ
655 261 757 333 μὲν
797 265 901 332 γὰρ
936 263 1034 326 οὓς
1066 264 1094 317 ὁ
1127 264 1253 331 περὶ
1291 266 1423 326 τοὺς
1463 250 1662 331 λόγους
1700 261 1838 332 ἔρως

150 358 328 409 ἔπεισε
377 353 564 421 μένειν
615 353 840 422 ὀλίγους
895 354 964 421 δή
1014 372 1169 415 τινας
1221 354 1435 421 κομιδῆ.
1512 353 1726 405 τούτων
1777 352 1838 405 δὲ

151 443 334 506 οὐδεὶς
373 444 499 495 οὔτε
540 441 789 511 ἐφήψατο
831 443 959 495 οὔτε
992 440 1288 511 ἐμέλλησεν
1329 442 1455 494 οὔτε
1489 442 1672 494 αὐτῶν
1711 442 1839 494 οὔτε

149 534 517 600 παιδαγωγῶν
557 530 672 584 οὔτ’
704 533 947 584 οἰκετῶν.
1025 529 1112 584 ἐπὶ
1144 539 1238 599 τῆς
1272 531 1437 598 αὐτῆς
1472 533 1667 584 τοίνυν
1697 527 1839 599 ἦσαν

150 621 219 674 ἂν
258 620 442 683 ἀδείας
482 621 535 673 οἱ
574 622 646 689 μὴ
686 622 970 687 μείναντες
1008 617 1181 689 ἧσπερ
1224 621 1276 672 οἱ
1316 622 1674 688 μεμενηκότες
1711 620 1840 672 ταύ-
1887 638 1906 671 5

149 717 248 762 τοῦ
305 711 524 763 δικαίου
580 709 856 771 κάκείνοις
908 710 998 762 καὶ
1052 709 1270 771 τούτοις
1323 708 1685 779 ὑπάρχοντος,
1739 713 1846 762 τοῦ

149 796 285 869 μηδὲ
324 800 461 852 κατὰ
499 799 697 867 μικρὸν
735 797 1119 867 μετεσχηκέναι
1158 807 1270 850 τῶν
1307 797 1540 867 ὕβρεων.

262 888 348 940 24.
395 887 517 940 ”En
563 890 760 940 τοίνυν
806 889 854 940 εἰ
900 887 1002 954 μὲν
1049 885 1280 953 ἐμίσουν
1331 886 1423 956 ἐμὲ
1474 887 1567 939 διὰ
1612 887 1707 948 τὰς
1754 884 1842 938 ἐπὶ

150 979 279 1040 τοὺς
317 979 526 1038 πόνους
564 978 949 1046 παρακλήσεις,
999 979 1081 1038 τίς
1121 976 1306 1028 αὐτῶν
1345 975 1696 1043 ἀδικώτερος;
1751 973 1842 1027 καὶ

150 1067 255 1135 γὰρ
303 1065 547 1133 ἀθλητὴς
593 1065 806 1133 ἄδικος,
855 1065 1002 1127 ὅστις
1050 1065 1226 1127 οὕτως
1273 1066 1382 1133 ἔχει
1432 1065 1570 1133 πρὸς
1609 1065 1707 1117 τὸν
1747 1084 1844 1132 γυ-
1870 1086 1912 1116 ιο

151 1156 397 1224 μναστὴν
436 1155 534 1207 τὸν
574 1155 658 1207 ὅτι
698 1155 783 1207 δεῖ
821 1155 999 1207 πάντα
1038 1156 1215 1207 πόνον
1261 1152 1558 1223 ἀνέχεσθαι
1598 1153 1843 1222 λέγοντα.

153 1246 201 1297 εἰ
242 1242 289 1296 δ’
323 1242 558 1312 ἐφίλουν
597 1263 654 1295 τε
693 1242 783 1295 καὶ
827 1246 921 1311 ζῆν
961 1242 1260 1312 ἐβούλοντό
1300 1262 1366 1311 με
1411 1241 1502 1295 καὶ
1550 1243 1610 1295 τὸ
1658 1241 1845 1309 μένειν

154 1334 256 1386 οὐκ
295 1332 538 1402 ἀσφαλὲς
582 1332 840 1400 ἡγοῦντο,
886 1335 945 1384 τί
978 1333 1051 1401 μὴ
1098 1333 1423 1401 προσιόντες
1472 1330 1690 1384 ἐδέοντό
1737 1352 1844 1399 μου

154 1423 347 1486 σώζειν
386 1421 572 1483 αὑτοῖς
612 1420 876 1489 ἐμαυτόν;
916 1421 1133 1483 πάντως
1173 1417 1234 1473 δὲ
1274 1418 1442 1473 οὐδὲν
1481 1420 1678 1473 καινὸν
1717 1420 1847 1474 νέον

154 1495 414 1580 γέροντος
454 1510 596 1562 ἰδεῖν
634 1528 744 1562 που
775 1510 835 1562 τὸ
870 1508 1158 1579 συμφέρον
1190 1510 1432 1576 ἄμεινον.
1496 1508 1665 1573 δόξαν
1697 1508 1746 1561 δ’
1778 1508 1848 1561 ἂν
1872 1529 1913 1562 15

154 1600 345 1662 αὐτοῖς
388 1599 584 1667 ἤνεγκε
638 1599 727 1651 καὶ
774 1599 835 1651 τὸ
883 1598 1205 1667 μέμψασθαι
1259 1597 1349 1651 καὶ
1400 1599 1460 1651 τὸ
1511 1601 1846 1667 καταβοῆσαι

155 1687 245 1741 καὶ
283 1689 344 1740 τὸ
383 1687 562 1740 πάντα
600 1686 691 1740 καὶ
731 1689 906 1740 εἰπεῖν
944 1688 1033 1739 καὶ
1073 1694 1298 1755 ποιῆσαι
1337 1687 1698 1754 πειρωμένοις
1732 1685 1849 1751 ἐξά-

157 1797 294 1845 γειν,
341 1784 448 1829 νῦν
487 1773 548 1829 δὲ
589 1777 682 1829 διὰ
729 1784 937 1844 σιωπῆς
984 1775 1323 1845 ἐξεπήδησαν
1369 1779 1607 1846 τήμερον
1654 1790 1849 1844 συγγε-

156 1867 404 1934 νόμενοι,
452 1866 650 1927 νυκτὸς
690 1861 751 1918 δὲ
790 1864 1148 1934 ἀποδράντες,
1213 1863 1218 1936 Ι
1283 1865 1535 1918 θάνατόν
1573 1885 1679 1932 μου
1728 1873 1943 1920 RH305²

157 1953 624 2022 κατεψηφισμένοι
663 1954 754 2006 καὶ
795 1954 862 2007 οὐ
902 1955 1212 2016 δεδοικότες
1257 1955 1330 2022 μὴ
1371 1950 1538 2016 αὖθις
1578 1954 1849 2022 ἀλλήλους
1873 1975 1916 2006 20

160 2045 378 2109 Γδωμεν.

270 2130 355 2183 25.
412 2133 583 2200 Γνοιή
636 2130 685 2184 δ’
717 2133 786 2184 ἄν
837 2152 917 2194 τις
963 2131 1224 2185 κάκεῖθεν
1270 2133 1552 2185 τουτουσί·
1606 2140 1700 2200 τῆς
1745 2133 1849 2200 γὰρ

159 2227 257 2273 τοῦ
320 2219 588 2288 βασιλέως
641 2221 807 2290 ὀργῆς
860 2228 924 2289 τῇ
979 2223 1154 2290 βουλῇ
1209 2217 1312 2287 μὲν
1366 2219 1703 2289 ἐγκαλούσης
1759 2223 1857 2272 καί

159 2323 271 2361 τισι
325 2318 435 2361 τῶν
491 2310 787 2377 συνδίκων,
842 2318 954 2362 τῶν
1007 2307 1056 2361 δ’
1087 2306 1225 2378 ὑπὲρ
1281 2310 1530 2372 παιδείας
1586 2308 1853 2362 ἐνταυθοῖ

281 2474 305 2511 3
341 2467 605 2525 ἐψηφίσατο
623 2470 685 2511 M
709 2473 715 2524 1
744 2467 958 2525 ἐμέλησεν
985 2471 1046 2512 Μ
1067 2469 1148 2511 sed
1175 2467 1413 2525 ἐμέλλησεν
1436 2470 1486 2512 in
1502 2482 1637 2527 marg
1664 2469 1669 2526 Ι
1698 2469 1852 2513 αὐτῶν

163 2528 208 2570 Ρ
229 2528 310 2570 sed
334 2524 345 2540 ²
374 2527 423 2570 in
439 2541 514 2570 ras
531 2527 601 2570 m²
662 2528 816 2572 αὑτῶν
834 2529 915 2571 ΑΙ
1022 2533 1048 2571 4
1075 2528 1180 2572 οὔτε
1203 2529 1324 2572 VRe
1446 2533 1471 2571 5
1506 2526 1564 2572 ἂν
1590 2543 1661 2572 om
1689 2531 1779 2584 M.l
1808 2527 1853 2572 οἱ

161 2587 211 2630 in
234 2600 309 2630 ras
336 2588 397 2630 M
406 2586 422 2610 ²
450 2588 455 2642 Ι
485 2586 635 2642 ὥσπερ
659 2588 702 2630 V
816 2592 842 2630 6
873 2587 954 2631 καὶ
983 2587 1165 2637 τούτοις
1187 2584 1424 2638 κάκείνοις
1447 2588 1537 2631 1M
1659 2592 1681 2630 7
1715 2587 1776 2644 μὴ
1802 2586 1853 2632 δὲ

163 2647 271 2690 PM
277 2646 347 2703 ῘῘΙ
375 2645 494 2688 κατὰ
520 2660 595 2689 om
614 2647 675 2689 M
698 2651 703 2698 Ι
732 2646 1018 2702 καταμικρὸν
1046 2648 1114 2701 Vl
1143 2653 1319 2702 μικρῶν
1344 2648 1377 2689 Ι
1494 2651 1547 2690 10
1575 2646 1664 2704 ἔχει
1689 2646 1859 2702 scripsi

164 2718 188 2748 e
215 2705 327 2748 MV
383 2704 478 2761 ἔχοι
509 2705 679 2759 reliqui
710 2704 821 2748 libri
854 2705 945 2747 edd
1099 2710 1152 2748 14
1185 2706 1314 2757 σώζει
1337 2705 1405 2747 Re
1449 2707 1454 2759 Ι
1505 2706 1664 2755 αὐτοῖς
1689 2707 1801 2750 MV

166 2769 221 2807 14
253 2763 393 2808 οὐδὲν
416 2789 475 2795 -
502 2768 555 2806 15
588 2763 780 2819 ἄμεινον
806 2763 922 2807 citat
943 2764 1212 2820 praemissis
1237 2764 1388 2807 verbis
1425 2767 1519 2808 Τοῦ
1552 2764 1617 2814 εἰς
1647 2763 1731 2820 τὴν
1762 2771 1854 2807 τῶν

164 2820 396 2879 πολεμίων
428 2821 748 2878 καταδρομήνε
780 2821 873 2879 λόγ.
900 2829 946 2870 ἶς’
978 2822 1138 2866 Macar
1167 2823 1246 2866 fol.
1275 2827 1330 2866 90
1484 2828 1537 2866 17
1578 2824 1658 2867 καὶ
1685 2825 1747 2880 (2)
1780 2826 1866 2866 om'

169 2883 228 2926 M
258 2882 263 2939 Ι
291 2888 444 2925 ποιεῖν
469 2881 512 2924 V
629 2885 684 2925 18
716 2883 976 2938 διασιωπῆς
998 2883 1044 2926 Ρ
1067 2884 1073 2938 Ι
1100 2881 1297 2938 τήμερον
1323 2883 1384 2926 Μ
1411 2882 1493 2925 sed
1525 2899 1548 2925 τ
1580 2896 1605 2925 e
1638 2896 1664 2926 σ
1693 2896 1797 2926 corr

166 2944 222 2982 20
255 2939 460 2990 δεδιότες
494 2941 533 2984 V
648 2945 705 2983 24
738 2940 972 2985 §vvocvffl‘s’
