2060 3162
237 114 343 167 386
764 113 992 157 LIBANII
1022 112 1246 158 ORATIO
1279 113 1385 157 XIX

237 250 299 302 δὲ
338 249 572 315 ἐμαυτὸν
609 251 997 318 χειροτονήσας
1033 250 1146 318 ἥκω
1181 248 1318 318 μέγα
1349 249 1450 318 μὲν
1479 250 1825 318 ποιούμενος,
1866 252 1918 304 εἶ

236 338 443 391 ὁπόσον
482 338 733 406 εὔχομαι,
780 338 1102 406 δυνηθείην,
1150 338 1217 391 οὐ
1262 338 1459 408 μικρὸν
1506 335 1566 390 δὲ
1604 337 1695 391 καὶ
1742 340 1914 392 αὐτὸν

147 439 292 482 R627
339 427 435 478 τὸν
472 423 612 495 ὑπὲρ
650 434 746 494 τῆς
784 427 985 488 οἰκείοις
1029 428 1223 494 πόνον,
1269 425 1372 479 κᾶν
1418 425 1680 495 ἀτυχῆσαι
1745 427 1750 495 Ι
1813 435 1916 481 τοῦ

234 514 423 576 τέλους
461 513 695 582 γένηται.
772 517 1142 584 κριθήσεσθαι
1188 515 1291 583 γὰρ
1338 515 1574 583 ἡγοῦμαι
1620 524 1684 585 τῇ
1723 517 1918 586 γνώμῃ

191 624 210 656 5
234 607 444 671 μᾶλλον
475 602 507 671 ἢ
539 612 654 665 τοῖς
686 603 786 672 οὐχ
818 603 1091 672 ὑπάρξασι
1123 611 1222 656 τοῦ
1255 604 1451 656 δοῦναι
1483 605 1710 673 κυρίοις.
1772 605 1819 656 3.
1852 605 1915 657 τὸ

235 692 336 760 μὲν
366 687 469 744 οὖν
510 699 680 759 γῆρας
712 696 855 744 οἴκοι
889 712 982 760 μοι
1013 689 1245 763 παρῄνει
1283 697 1567 759 καθῆσθαι
1599 691 1689 745 καὶ
1720 693 1918 746 πολλοὶ

234 790 345 832 τῶν
391 799 448 832 τε
488 781 706 832 οἰκείων
753 778 843 832 καὶ
889 789 999 833 τῶν
1046 779 1386 849 ἐπιτηδείων,
1435 776 1513 833 ὧν
1558 777 1627 848 ἦν
1674 780 1918 849 ἀκούειν,

236 869 308 931 ὡς
346 868 447 921 οὐκ
495 865 734 938 ἀσφαλὲς
780 873 862 937 εἴη
911 867 1094 937 λέγειν
1137 866 1275 939 ὑπὲρ
1322 869 1591 922 τοιούτων
1635 870 1773 937 πρὸς
1812 870 1915 939 ὠρ-

235 956 498 1026 γισμένον
532 956 783 1026 βασιλέα,
824 956 928 1026 ἐγὼ
969 958 1031 1010 δὲ
1069 958 1129 1010 τὸ
1168 954 1270 1024 μὲν
1306 954 1478 1026 μηδὲν
1517 957 1576 1011 ἐκ
1614 968 1724 1011 τῶν
1762 963 1914 1027 λεγο-

169 1068 211 1099 1ο
233 1045 415 1113 μένων
476 1048 708 1098 ἔσεσθαί
763 1065 857 1115 μοι
920 1046 1180 1116 δυσχερὲς
1240 1046 1345 1099 ἀπὸ
1399 1054 1492 1114 τῆς
1547 1054 1643 1114 σῆς
1697 1048 1917 1116 φύσεως

235 1131 384 1204 εἶχον
437 1133 527 1187 καὶ
580 1137 811 1204 τρόπου,
876 1143 1044 1205 γῆρας
1099 1132 1158 1188 δὲ
1211 1140 1363 1188 θεῶν
1414 1134 1772 1204 βουλομένων
1823 1134 1914 1187 καὶ

233 1225 368 1292 πρὸς
415 1222 501 1286 δὶς
546 1225 813 1292 τοσαύτης
859 1223 994 1276 ὁδοῦ
1048 1231 1218 1292 μῆκος
1266 1222 1517 1293 ἀρκέσειν
1573 1222 1918 1292 ἐπεπείσμην,

234 1313 322 1364 καὶ
363 1312 435 1374 ὡς
474 1311 674 1381 ὀρθῶς,
726 1311 858 1365 αὐτὸ
897 1313 958 1365 τὸ
998 1323 1219 1381 πρᾶγμα
1259 1313 1430 1379 δηλοῖ.
1507 1313 1554 1364 4.
1603 1311 1631 1365 ὁ
1670 1313 1773 1383 γὰρ
1815 1313 1917 1365 οὐκ

236 1399 305 1452 ἂν
351 1401 449 1453 τὸν
495 1410 714 1469 πρῶτον
769 1401 1020 1467 σταθμὸν
1072 1400 1351 1463 ἐλπισθεὶς
1405 1401 1662 1469 διαβῆναι
1717 1402 1808 1454 ὃιά
1859 1421 1916 1454 τε

170 1509 211 1542 15
235 1493 457 1542 πολλῶν
510 1489 684 1551 οὕτως
738 1489 972 1558 ἀφῖγμαι
1024 1488 1115 1542 καὶ
1171 1489 1360 1557 διέβην
1406 1491 1696 1559 Βόσπορον
1749 1487 1811 1542 ἔν
1858 1509 1917 1543 τε

235 1586 349 1640 τοῖς
388 1580 684 1644 βασιλείοις
731 1577 839 1647 εἰμὶ
878 1578 969 1630 καὶ
1007 1587 1122 1640 τοῖς
1159 1577 1284 1648 περὶ
1323 1586 1417 1646 τῆς
1462 1580 1670 1640 πόλεως
1719 1580 1915 1646 λόγοις.

237 1661 315 1718 ὧν
362 1662 466 1719 οὖν
511 1666 1288 1736 συλλαμβανόντωνᾼὲνήνοχα
1341 1668 1443 1735 τὴν
1488 1666 1623 1720 ὁδὸν
1675 1665 1764 1719 καὶ
1816 1666 1917 1718 οὐκ

237 1754 487 1823 ἀπεῖπον,
540 1756 770 1817 τούτους
814 1753 904 1808 καὶ
950 1756 1087 1826 πρὸς
1135 1756 1236 1824 τὴν
1289 1755 1425 1823 ὅλην
1470 1756 1721 1823 σπουδὴν
1775 1754 1918 1817 ἕξειν

237 1844 474 1912 ἡγοῦμαι
514 1845 844 1913 συμμάχους.

359 2067 384 2105 5
433 2059 460 2116 ἢ
492 2069 589 2111 τοῖς
620 2062 679 2118 μὴ
712 2061 977 2119 γενομένοις
1006 2060 1186 2117 κυρίοις
1215 2062 1334 2105 κατὰ
1376 2062 1427 2106 τὸ
1467 2063 1633 2106 δοῦναι
1671 2059 1795 2105 τοῦτ’
1826 2062 1921 2105 ἔστι

240 2118 268 2175 ἢ
301 2118 370 2164 ὅτι
403 2121 488 2164 οὐκ
521 2119 740 2177 ἐγενόμην
772 2122 931 2176 κύριος
961 2121 1027 2171 εἰς
1057 2121 1109 2164 τὸ
1141 2123 1310 2166 δοῦναι
1341 2122 1451 2165 Bad

360 2332 382 2369 1
417 2325 462 2370 δ’
495 2328 631 2372 OVU
647 2327 715 2371 Re
774 2329 779 2381 Ι
838 2329 947 2370 ante
984 2326 1309 2384 χειροτονήσας
1338 2340 1413 2370 ras
1447 2331 1472 2369 3
1504 2326 1584 2370 litt
1622 2340 1818 2382 quarum
1847 2327 1920 2369 ul-

239 2385 357 2428 tima
383 2386 399 2428 ὶ
423 2386 566 2442 (uam)
590 2388 664 2431 Pa
691 2390 696 2440 Ι
724 2386 792 2429 εἰσ
810 2387 883 2430 Ρα
914 2386 995 2429 sed
1020 2400 1046 2428 σ
1071 2399 1172 2429 eras
1292 2391 1319 2429 4
1351 2385 1431 2430 διὰ
1454 2391 1536 2440 τῆς
1565 2387 1748 2442 γνώμης
1778 2398 1917 2441 supra

239 2451 295 2501 τῇ
326 2446 491 2502 γνώμῃ
520 2446 595 2490 0¹¹²
714 2450 740 2489 5
774 2442 985 2497 ὑπείξασι
1015 2446 1050 2487 Ι
1075 2445 1154 2488 sed
1188 2461 1228 2488 ει
1259 2444 1308 2487 in
1332 2458 1406 2487 ras
1439 2449 1464 2486 3
1495 2444 1575 2488 litt
1596 2445 1666 2486 m²
1693 2448 1698 2500 Ι
1725 2444 1775 2488 τὸ
1808 2445 1920 2488 Bad

241 2505 289 2546 et
320 2521 373 2559 γρ
398 2503 499 2546 Mor
526 2503 531 2562 Ι
559 2504 799 2549 δύνασθαι
823 2504 927 2547 coni
951 2504 1144 2547 Boisson
1169 2503 1268 2548 coll
1290 2516 1347 2560 ep
1353 2507 1464 2546 ,787
1604 2508 1626 2546 7
1660 2503 1752 2548 ἀπὸ
1779 2517 1918 2558 supra.

242 2577 290 2605 τε
325 2562 398 2606 0¹¹²
426 2565 432 2617 Ι
458 2579 517 2618 ην
551 2578 623 2606 0111
648 2564 722 2607 Ρα
858 2567 882 2605 9
916 2562 1001 2619 ἐγὼ
1032 2589 1091 2594 -
1123 2567 1175 2605 11
1208 2561 1384 2617 τρόπου
1417 2564 1534 2606 citaiz
1562 2562 1683 2605 Plan·
1710 2561 1919 2605 f01.103v

302 2624 327 2663 9
360 2619 611 2677 εἰρημένων
643 2624 716 2666 Ρα
849 2626 900 2664 11
935 2628 1070 2676 „post
1097 2620 1272 2677 τρόπου
1303 2628 1387 2666 aut
1416 2623 1533 2666 deest
1564 2627 1646 2665 emt
1675 2627 1784 2665 certe
1813 2622 1916 2665 sub-

234 2680 523 2724 audiendum
545 2687 609 2725 est
630 2680 943 2736 μαντεύεσθαι
966 2682 1033 2724 vel
1055 2679 1417 2735 τεκμαίρεσθαι“
1441 2681 1509 2724 Re
1624 2685 1676 2723 12
1706 2678 1917 2734 ἀρκέσειν

242 2738 367 2781 inser
387 2739 422 2781 I
429 2738 445 2762 2
513 2753 587 2782 om
618 2741 684 2796 T}
713 2737 938 2795 ἐπείσθην
970 2740 1079 2783 Bad
1230 2744 1282 2783 13
1316 2740 1377 2789 ὡς
1408 2753 1483 2782 0111
1515 2740 1558 2783 U
1580 2739 1585 2796 Ι
1612 2738 1663 2782 τὸ
1694 2738 1818 2781 inser
1844 2739 1917 2782 0¹¹²

304 2802 358 2839 14
388 2797 454 2854 τε]
487 2805 578 2841 τῶν
609 2798 712 2842 Μο1·
784 2814 833 2842 τε
861 2805 953 2841 τῶν
986 2797 1102 2842 οὕτω
1135 2798 1238 2841 coni
1262 2798 1331 2842 Re
1483 2802 1536 2840 15
1569 2794 1701 2846 οὗτος
1731 2797 1840 2841 Bad
1871 2798 1918 2840 et

244 2873 297 2912 γρ
322 2855 424 2898 Μο1·
602 2862 654 2899 17
689 2854 772 2901 οὖν
803 2858 928 2900 inser
950 2859 984 2900 Ι
992 2857 1008 2881 ²
1057 2858 1063 2915 Ι
1112 2855 1524 2914 συλλαμβανόντων
1556 2858 1601 2900 Ρ
1637 2856 1719 2900 sed
1751 2857 1860 2898 ante
1891 2873 1919 2900 ν

244 2917 306 2970 (1)
337 2928 412 2957 ras
446 2919 467 2957 1
502 2915 581 2958 litt
612 2918 660 2959 et
691 2932 715 2959 0
746 2916 795 2959 in
824 2929 901 2959 ras
931 2915 1001 2958 m²
