<?xml version="1.0" encoding="UTF-8"?>
<!DOCTYPE html PUBLIC "-//W3C//DTD XHTML 1.0 Transitional//EN"
    "http://www.w3.org/TR/xhtml1/DTD/xhtml1-transitional.dtd">
<html xmlns="http://www.w3.org/1999/xhtml" xml:lang="en" lang="en">
 <head>
  <title>
</title>
<meta http-equiv="Content-Type" content="text/html;charset=utf-8" />
  <meta name='ocr-system' content='tesseract 3.04.00' />
  <meta name='ocr-capabilities' content='ocr_page ocr_carea ocr_par ocr_line ocrx_word'/>
</head>
<body>
  <div class='ocr_page' id='page_1' title='image "./operarecensuitri02libauoft_0358.png"; bbox 0 0 2060 3162; ppageno 0'>
   <div class='ocr_carea' id='block_1_1' title="bbox 236 130 1415 183">
    <p class='ocr_par' dir='ltr' id='par_1_1' title="bbox 236 130 1415 183">
     <span class='ocr_line' id='line_1_1' title="bbox 236 130 1415 183; baseline -0.008 0"><span class='ocrx_word' id='word_1_1' title='bbox 236 131 342 183; x_wconf 85' lang='lat'><strong><em>348</em></strong></span> <span class='ocrx_word' id='word_1_2' title='bbox 751 131 979 174; x_wconf 81' lang='lat' dir='ltr'><strong>LIBANII</strong></span> <span class='ocrx_word' id='word_1_3' title='bbox 1010 130 1234 175; x_wconf 88' lang='lat' dir='ltr'><strong>ORATIO</strong></span> <span class='ocrx_word' id='word_1_4' title='bbox 1266 131 1415 175; x_wconf 86' lang='lat' dir='ltr'><strong>XVIII</strong></span> 
     </span>
    </p>
   </div>
   <div class='ocr_carea' id='block_1_2' title="bbox 146 265 1919 2107">
    <p class='ocr_par' dir='ltr' id='par_1_2' title="bbox 146 265 1919 2107">
     <span class='ocr_line' id='line_1_2' title="bbox 234 265 1915 338; baseline 0.001 -19"><span class='ocrx_word' id='word_1_5' title='bbox 234 269 395 338; x_wconf 77' lang='grc' dir='ltr'><strong><em>ἤρετο</em></strong></span> <span class='ocrx_word' id='word_1_6' title='bbox 422 265 658 335; x_wconf 88' lang='grc' dir='ltr'><strong><em>Πέρσας,</em></strong></span> <span class='ocrx_word' id='word_1_7' title='bbox 691 268 739 319; x_wconf 84' lang='grc' dir='ltr'><strong><em>εἰ</em></strong></span> <span class='ocrx_word' id='word_1_8' title='bbox 763 265 1045 335; x_wconf 78' lang='grc' dir='ltr'><strong><em>ἐβούλοντ’</em></strong></span> <span class='ocrx_word' id='word_1_9' title='bbox 1068 265 1138 319; x_wconf 78' lang='grc' dir='ltr'><strong><em>ἂν</em></strong></span> <span class='ocrx_word' id='word_1_10' title='bbox 1168 268 1300 336; x_wconf 83' lang='grc' dir='ltr'><strong><em>μήτε</em></strong></span> <span class='ocrx_word' id='word_1_11' title='bbox 1325 266 1358 319; x_wconf 79' lang='grc' dir='ltr'><strong><em>ἃ</em></strong></span> <span class='ocrx_word' id='word_1_12' title='bbox 1383 267 1695 336; x_wconf 86' lang='grc' dir='ltr'><strong><em>δεδράκασι,</em></strong></span> <span class='ocrx_word' id='word_1_13' title='bbox 1722 268 1915 337; x_wconf 87' lang='grc' dir='ltr'><strong><em>δεδρα-</em></strong></span> 
     </span>
     <span class='ocr_line' id='line_1_3' title="bbox 233 354 1919 424; baseline 0 -16"><span class='ocrx_word' id='word_1_14' title='bbox 233 355 388 408; x_wconf 82' lang='grc' dir='ltr'><strong><em>κέναι</em></strong></span> <span class='ocrx_word' id='word_1_15' title='bbox 419 357 553 423; x_wconf 83' lang='grc' dir='ltr'><strong><em>μήτε</em></strong></span> <span class='ocrx_word' id='word_1_16' title='bbox 584 355 618 408; x_wconf 77' lang='grc' dir='ltr'><em>ἃ</em></span> <span class='ocrx_word' id='word_1_17' title='bbox 648 357 977 422; x_wconf 76' lang='grc' dir='ltr'><strong><em>πεπόνθασι,</em></strong></span> <span class='ocrx_word' id='word_1_18' title='bbox 1015 354 1374 424; x_wconf 71' lang='grc' dir='ltr'><strong><em>πεπονθέναι,</em></strong></span> <span class='ocrx_word' id='word_1_19' title='bbox 1405 357 1612 417; x_wconf 82' lang='grc' dir='ltr'><strong><em>πάντας</em></strong></span> <span class='ocrx_word' id='word_1_20' title='bbox 1642 354 1712 408; x_wconf 71' lang='grc' dir='ltr'><strong><em>ἂν</em></strong></span> <span class='ocrx_word' id='word_1_21' title='bbox 1742 356 1919 408; x_wconf 87' lang='grc' dir='ltr'><strong><em>εἰπεῖν</em></strong></span> 
     </span>
     <span class='ocr_line' id='line_1_4' title="bbox 146 431 1917 515; baseline -0.002 -16"><span class='ocrx_word' id='word_1_22' title='bbox 146 457 187 499; x_wconf 85' lang='lat' dir='ltr'>R</span> <span class='ocrx_word' id='word_1_23' title='bbox 209 460 293 499; x_wconf 79' lang='lat'><strong><em>608</em></strong></span> <span class='ocrx_word' id='word_1_24' title='bbox 334 443 439 497; x_wconf 87' lang='grc' dir='ltr'><strong><em>ἀπὸ</em></strong></span> <span class='ocrx_word' id='word_1_25' title='bbox 477 451 578 496; x_wconf 83' lang='grc' dir='ltr'><strong><em>τοῦ</em></strong></span> <span class='ocrx_word' id='word_1_26' title='bbox 616 443 881 512; x_wconf 86' lang='grc' dir='ltr'><strong><em>βασιλέως</em></strong></span> <span class='ocrx_word' id='word_1_27' title='bbox 920 431 1289 513; x_wconf 74' lang='grc' dir='ltr'><strong><em>ἀρξαμένους,</em></strong></span> <span class='ocrx_word' id='word_1_28' title='bbox 1331 444 1403 506; x_wconf 81' lang='grc' dir='ltr'><strong><em>ὡς</em></strong></span> <span class='ocrx_word' id='word_1_29' title='bbox 1441 443 1529 497; x_wconf 80' lang='grc' dir='ltr'><strong><em>ἐπὶ</em></strong></span> <span class='ocrx_word' id='word_1_30' title='bbox 1568 448 1753 515; x_wconf 77' lang='grc' dir='ltr'><strong><em>πολλῷ</em></strong></span> <span class='ocrx_word' id='word_1_31' title='bbox 1795 448 1802 510; x_wconf 91' lang='grc' dir='ltr'>Ι</span> <span class='ocrx_word' id='word_1_32' title='bbox 1850 445 1917 496; x_wconf 78' lang='grc' dir='ltr'><strong><em>τὰ</em></strong></span> 
     </span>
     <span class='ocr_line' id='line_1_5' title="bbox 233 530 1916 600; baseline 0 -16"><span class='ocrx_word' id='word_1_33' title='bbox 233 535 354 584; x_wconf 91' lang='grc' dir='ltr'><strong><em>τότε</em></strong></span> <span class='ocrx_word' id='word_1_34' title='bbox 404 531 616 585; x_wconf 83' lang='grc' dir='ltr'><strong><em>ἐνίκων.</em></strong></span> <span class='ocrx_word' id='word_1_35' title='bbox 692 531 817 584; x_wconf 75' lang='grc'><strong><em>257.</em></strong></span> <span class='ocrx_word' id='word_1_36' title='bbox 871 534 1031 600; x_wconf 83' lang='grc' dir='ltr'><strong><em>γνοίη</em></strong></span> <span class='ocrx_word' id='word_1_37' title='bbox 1083 530 1131 584; x_wconf 87' lang='grc' dir='ltr'><strong><em>δ’</em></strong></span> <span class='ocrx_word' id='word_1_38' title='bbox 1164 533 1234 584; x_wconf 78' lang='grc' dir='ltr'><strong><em>ἄν</em></strong></span> <span class='ocrx_word' id='word_1_39' title='bbox 1282 552 1366 595; x_wconf 90' lang='grc' dir='ltr'><strong><em>τις</em></strong></span> <span class='ocrx_word' id='word_1_40' title='bbox 1414 531 1694 584; x_wconf 81' lang='grc' dir='ltr'><strong><em>κάκεῖθεν·</em></strong></span> <span class='ocrx_word' id='word_1_41' title='bbox 1757 534 1916 584; x_wconf 87' lang='grc' dir='ltr'><strong><em>Κων-</em></strong></span> 
     </span>
     <span class='ocr_line' id='line_1_6' title="bbox 191 619 1919 691; baseline 0 -17"><span class='ocrx_word' id='word_1_42' title='bbox 191 641 209 674; x_wconf 83' lang='grc'>5</span> <span class='ocrx_word' id='word_1_43' title='bbox 235 621 488 683; x_wconf 89' lang='grc' dir='ltr'><strong><em>στάντιος</em></strong></span> <span class='ocrx_word' id='word_1_44' title='bbox 540 621 643 691; x_wconf 75' lang='grc' dir='ltr'><strong><em>γὰρ</em></strong></span> <span class='ocrx_word' id='word_1_45' title='bbox 699 619 760 673; x_wconf 80' lang='grc' dir='ltr'><strong><em>ἐν</em></strong></span> <span class='ocrx_word' id='word_1_46' title='bbox 815 621 1046 691; x_wconf 75' lang='grc' dir='ltr'><strong><em>οὐδεμιᾷ</em></strong></span> <span class='ocrx_word' id='word_1_47' title='bbox 1092 629 1204 673; x_wconf 84' lang='grc' dir='ltr'><strong><em>τῶν</em></strong></span> <span class='ocrx_word' id='word_1_48' title='bbox 1251 622 1519 689; x_wconf 77' lang='grc' dir='ltr'><strong><em>εἰσβολῶν</em></strong></span> <span class='ocrx_word' id='word_1_49' title='bbox 1572 626 1648 682; x_wconf 87' lang='grc' dir='ltr'><strong><em>εἰς</em></strong></span> <span class='ocrx_word' id='word_1_50' title='bbox 1700 626 1919 689; x_wconf 77' lang='grc' dir='ltr'><strong><em>αἴτησιν</em></strong></span> 
     </span>
     <span class='ocr_line' id='line_1_7' title="bbox 235 705 1915 780; baseline 0.001 -19"><span class='ocrx_word' id='word_1_51' title='bbox 235 710 496 762; x_wconf 78' lang='grc' dir='ltr'><strong><em>σπονδῶν</em></strong></span> <span class='ocrx_word' id='word_1_52' title='bbox 543 709 868 778; x_wconf 74' lang='grc' dir='ltr'><strong><em>ἠναγκάσθη</em></strong></span> <span class='ocrx_word' id='word_1_53' title='bbox 923 718 1125 778; x_wconf 85' lang='grc' dir='ltr'><strong><em>πεσεῖν,</em></strong></span> <span class='ocrx_word' id='word_1_54' title='bbox 1180 709 1209 762; x_wconf 88' lang='grc' dir='ltr'>ὁ</span> <span class='ocrx_word' id='word_1_55' title='bbox 1258 706 1317 761; x_wconf 73' lang='grc' dir='ltr'><strong><em>δὲ</em></strong></span> <span class='ocrx_word' id='word_1_56' title='bbox 1365 705 1443 762; x_wconf 77' lang='grc' dir='ltr'><strong><em>ὧν</em></strong></span> <span class='ocrx_word' id='word_1_57' title='bbox 1489 711 1631 778; x_wconf 82' lang='grc' dir='ltr'><strong><em>ἔφην</em></strong></span> <span class='ocrx_word' id='word_1_58' title='bbox 1675 727 1915 780; x_wconf 85' lang='grc' dir='ltr'><strong><em>πεπραγ-</em></strong></span> 
     </span>
     <span class='ocr_line' id='line_1_8' title="bbox 233 796 1918 867; baseline 0 -17"><span class='ocrx_word' id='word_1_59' title='bbox 233 797 416 867; x_wconf 82' lang='grc' dir='ltr'><strong><em>μένων</em></strong></span> <span class='ocrx_word' id='word_1_60' title='bbox 469 796 675 867; x_wconf 74' lang='grc' dir='ltr'><strong><em>ἔπεμψε</em></strong></span> <span class='ocrx_word' id='word_1_61' title='bbox 727 798 826 850; x_wconf 90' lang='grc' dir='ltr'><strong><em>τὸν</em></strong></span> <span class='ocrx_word' id='word_1_62' title='bbox 879 799 1217 866; x_wconf 79' lang='grc' dir='ltr'><strong><em>δεησόμενον</em></strong></span> <span class='ocrx_word' id='word_1_63' title='bbox 1270 796 1535 851; x_wconf 77' lang='grc' dir='ltr'><strong><em>ἐνταυθοῖ</em></strong></span> <span class='ocrx_word' id='word_1_64' title='bbox 1581 806 1773 866; x_wconf 84' lang='grc' dir='ltr'><strong><em>στῆναι</em></strong></span> <span class='ocrx_word' id='word_1_65' title='bbox 1819 799 1918 851; x_wconf 89' lang='grc' dir='ltr'><strong><em>τὸν</em></strong></span> 
     </span>
     <span class='ocr_line' id='line_1_9' title="bbox 231 885 1916 955; baseline 0 -16"><span class='ocrx_word' id='word_1_66' title='bbox 231 888 474 955; x_wconf 86' lang='grc' dir='ltr'><strong><em>πόλεμον</em></strong></span> <span class='ocrx_word' id='word_1_67' title='bbox 511 887 600 939; x_wconf 84' lang='grc' dir='ltr'><strong><em>καὶ</em></strong></span> <span class='ocrx_word' id='word_1_68' title='bbox 635 887 735 938; x_wconf 91' lang='grc' dir='ltr'><strong><em>τὸν</em></strong></span> <span class='ocrx_word' id='word_1_69' title='bbox 766 889 1090 954; x_wconf 86' lang='grc' dir='ltr'><strong><em>νενικηκότα</em></strong></span> <span class='ocrx_word' id='word_1_70' title='bbox 1120 894 1219 939; x_wconf 86' lang='grc' dir='ltr'><strong><em>τοῦ</em></strong></span> <span class='ocrx_word' id='word_1_71' title='bbox 1252 889 1507 948; x_wconf 86' lang='grc' dir='ltr'><strong><em>πλείονος</em></strong></span> <span class='ocrx_word' id='word_1_72' title='bbox 1538 885 1916 955; x_wconf 81' lang='grc' dir='ltr'><strong><em>ἀποσχόμενον</em></strong></span> 
     </span>
     <span class='ocr_line' id='line_1_10' title="bbox 234 973 1914 1045; baseline 0.001 -18"><span class='ocrx_word' id='word_1_73' title='bbox 234 978 406 1044; x_wconf 82' lang='grc' dir='ltr'><strong><em>φίλην</em></strong></span> <span class='ocrx_word' id='word_1_74' title='bbox 444 977 589 1043; x_wconf 83' lang='grc' dir='ltr'><strong><em>ἔχειν</em></strong></span> <span class='ocrx_word' id='word_1_75' title='bbox 618 973 710 1027; x_wconf 83' lang='grc' dir='ltr'><strong><em>καὶ</em></strong></span> <span class='ocrx_word' id='word_1_76' title='bbox 743 976 1029 1044; x_wconf 85' lang='grc' dir='ltr'><strong><em>σύμμαχον</em></strong></span> <span class='ocrx_word' id='word_1_77' title='bbox 1060 976 1161 1042; x_wconf 83' lang='grc' dir='ltr'><strong><em>τὴν</em></strong></span> <span class='ocrx_word' id='word_1_78' title='bbox 1193 975 1375 1027; x_wconf 82' lang='grc' dir='ltr'><strong><em>αὐτῶν</em></strong></span> <span class='ocrx_word' id='word_1_79' title='bbox 1407 974 1593 1045; x_wconf 83' lang='grc' dir='ltr'><strong><em>ἀρχήν.</em></strong></span> <span class='ocrx_word' id='word_1_80' title='bbox 1662 975 1782 1027; x_wconf 76' lang='grc'>258.</span> <span class='ocrx_word' id='word_1_81' title='bbox 1823 974 1914 1028; x_wconf 84' lang='grc' dir='ltr'><strong><em>καὶ</em></strong></span> 
     </span>
     <span class='ocr_line' id='line_1_11' title="bbox 169 1059 1918 1132; baseline -0.001 -14"><span class='ocrx_word' id='word_1_82' title='bbox 169 1085 210 1118; x_wconf 88' lang='lat'><strong><em>10</em></strong></span> <span class='ocrx_word' id='word_1_83' title='bbox 235 1064 264 1117; x_wconf 84' lang='grc' dir='ltr'>ὁ</span> <span class='ocrx_word' id='word_1_84' title='bbox 311 1064 412 1131; x_wconf 80' lang='grc' dir='ltr'><strong><em>μὲν</em></strong></span> <span class='ocrx_word' id='word_1_85' title='bbox 451 1063 537 1116; x_wconf 82' lang='grc' dir='ltr'><strong><em>ἐπὶ</em></strong></span> <span class='ocrx_word' id='word_1_86' title='bbox 583 1064 800 1126; x_wconf 81' lang='grc' dir='ltr'><strong><em>τούτοις</em></strong></span> <span class='ocrx_word' id='word_1_87' title='bbox 837 1065 988 1131; x_wconf 73' lang='grc' dir='ltr'><strong><em>ἥκων</em></strong></span> <span class='ocrx_word' id='word_1_88' title='bbox 1025 1073 1138 1117; x_wconf 87' lang='grc' dir='ltr'><strong><em>τῶν</em></strong></span> <span class='ocrx_word' id='word_1_89' title='bbox 1180 1059 1241 1116; x_wconf 78' lang='grc' dir='ltr'><strong><em>εὖ</em></strong></span> <span class='ocrx_word' id='word_1_90' title='bbox 1290 1065 1599 1132; x_wconf 75' lang='grc' dir='ltr'><strong><em>γεγονότων</em></strong></span> <span class='ocrx_word' id='word_1_91' title='bbox 1646 1065 1918 1117; x_wconf 86' lang='grc' dir='ltr'><strong><em>εἰσελθὼν</em></strong></span> 
     </span>
     <span class='ocr_line' id='line_1_12' title="bbox 233 1150 1914 1220; baseline 0 -16"><span class='ocrx_word' id='word_1_92' title='bbox 233 1153 307 1215; x_wconf 84' lang='grc' dir='ltr'><strong><em>ὡς</em></strong></span> <span class='ocrx_word' id='word_1_93' title='bbox 351 1154 450 1205; x_wconf 92' lang='grc' dir='ltr'><strong><em>τὸν</em></strong></span> <span class='ocrx_word' id='word_1_94' title='bbox 504 1151 750 1220; x_wconf 85' lang='grc' dir='ltr'><strong><em>ἀδελφὸν</em></strong></span> <span class='ocrx_word' id='word_1_95' title='bbox 795 1160 896 1204; x_wconf 87' lang='grc' dir='ltr'><strong><em>τοῦ</em></strong></span> <span class='ocrx_word' id='word_1_96' title='bbox 944 1151 1258 1218; x_wconf 81' lang='grc' dir='ltr'><strong><em>πέμψαντος</em></strong></span> <span class='ocrx_word' id='word_1_97' title='bbox 1310 1150 1436 1219; x_wconf 85' lang='grc' dir='ltr'><strong><em>μεθ’</em></strong></span> <span class='ocrx_word' id='word_1_98' title='bbox 1468 1153 1622 1220; x_wconf 83' lang='grc' dir='ltr'><strong><em>ἡμῶν</em></strong></span> <span class='ocrx_word' id='word_1_99' title='bbox 1670 1150 1748 1204; x_wconf 83' lang='grc' dir='ltr'><strong><em>ἐπ’</em></strong></span> <span class='ocrx_word' id='word_1_100' title='bbox 1781 1150 1914 1204; x_wconf 80' lang='grc' dir='ltr'><strong><em>ἐκεῖ-</em></strong></span> 
     </span>
     <span class='ocr_line' id='line_1_13' title="bbox 231 1240 1918 1309; baseline -0.001 -15"><span class='ocrx_word' id='word_1_101' title='bbox 231 1261 336 1294; x_wconf 91' lang='grc' dir='ltr'><strong><em>νον</em></strong></span> <span class='ocrx_word' id='word_1_102' title='bbox 369 1242 523 1294; x_wconf 87' lang='grc' dir='ltr'><strong><em>ἰόντα</em></strong></span> <span class='ocrx_word' id='word_1_103' title='bbox 553 1242 805 1309; x_wconf 76' lang='grc' dir='ltr'><strong><em>γονάτων</em></strong></span> <span class='ocrx_word' id='word_1_104' title='bbox 844 1241 1148 1309; x_wconf 81' lang='grc' dir='ltr'><strong><em>ἁπτόμενος</em></strong></span> <span class='ocrx_word' id='word_1_105' title='bbox 1187 1240 1362 1293; x_wconf 83' lang='grc' dir='ltr'><strong><em>ἐδεῖτο</em></strong></span> <span class='ocrx_word' id='word_1_106' title='bbox 1400 1249 1662 1292; x_wconf 84' lang='grc' dir='ltr'><strong><em>κοινῶσαι</em></strong></span> <span class='ocrx_word' id='word_1_107' title='bbox 1701 1242 1918 1307; x_wconf 86' lang='grc' dir='ltr'><strong><em>βασιλεῖ</em></strong></span> 
     </span>
     <span class='ocr_line' id='line_1_14' title="bbox 231 1327 1919 1398; baseline -0.001 -16"><span class='ocrx_word' id='word_1_108' title='bbox 231 1331 330 1382; x_wconf 90' lang='grc' dir='ltr'><strong><em>τὸν</em></strong></span> <span class='ocrx_word' id='word_1_109' title='bbox 361 1331 542 1397; x_wconf 90' lang='grc' dir='ltr'><strong><em>λόγον.</em></strong></span> <span class='ocrx_word' id='word_1_110' title='bbox 611 1330 640 1383; x_wconf 91' lang='grc' dir='ltr'>ὁ</span> <span class='ocrx_word' id='word_1_111' title='bbox 674 1330 735 1382; x_wconf 82' lang='grc' dir='ltr'><strong><em>δὲ</em></strong></span> <span class='ocrx_word' id='word_1_112' title='bbox 765 1331 901 1382; x_wconf 79' lang='grc' dir='ltr'><strong><em>κατὰ</em></strong></span> <span class='ocrx_word' id='word_1_113' title='bbox 933 1331 1185 1397; x_wconf 84' lang='grc' dir='ltr'><strong><em>σπουδήν</em></strong></span> <span class='ocrx_word' id='word_1_114' title='bbox 1215 1349 1272 1382; x_wconf 87' lang='grc' dir='ltr'><strong><em>τε</em></strong></span> <span class='ocrx_word' id='word_1_115' title='bbox 1303 1327 1394 1381; x_wconf 82' lang='grc' dir='ltr'><strong><em>καὶ</em></strong></span> <span class='ocrx_word' id='word_1_116' title='bbox 1425 1328 1551 1398; x_wconf 85' lang='grc' dir='ltr'><strong><em>μεθ’</em></strong></span> <span class='ocrx_word' id='word_1_117' title='bbox 1583 1329 1803 1398; x_wconf 80' lang='grc' dir='ltr'><strong><em>ἡδονῆς,</em></strong></span> <span class='ocrx_word' id='word_1_118' title='bbox 1843 1330 1919 1392; x_wconf 78' lang='grc' dir='ltr'><strong><em>ὡς</em></strong></span> 
     </span>
     <span class='ocr_line' id='line_1_15' title="bbox 234 1414 1917 1489; baseline 0 -19"><span class='ocrx_word' id='word_1_119' title='bbox 234 1419 302 1487; x_wconf 83' lang='grc' dir='ltr'><strong><em>δὴ</em></strong></span> <span class='ocrx_word' id='word_1_120' title='bbox 349 1421 588 1489; x_wconf 89' lang='grc' dir='ltr'><strong><em>χρηστόν</em></strong></span> <span class='ocrx_word' id='word_1_121' title='bbox 633 1438 685 1470; x_wconf 85' lang='grc' dir='ltr'><strong><em>τι</em></strong></span> <span class='ocrx_word' id='word_1_122' title='bbox 730 1420 1010 1487; x_wconf 78' lang='grc' dir='ltr'><strong><em>μηνύσων,</em></strong></span> <span class='ocrx_word' id='word_1_123' title='bbox 1065 1414 1204 1485; x_wconf 76' lang='grc' dir='ltr'><strong><em>ἦλθε</em></strong></span> <span class='ocrx_word' id='word_1_124' title='bbox 1257 1420 1487 1486; x_wconf 82' lang='grc' dir='ltr'><strong><em>μειδιῶν</em></strong></span> <span class='ocrx_word' id='word_1_125' title='bbox 1532 1416 1622 1470; x_wconf 84' lang='grc' dir='ltr'><strong><em>καὶ</em></strong></span> <span class='ocrx_word' id='word_1_126' title='bbox 1675 1419 1917 1486; x_wconf 81' lang='grc' dir='ltr'><strong><em>διηγεῖτο</em></strong></span> 
     </span>
     <span class='ocr_line' id='line_1_16' title="bbox 168 1503 1919 1577; baseline -0.001 -17"><span class='ocrx_word' id='word_1_127' title='bbox 168 1528 208 1560; x_wconf 85' lang='lat'><strong><em>15</em></strong></span> <span class='ocrx_word' id='word_1_128' title='bbox 231 1505 323 1559; x_wconf 82' lang='grc' dir='ltr'><strong><em>καὶ</em></strong></span> <span class='ocrx_word' id='word_1_129' title='bbox 363 1508 514 1577; x_wconf 91' lang='grc' dir='ltr'><strong><em>δῶρα</em></strong></span> <span class='ocrx_word' id='word_1_130' title='bbox 550 1509 858 1577; x_wconf 76' lang='grc' dir='ltr'><strong><em>προσεδόκα</em></strong></span> <span class='ocrx_word' id='word_1_131' title='bbox 896 1516 1008 1559; x_wconf 86' lang='grc' dir='ltr'><strong><em>τῶν</em></strong></span> <span class='ocrx_word' id='word_1_132' title='bbox 1039 1509 1231 1574; x_wconf 84' lang='grc' dir='ltr'><strong><em>λόγων.</em></strong></span> <span class='ocrx_word' id='word_1_133' title='bbox 1302 1506 1331 1559; x_wconf 86' lang='grc' dir='ltr'>ὁ</span> <span class='ocrx_word' id='word_1_134' title='bbox 1365 1503 1426 1559; x_wconf 74' lang='grc' dir='ltr'><strong><em>δὲ</em></strong></span> <span class='ocrx_word' id='word_1_135' title='bbox 1458 1507 1626 1559; x_wconf 82' lang='grc' dir='ltr'><strong><em>αὐτόν</em></strong></span> <span class='ocrx_word' id='word_1_136' title='bbox 1664 1526 1721 1559; x_wconf 87' lang='grc' dir='ltr'><strong><em>τε</em></strong></span> <span class='ocrx_word' id='word_1_137' title='bbox 1753 1514 1919 1574; x_wconf 82' lang='grc' dir='ltr'><strong><em>σιγᾶν</em></strong></span> 
     </span>
     <span class='ocr_line' id='line_1_17' title="bbox 232 1594 1916 1664; baseline -0.001 -16"><span class='ocrx_word' id='word_1_138' title='bbox 232 1594 445 1649; x_wconf 80' lang='grc' dir='ltr'><strong><em>ἐκέλευε</em></strong></span> <span class='ocrx_word' id='word_1_139' title='bbox 483 1597 574 1648; x_wconf 81' lang='grc' dir='ltr'><strong><em>καὶ</em></strong></span> <span class='ocrx_word' id='word_1_140' title='bbox 605 1597 704 1648; x_wconf 88' lang='grc' dir='ltr'><strong><em>τὸν</em></strong></span> <span class='ocrx_word' id='word_1_141' title='bbox 734 1597 939 1664; x_wconf 74' lang='grc' dir='ltr'><strong><em>ἥκοντα</em></strong></span> <span class='ocrx_word' id='word_1_142' title='bbox 971 1595 1288 1664; x_wconf 85' lang='grc' dir='ltr'><strong><em>ἀποπέμψαι</em></strong></span> <span class='ocrx_word' id='word_1_143' title='bbox 1320 1605 1560 1663; x_wconf 85' lang='grc' dir='ltr'><strong><em>σιγῶντα</em></strong></span> <span class='ocrx_word' id='word_1_144' title='bbox 1598 1596 1688 1648; x_wconf 79' lang='grc' dir='ltr'><strong><em>καὶ</em></strong></span> <span class='ocrx_word' id='word_1_145' title='bbox 1720 1594 1916 1663; x_wconf 88' lang='grc' dir='ltr'><strong><em>συγγέ-</em></strong></span> 
     </span>
     <span class='ocr_line' id='line_1_18' title="bbox 232 1684 1918 1754; baseline -0.001 -18"><span class='ocrx_word' id='word_1_146' title='bbox 232 1703 389 1737; x_wconf 88' lang='grc' dir='ltr'><strong><em>νειαν</em></strong></span> <span class='ocrx_word' id='word_1_147' title='bbox 426 1686 528 1753; x_wconf 81' lang='grc' dir='ltr'><strong><em>τὴν</em></strong></span> <span class='ocrx_word' id='word_1_148' title='bbox 566 1685 703 1754; x_wconf 89' lang='grc' dir='ltr'><strong><em>πρὸς</em></strong></span> <span class='ocrx_word' id='word_1_149' title='bbox 749 1684 919 1738; x_wconf 85' lang='grc' dir='ltr'><strong><em>αὐτὸν</em></strong></span> <span class='ocrx_word' id='word_1_150' title='bbox 966 1684 1179 1737; x_wconf 82' lang='grc' dir='ltr'><strong><em>ἐκείνου</em></strong></span> <span class='ocrx_word' id='word_1_151' title='bbox 1224 1685 1425 1736; x_wconf 93' lang='grc' dir='ltr'><strong><em>πλάσαι</em></strong></span> <span class='ocrx_word' id='word_1_152' title='bbox 1471 1686 1567 1751; x_wconf 78' lang='grc' dir='ltr'><strong><em>τῆς</em></strong></span> <span class='ocrx_word' id='word_1_153' title='bbox 1615 1685 1918 1745; x_wconf 83' lang='grc' dir='ltr'><strong><em>συνουσίας</em></strong></span> 
     </span>
     <span class='ocr_line' id='line_1_19' title="bbox 231 1771 1915 1843; baseline 0 -19"><span class='ocrx_word' id='word_1_154' title='bbox 231 1775 530 1843; x_wconf 86' lang='grc' dir='ltr'><strong><em>πρόφασιν.</em></strong></span> <span class='ocrx_word' id='word_1_155' title='bbox 607 1774 734 1826; x_wconf 82' lang='grc' dir='ltr'><strong><em>οὔτε</em></strong></span> <span class='ocrx_word' id='word_1_156' title='bbox 780 1775 884 1843; x_wconf 81' lang='grc' dir='ltr'><strong><em>γὰρ</em></strong></span> <span class='ocrx_word' id='word_1_157' title='bbox 931 1772 1276 1825; x_wconf 84' lang='grc' dir='ltr'><strong><em>καταθέσθαι</em></strong></span> <span class='ocrx_word' id='word_1_158' title='bbox 1325 1773 1424 1824; x_wconf 93' lang='grc' dir='ltr'><strong><em>τὸν</em></strong></span> <span class='ocrx_word' id='word_1_159' title='bbox 1472 1774 1714 1839; x_wconf 88' lang='grc' dir='ltr'><strong><em>πόλεμον</em></strong></span> <span class='ocrx_word' id='word_1_160' title='bbox 1759 1771 1915 1840; x_wconf 82' lang='grc' dir='ltr'><strong><em>ἠξίου</em></strong></span> 
     </span>
     <span class='ocr_line' id='line_1_20' title="bbox 231 1860 1917 1932; baseline 0 -20"><span class='ocrx_word' id='word_1_161' title='bbox 231 1863 293 1912; x_wconf 93' lang='grc' dir='ltr'><strong><em>τό</em></strong></span> <span class='ocrx_word' id='word_1_162' title='bbox 343 1880 402 1913; x_wconf 90' lang='grc' dir='ltr'><strong><em>τε</em></strong></span> <span class='ocrx_word' id='word_1_163' title='bbox 455 1870 549 1930; x_wconf 82' lang='grc' dir='ltr'><strong><em>τῆς</em></strong></span> <span class='ocrx_word' id='word_1_164' title='bbox 602 1863 822 1932; x_wconf 79' lang='grc' dir='ltr'><strong><em>εἰρήνης</em></strong></span> <span class='ocrx_word' id='word_1_165' title='bbox 885 1863 1059 1930; x_wconf 80' lang='grc' dir='ltr'><strong><em>ὄνομα</em></strong></span> <span class='ocrx_word' id='word_1_166' title='bbox 1098 1862 1286 1914; x_wconf 88' lang='grc' dir='ltr'><strong><em>δεινὸν</em></strong></span> <span class='ocrx_word' id='word_1_167' title='bbox 1340 1860 1587 1929; x_wconf 79' lang='grc' dir='ltr'><strong><em>ἐνόμιζεν</em></strong></span> <span class='ocrx_word' id='word_1_168' title='bbox 1641 1860 1917 1929; x_wconf 85' lang='grc' dir='ltr'><strong><em>ἀμβλῦναι</em></strong></span> 
     </span>
     <span class='ocr_line' id='line_1_21' title="bbox 167 1946 1915 2020; baseline -0.001 -17"><span class='ocrx_word' id='word_1_169' title='bbox 167 1971 210 2003; x_wconf 80' lang='lat'><strong><em>20</em></strong></span> <span class='ocrx_word' id='word_1_170' title='bbox 234 1951 586 2019; x_wconf 78' lang='grc' dir='ltr'><strong><em>στρατιώτην.</em></strong></span> <span class='ocrx_word' id='word_1_171' title='bbox 673 1950 701 2002; x_wconf 92' lang='grc' dir='ltr'>ὁ</span> <span class='ocrx_word' id='word_1_172' title='bbox 757 1951 880 2020; x_wconf 88' lang='grc' dir='ltr'><strong><em>γάρ,</em></strong></span> <span class='ocrx_word' id='word_1_173' title='bbox 935 1946 1111 2019; x_wconf 82' lang='grc' dir='ltr'><strong><em>οἶμαι,</em></strong></span> <span class='ocrx_word' id='word_1_174' title='bbox 1164 1953 1437 2018; x_wconf 87' lang='grc' dir='ltr'><strong><em>πεισθείς,</em></strong></span> <span class='ocrx_word' id='word_1_175' title='bbox 1492 1950 1564 2011; x_wconf 82' lang='grc' dir='ltr'><strong><em>ὡς</em></strong></span> <span class='ocrx_word' id='word_1_176' title='bbox 1616 1947 1790 2011; x_wconf 77' lang='grc' dir='ltr'><strong><em>ἔξεστι</em></strong></span> <span class='ocrx_word' id='word_1_177' title='bbox 1842 1950 1915 2017; x_wconf 86' lang='grc' dir='ltr'><strong><em>μὴ</em></strong></span> 
     </span>
     <span class='ocr_line' id='line_1_22' title="bbox 231 2035 1914 2107; baseline -0.001 -17"><span class='ocrx_word' id='word_1_178' title='bbox 231 2039 519 2106; x_wconf 87' lang='grc' dir='ltr'><strong><em>μάχεσθαι,</em></strong></span> <span class='ocrx_word' id='word_1_179' title='bbox 553 2047 734 2100; x_wconf 82' lang='grc' dir='ltr'><strong><em>κακῶς</em></strong></span> <span class='ocrx_word' id='word_1_180' title='bbox 762 2037 905 2107; x_wconf 79' lang='grc' dir='ltr'><strong><em>&lt;ὄὶν&gt;</em></strong></span> <span class='ocrx_word' id='word_1_181' title='bbox 930 2038 1365 2107; x_wconf 81' lang='grc' dir='ltr'><strong><em>ἀναγκαζόμενος</em></strong></span> <span class='ocrx_word' id='word_1_182' title='bbox 1388 2039 1627 2106; x_wconf 88' lang='grc' dir='ltr'><strong><em>μάχοιτο.</em></strong></span> <span class='ocrx_word' id='word_1_183' title='bbox 1675 2035 1797 2087; x_wconf 80' lang='grc'><strong><em>259.</em></strong></span> <span class='ocrx_word' id='word_1_184' title='bbox 1823 2037 1914 2088; x_wconf 82' lang='grc' dir='ltr'><strong><em>διὰ</em></strong></span> 
     </span>
    </p>
   </div>
   <div class='ocr_carea' id='block_1_3' title="bbox 231 2165 1919 2990">
    <p class='ocr_par' dir='ltr' id='par_1_3' title="bbox 231 2165 1919 2990">
     <span class='ocr_line' id='line_1_23' title="bbox 353 2165 1688 2225; baseline -0.001 -15"><span class='ocrx_word' id='word_1_185' title='bbox 353 2172 404 2210; x_wconf 88' lang='grc'><strong><em>11</em></strong></span> <span class='ocrx_word' id='word_1_186' title='bbox 432 2165 680 2225; x_wconf 80' lang='grc' dir='ltr'><strong><em>Ὁρμίσδην</em></strong></span> <span class='ocrx_word' id='word_1_187' title='bbox 713 2167 877 2211; x_wconf 75' lang='grc' dir='ltr'><strong><em>Ζοειίῑῑι.</em></strong></span> <span class='ocrx_word' id='word_1_188' title='bbox 903 2168 967 2210; x_wconf 91' lang='grc' dir='ltr'><strong><em>ΠΙ</em></strong></span> <span class='ocrx_word' id='word_1_189' title='bbox 994 2172 1062 2222; x_wconf 89' lang='grc'><strong><em>18,</em></strong></span> <span class='ocrx_word' id='word_1_190' title='bbox 1083 2174 1104 2211; x_wconf 96' lang='grc'><strong>1</strong></span> <span class='ocrx_word' id='word_1_191' title='bbox 1227 2168 1374 2211; x_wconf 90' lang='lat' dir='ltr'><strong>Amm.</strong></span> <span class='ocrx_word' id='word_1_192' title='bbox 1401 2167 1549 2210; x_wconf 92' lang='lat' dir='ltr'><strong>XXIV</strong></span> <span class='ocrx_word' id='word_1_193' title='bbox 1574 2171 1613 2222; x_wconf 85' lang='grc'><strong><em>2,</em></strong></span> <span class='ocrx_word' id='word_1_194' title='bbox 1633 2171 1688 2209; x_wconf 83' lang='grc'><strong><em>20</em></strong></span> 
     </span>
     <span class='ocr_line' id='line_1_24' title="bbox 352 2283 1917 2342; baseline -0.002 -13"><span class='ocrx_word' id='word_1_195' title='bbox 352 2292 374 2329; x_wconf 91' lang='grc'><strong>1</strong></span> <span class='ocrx_word' id='word_1_196' title='bbox 408 2285 543 2341; x_wconf 82' lang='grc' dir='ltr'><strong><em>ἤρετο</em></strong></span> <span class='ocrx_word' id='word_1_197' title='bbox 574 2286 700 2329; x_wconf 85' lang='lat' dir='ltr'><strong>inser</strong></span> <span class='ocrx_word' id='word_1_198' title='bbox 723 2285 780 2329; x_wconf 80' lang='lat'><strong><em>1²</em></strong></span> <span class='ocrx_word' id='word_1_199' title='bbox 806 2288 812 2342; x_wconf 82' lang='grc' dir='ltr'>Ι</span> <span class='ocrx_word' id='word_1_200' title='bbox 840 2283 946 2341; x_wconf 84' lang='grc' dir='ltr'><strong><em>μητ’</em></strong></span> <span class='ocrx_word' id='word_1_201' title='bbox 973 2287 1047 2329; x_wconf 86' lang='lat' dir='ltr'><strong><em>La</em></strong></span> <span class='ocrx_word' id='word_1_202' title='bbox 1169 2290 1193 2327; x_wconf 84' lang='lat'><strong>2</strong></span> <span class='ocrx_word' id='word_1_203' title='bbox 1226 2284 1412 2335; x_wconf 87' lang='grc' dir='ltr'><strong><em>πάντως</em></strong></span> <span class='ocrx_word' id='word_1_204' title='bbox 1435 2287 1469 2328; x_wconf 95' lang='grc' dir='ltr'><em>Ι</em></span> <span class='ocrx_word' id='word_1_205' title='bbox 1493 2285 1573 2327; x_wconf 84' lang='lat' dir='ltr'><strong><em>sed</em></strong></span> <span class='ocrx_word' id='word_1_206' title='bbox 1607 2302 1641 2328; x_wconf 89' lang='grc' dir='ltr'><strong><em>ω</em></strong></span> <span class='ocrx_word' id='word_1_207' title='bbox 1674 2285 1722 2327; x_wconf 90' lang='lat' dir='ltr'><strong><em>in</em></strong></span> <span class='ocrx_word' id='word_1_208' title='bbox 1745 2297 1820 2326; x_wconf 84' lang='lat' dir='ltr'><strong><em>ras</em></strong></span> <span class='ocrx_word' id='word_1_209' title='bbox 1845 2283 1917 2326; x_wconf 78' lang='lat'><strong><em>111²</em></strong></span> 
     </span>
     <span class='ocr_line' id='line_1_25' title="bbox 293 2342 1916 2401; baseline -0.001 -14"><span class='ocrx_word' id='word_1_210' title='bbox 293 2349 318 2387; x_wconf 87' lang='grc'>6</span> <span class='ocrx_word' id='word_1_211' title='bbox 351 2346 470 2401; x_wconf 82' lang='lat' dir='ltr'><em>„imo</em></span> <span class='ocrx_word' id='word_1_212' title='bbox 499 2359 601 2389; x_wconf 81' lang='lat' dir='ltr'><em>vero</em></span> <span class='ocrx_word' id='word_1_213' title='bbox 632 2343 895 2400; x_wconf 76' lang='grc' dir='ltr'><strong><em>ἠνάγκασε“</em></strong></span> <span class='ocrx_word' id='word_1_214' title='bbox 927 2344 995 2387; x_wconf 85' lang='lat' dir='ltr'><strong><em>Re</em></strong></span> <span class='ocrx_word' id='word_1_215' title='bbox 1108 2348 1131 2386; x_wconf 82' lang='lat'><strong>7</strong></span> <span class='ocrx_word' id='word_1_216' title='bbox 1165 2344 1393 2388; x_wconf 82' lang='grc' dir='ltr'><strong><em>ἐνταυθοῖ</em></strong></span> <span class='ocrx_word' id='word_1_217' title='bbox 1413 2345 1446 2387; x_wconf 94' lang='grc' dir='ltr'><em>Ι</em></span> <span class='ocrx_word' id='word_1_218' title='bbox 1473 2344 1553 2387; x_wconf 82' lang='lat' dir='ltr'><strong><em>sed</em></strong></span> <span class='ocrx_word' id='word_1_219' title='bbox 1586 2344 1636 2388; x_wconf 81' lang='grc' dir='ltr'><strong><em>ἐν</em></strong></span> <span class='ocrx_word' id='word_1_220' title='bbox 1667 2344 1715 2385; x_wconf 88' lang='lat' dir='ltr'><strong><em>in</em></strong></span> <span class='ocrx_word' id='word_1_221' title='bbox 1746 2357 1822 2386; x_wconf 78' lang='lat' dir='ltr'><strong><em>ras</em></strong></span> <span class='ocrx_word' id='word_1_222' title='bbox 1844 2342 1916 2385; x_wconf 79' lang='lat'><strong><em>111²</em></strong></span> 
     </span>
     <span class='ocr_line' id='line_1_26' title="bbox 292 2381 1863 2461; baseline -0.001 -14"><span class='ocrx_word' id='word_1_223' title='bbox 292 2381 486 2448; x_wconf 77' lang='grc' dir='ltr'><strong><em>ἐνταῦθ’</em></strong></span> <span class='ocrx_word' id='word_1_224' title='bbox 516 2403 560 2448; x_wconf 80' lang='grc' dir='ltr'><strong><em>οἱ</em></strong></span> <span class='ocrx_word' id='word_1_225' title='bbox 590 2404 692 2447; x_wconf 90' lang='lat' dir='ltr'><strong><em>Mor</em></strong></span> <span class='ocrx_word' id='word_1_226' title='bbox 722 2403 844 2446; x_wconf 83' lang='lat' dir='ltr'><strong>Fabr</strong></span> <span class='ocrx_word' id='word_1_227' title='bbox 870 2405 877 2461; x_wconf 80' lang='grc' dir='ltr'>Ι</span> <span class='ocrx_word' id='word_1_228' title='bbox 903 2403 986 2447; x_wconf 89' lang='grc' dir='ltr'><strong><em>τὸν</em></strong></span> <span class='ocrx_word' id='word_1_229' title='bbox 1017 2405 1063 2447; x_wconf 89' lang='grc' dir='ltr'><strong><em>Ρ</em></strong></span> <span class='ocrx_word' id='word_1_230' title='bbox 1091 2402 1171 2446; x_wconf 83' lang='lat' dir='ltr'><strong><em>sed</em></strong></span> <span class='ocrx_word' id='word_1_231' title='bbox 1203 2402 1258 2447; x_wconf 90' lang='grc' dir='ltr'><strong><em>ὸν</em></strong></span> <span class='ocrx_word' id='word_1_232' title='bbox 1290 2403 1337 2446; x_wconf 89' lang='lat' dir='ltr'><strong><em>in</em></strong></span> <span class='ocrx_word' id='word_1_233' title='bbox 1370 2416 1445 2446; x_wconf 78' lang='lat' dir='ltr'><strong><em>ras</em></strong></span> <span class='ocrx_word' id='word_1_234' title='bbox 1475 2403 1546 2445; x_wconf 73' lang='lat' dir='ltr'><strong><em>m²³</em></strong></span> <span class='ocrx_word' id='word_1_235' title='bbox 1604 2403 1687 2446; x_wconf 90' lang='grc' dir='ltr'><strong><em>τὸν</em></strong></span> <span class='ocrx_word' id='word_1_236' title='bbox 1710 2402 1791 2458; x_wconf 79' lang='grc' dir='ltr'><strong><em>μὲν</em></strong></span> <span class='ocrx_word' id='word_1_237' title='bbox 1818 2403 1863 2446; x_wconf 92' lang='lat' dir='ltr'><em>U</em></span> 
     </span>
     <span class='ocr_line' id='line_1_27' title="bbox 233 2459 1913 2520; baseline -0.001 -15"><span class='ocrx_word' id='word_1_238' title='bbox 233 2467 259 2505; x_wconf 89' lang='grc'>8</span> <span class='ocrx_word' id='word_1_239' title='bbox 284 2462 572 2520; x_wconf 83' lang='grc' dir='ltr'><strong><em>ἀπεχόμενον</em></strong></span> <span class='ocrx_word' id='word_1_240' title='bbox 598 2463 668 2507; x_wconf 81' lang='lat' dir='ltr'><strong><em>Re</em></strong></span> <span class='ocrx_word' id='word_1_241' title='bbox 774 2467 799 2505; x_wconf 86' lang='lat'>9</span> <span class='ocrx_word' id='word_1_242' title='bbox 832 2462 984 2505; x_wconf 78' lang='grc' dir='ltr'><strong><em>αὑτῶν</em></strong></span> <span class='ocrx_word' id='word_1_243' title='bbox 1011 2463 1050 2506; x_wconf 81' lang='lat' dir='ltr'><em>G</em></span> <span class='ocrx_word' id='word_1_244' title='bbox 1068 2462 1136 2505; x_wconf 85' lang='lat' dir='ltr'><strong><em>Re</em></strong></span> <span class='ocrx_word' id='word_1_245' title='bbox 1198 2463 1341 2505; x_wconf 83' lang='grc' dir='ltr'><strong><em>αὐτοῦ</em></strong></span> <span class='ocrx_word' id='word_1_246' title='bbox 1372 2462 1495 2505; x_wconf 82' lang='lat' dir='ltr'><strong>Fabr</strong></span> <span class='ocrx_word' id='word_1_247' title='bbox 1603 2466 1656 2504; x_wconf 89' lang='lat'><strong><em>10</em></strong></span> <span class='ocrx_word' id='word_1_248' title='bbox 1688 2479 1741 2518; x_wconf 84' lang='grc' dir='ltr'><strong><em>γρ</em></strong></span> <span class='ocrx_word' id='word_1_249' title='bbox 1773 2459 1913 2517; x_wconf 78' lang='grc' dir='ltr'><strong><em>ἡκόν-</em></strong></span> 
     </span>
     <span class='ocr_line' id='line_1_28' title="bbox 231 2518 1913 2587; baseline -0.002 -23"><span class='ocrx_word' id='word_1_250' title='bbox 231 2537 322 2564; x_wconf 91' lang='grc' dir='ltr'><strong><em>των</em></strong></span> <span class='ocrx_word' id='word_1_251' title='bbox 363 2522 395 2565; x_wconf 83' lang='grc' dir='ltr'><strong><em>ἐ.</em></strong></span> <span class='ocrx_word' id='word_1_252' title='bbox 427 2524 574 2566; x_wconf 83' lang='grc' dir='ltr'><strong><em>τῶνδε</em></strong></span> <span class='ocrx_word' id='word_1_253' title='bbox 605 2522 628 2567; x_wconf 75' lang='grc' dir='ltr'>ἐ</span> <span class='ocrx_word' id='word_1_254' title='bbox 665 2522 714 2565; x_wconf 87' lang='lat' dir='ltr'><strong><em>in</em></strong></span> <span class='ocrx_word' id='word_1_255' title='bbox 752 2534 886 2578; x_wconf 80' lang='lat' dir='ltr'>marg</span> <span class='ocrx_word' id='word_1_256' title='bbox 915 2521 1018 2564; x_wconf 88' lang='lat' dir='ltr'><strong><em>Mor</em></strong></span> <span class='ocrx_word' id='word_1_257' title='bbox 1066 2523 1072 2577; x_wconf 83' lang='grc'><strong>1</strong></span> <span class='ocrx_word' id='word_1_258' title='bbox 1121 2520 1377 2578; x_wconf 82' lang='grc' dir='ltr'><strong><em>γεγονότων</em></strong></span> <span class='ocrx_word' id='word_1_259' title='bbox 1410 2518 1475 2571; x_wconf 85' lang='grc' dir='ltr'><strong><em>εἷς</em></strong></span> <span class='ocrx_word' id='word_1_260' title='bbox 1506 2518 1569 2565; x_wconf 75' lang='grc' dir='ltr'><strong><em>ὢν</em></strong></span> <span class='ocrx_word' id='word_1_261' title='bbox 1612 2522 1655 2565; x_wconf 91' lang='lat' dir='ltr'><strong><em>V</em></strong></span> <span class='ocrx_word' id='word_1_262' title='bbox 1685 2519 1913 2587; x_wconf 73' lang='lat' dir='ltr'><strong>probante</strong></span> 
     </span>
     <span class='ocr_line' id='line_1_29' title="bbox 234 2579 1914 2637; baseline -0.002 -15"><span class='ocrx_word' id='word_1_263' title='bbox 234 2579 389 2623; x_wconf 77' lang='lat' dir='ltr'>Grasda</span> <span class='ocrx_word' id='word_1_264' title='bbox 541 2586 592 2624; x_wconf 93' lang='lat'><strong><em>11</em></strong></span> <span class='ocrx_word' id='word_1_265' title='bbox 627 2580 694 2631; x_wconf 85' lang='grc' dir='ltr'><strong><em>εἰς</em></strong></span> <span class='ocrx_word' id='word_1_266' title='bbox 727 2582 770 2625; x_wconf 93' lang='lat' dir='ltr'><strong><em>V</em></strong></span> <span class='ocrx_word' id='word_1_267' title='bbox 914 2585 968 2623; x_wconf 87' lang='grc'><strong><em>12</em></strong></span> <span class='ocrx_word' id='word_1_268' title='bbox 1001 2579 1244 2636; x_wconf 82' lang='grc' dir='ltr'><strong><em>ἁψάμενος</em></strong></span> <span class='ocrx_word' id='word_1_269' title='bbox 1274 2580 1341 2623; x_wconf 81' lang='lat' dir='ltr'><strong><em>Re</em></strong></span> <span class='ocrx_word' id='word_1_270' title='bbox 1383 2583 1389 2636; x_wconf 84' lang='grc' dir='ltr'>Ι</span> <span class='ocrx_word' id='word_1_271' title='bbox 1432 2597 1486 2636; x_wconf 85' lang='grc' dir='ltr'><strong><em>γρ</em></strong></span> <span class='ocrx_word' id='word_1_272' title='bbox 1510 2579 1668 2637; x_wconf 82' lang='grc' dir='ltr'><strong><em>ἡγοῖτο</em></strong></span> <span class='ocrx_word' id='word_1_273' title='bbox 1699 2579 1748 2621; x_wconf 86' lang='lat' dir='ltr'><strong><em>in</em></strong></span> <span class='ocrx_word' id='word_1_274' title='bbox 1779 2591 1914 2634; x_wconf 81' lang='lat' dir='ltr'>marg</span> 
     </span>
     <span class='ocr_line' id='line_1_30' title="bbox 231 2636 1913 2698; baseline -0.002 -17"><span class='ocrx_word' id='word_1_275' title='bbox 231 2638 334 2682; x_wconf 87' lang='lat' dir='ltr'><strong><em>Mor</em></strong></span> <span class='ocrx_word' id='word_1_276' title='bbox 360 2642 365 2694; x_wconf 90' lang='grc' dir='ltr'>Ι</span> <span class='ocrx_word' id='word_1_277' title='bbox 393 2642 455 2698; x_wconf 83' lang='grc' dir='ltr'><strong><em>τῷ</em></strong></span> <span class='ocrx_word' id='word_1_278' title='bbox 485 2641 666 2697; x_wconf 81' lang='grc' dir='ltr'><strong><em>βασιλεῖ</em></strong></span> <span class='ocrx_word' id='word_1_279' title='bbox 695 2641 739 2685; x_wconf 92' lang='lat' dir='ltr'><strong><em>V</em></strong></span> <span class='ocrx_word' id='word_1_280' title='bbox 853 2643 906 2681; x_wconf 89' lang='lat'><strong><em>13</em></strong></span> <span class='ocrx_word' id='word_1_281' title='bbox 935 2646 1025 2682; x_wconf 88' lang='grc' dir='ltr'><strong><em>τῶν</em></strong></span> <span class='ocrx_word' id='word_1_282' title='bbox 1057 2637 1206 2695; x_wconf 85' lang='grc' dir='ltr'><strong><em>λόγων</em></strong></span> <span class='ocrx_word' id='word_1_283' title='bbox 1237 2640 1334 2683; x_wconf 91' lang='lat' dir='ltr'><strong><em>PU</em></strong></span> <span class='ocrx_word' id='word_1_284' title='bbox 1387 2639 1526 2695; x_wconf 79' lang='grc' dir='ltr'><strong><em>λόγον</em></strong></span> <span class='ocrx_word' id='word_1_285' title='bbox 1556 2651 1667 2682; x_wconf 80' lang='lat' dir='ltr'>voce</span> <span class='ocrx_word' id='word_1_286' title='bbox 1692 2637 1784 2679; x_wconf 80' lang='lat' dir='ltr'>des.</span> <span class='ocrx_word' id='word_1_287' title='bbox 1811 2636 1913 2678; x_wconf 89' lang='lat' dir='ltr'><strong><em>Mor</em></strong></span> 
     </span>
     <span class='ocr_line' id='line_1_31' title="bbox 231 2696 1919 2764; baseline -0.001 -24"><span class='ocrx_word' id='word_1_288' title='bbox 231 2712 276 2753; x_wconf 91' lang='lat' dir='ltr'><strong><em>p.</em></strong></span> <span class='ocrx_word' id='word_1_289' title='bbox 304 2702 409 2751; x_wconf 84' lang='grc'>322;</span> <span class='ocrx_word' id='word_1_290' title='bbox 443 2712 562 2754; x_wconf 79' lang='lat' dir='ltr'>quae</span> <span class='ocrx_word' id='word_1_291' title='bbox 595 2699 850 2753; x_wconf 75' lang='lat' dir='ltr'><strong>sequuntur</strong></span> <span class='ocrx_word' id='word_1_292' title='bbox 879 2697 1098 2755; x_wconf 77' lang='lat' dir='ltr'><strong>leguntur</strong></span> <span class='ocrx_word' id='word_1_293' title='bbox 1128 2713 1172 2753; x_wconf 88' lang='lat' dir='ltr'><strong><em>p.</em></strong></span> <span class='ocrx_word' id='word_1_294' title='bbox 1201 2702 1281 2742; x_wconf 87' lang='lat'><strong><em>301</em></strong></span> <span class='ocrx_word' id='word_1_295' title='bbox 1295 2712 1360 2752; x_wconf 82' lang='lat' dir='ltr'><strong><em>sq.</em></strong></span> <span class='ocrx_word' id='word_1_296' title='bbox 1485 2702 1539 2740; x_wconf 85' lang='lat'><strong><em>15</em></strong></span> <span class='ocrx_word' id='word_1_297' title='bbox 1570 2696 1838 2764; x_wconf 64' lang='grc' dir='ltr'><strong><em>προσεὸώκα</em></strong></span> <span class='ocrx_word' id='word_1_298' title='bbox 1871 2696 1919 2738; x_wconf 94' lang='grc' dir='ltr'><strong><em>Ρ</em></strong></span> 
     </span>
     <span class='ocr_line' id='line_1_32' title="bbox 232 2752 1913 2811; baseline -0.002 -13"><span class='ocrx_word' id='word_1_299' title='bbox 232 2756 314 2799; x_wconf 78' lang='lat' dir='ltr'><strong><em>sed</em></strong></span> <span class='ocrx_word' id='word_1_300' title='bbox 346 2774 379 2799; x_wconf 91' lang='grc' dir='ltr'><strong><em>ω</em></strong></span> <span class='ocrx_word' id='word_1_301' title='bbox 412 2756 461 2799; x_wconf 86' lang='lat' dir='ltr'><strong><em>in</em></strong></span> <span class='ocrx_word' id='word_1_302' title='bbox 494 2773 517 2800; x_wconf 92' lang='grc' dir='ltr'><strong><em>ο</em></strong></span> <span class='ocrx_word' id='word_1_303' title='bbox 552 2771 653 2801; x_wconf 85' lang='lat' dir='ltr'>corr</span> <span class='ocrx_word' id='word_1_304' title='bbox 682 2757 766 2811; x_wconf 80' lang='lat' dir='ltr'><strong><em>m³,</em></strong></span> <span class='ocrx_word' id='word_1_305' title='bbox 798 2758 873 2801; x_wconf 81' lang='lat' dir='ltr'><strong><em>La</em></strong></span> <span class='ocrx_word' id='word_1_306' title='bbox 994 2761 1045 2799; x_wconf 81' lang='lat'><strong><em>17</em></strong></span> <span class='ocrx_word' id='word_1_307' title='bbox 1080 2756 1260 2801; x_wconf 80' lang='grc' dir='ltr'><strong><em>ἐκείνου</em></strong></span> <span class='ocrx_word' id='word_1_308' title='bbox 1283 2759 1330 2802; x_wconf 95' lang='grc' dir='ltr'><strong><em>Ρ</em></strong></span> <span class='ocrx_word' id='word_1_309' title='bbox 1351 2755 1468 2800; x_wconf 83' lang='lat' dir='ltr'><strong><em>sed¹</em></strong></span> <span class='ocrx_word' id='word_1_310' title='bbox 1494 2757 1540 2799; x_wconf 75' lang='lat' dir='ltr'><strong><em>et</em></strong></span> <span class='ocrx_word' id='word_1_311' title='bbox 1571 2772 1626 2798; x_wconf 84' lang='lat' dir='ltr'><strong><em>ov</em></strong></span> <span class='ocrx_word' id='word_1_312' title='bbox 1657 2755 1706 2797; x_wconf 89' lang='lat' dir='ltr'><strong><em>in</em></strong></span> <span class='ocrx_word' id='word_1_313' title='bbox 1736 2767 1812 2796; x_wconf 80' lang='lat' dir='ltr'><strong><em>ras</em></strong></span> <span class='ocrx_word' id='word_1_314' title='bbox 1843 2752 1913 2795; x_wconf 79' lang='lat' dir='ltr'><strong><em>m²</em></strong></span> 
     </span>
     <span class='ocr_line' id='line_1_33' title="bbox 292 2812 1912 2873; baseline -0.002 -16"><span class='ocrx_word' id='word_1_315' title='bbox 292 2814 472 2858; x_wconf 79' lang='grc' dir='ltr'><strong><em>ἐκεῖνον</em></strong></span> <span class='ocrx_word' id='word_1_316' title='bbox 499 2817 542 2860; x_wconf 89' lang='lat' dir='ltr'><strong><em>V</em></strong></span> <span class='ocrx_word' id='word_1_317' title='bbox 657 2821 711 2860; x_wconf 90' lang='lat'><strong><em>18</em></strong></span> <span class='ocrx_word' id='word_1_318' title='bbox 741 2816 823 2860; x_wconf 87' lang='grc' dir='ltr'><strong><em>τὸν</em></strong></span> <span class='ocrx_word' id='word_1_319' title='bbox 854 2816 979 2858; x_wconf 81' lang='lat' dir='ltr'>inser</span> <span class='ocrx_word' id='word_1_320' title='bbox 1009 2817 1043 2858; x_wconf 95' lang='grc' dir='ltr'><em>Ι</em></span> <span class='ocrx_word' id='word_1_321' title='bbox 1051 2815 1067 2839; x_wconf 81' lang='lat'><strong>²</strong></span> <span class='ocrx_word' id='word_1_322' title='bbox 1189 2822 1243 2859; x_wconf 85' lang='grc'><strong>19</strong></span> <span class='ocrx_word' id='word_1_323' title='bbox 1275 2817 1504 2873; x_wconf 86' lang='grc' dir='ltr'><strong><em>ἀμβλῦναι</em></strong></span> <span class='ocrx_word' id='word_1_324' title='bbox 1536 2814 1718 2857; x_wconf 87' lang='grc' dir='ltr'><strong><em>ΙΒΜΡ</em></strong></span> <span class='ocrx_word' id='word_1_325' title='bbox 1750 2812 1830 2854; x_wconf 80' lang='lat' dir='ltr'><strong><em>sed</em></strong></span> <span class='ocrx_word' id='word_1_326' title='bbox 1863 2812 1912 2854; x_wconf 91' lang='lat' dir='ltr'><strong><em>in</em></strong></span> 
     </span>
     <span class='ocr_line' id='line_1_34' title="bbox 232 2873 1849 2932; baseline -0.002 -16"><span class='ocrx_word' id='word_1_327' title='bbox 232 2874 362 2916; x_wconf 84' lang='lat' dir='ltr'><strong><em>hoe</em></strong></span> <span class='ocrx_word' id='word_1_328' title='bbox 388 2887 413 2916; x_wconf 83' lang='lat' dir='ltr'>e</span> <span class='ocrx_word' id='word_1_329' title='bbox 448 2873 459 2887; x_wconf 88' lang='lat'><strong><em>¹</em></strong></span> <span class='ocrx_word' id='word_1_330' title='bbox 499 2888 599 2917; x_wconf 81' lang='lat' dir='ltr'>corr</span> <span class='ocrx_word' id='word_1_331' title='bbox 629 2875 699 2917; x_wconf 84' lang='lat' dir='ltr'><strong><em>m³</em></strong></span> <span class='ocrx_word' id='word_1_332' title='bbox 787 2874 1017 2932; x_wconf 79' lang='grc' dir='ltr'><strong><em>ἀμβλυναι</em></strong></span> <span class='ocrx_word' id='word_1_333' title='bbox 1055 2875 1223 2930; x_wconf 84' lang='lat' dir='ltr'>reliqui</span> <span class='ocrx_word' id='word_1_334' title='bbox 1254 2874 1363 2917; x_wconf 84' lang='lat' dir='ltr'><strong>libri</strong></span> <span class='ocrx_word' id='word_1_335' title='bbox 1402 2874 1492 2917; x_wconf 80' lang='lat' dir='ltr'><strong><em>edd</em></strong></span> <span class='ocrx_word' id='word_1_336' title='bbox 1532 2873 1587 2916; x_wconf 87' lang='lat' dir='ltr'><strong><em>cf.</em></strong></span> <span class='ocrx_word' id='word_1_337' title='bbox 1613 2887 1658 2928; x_wconf 78' lang='lat' dir='ltr'><strong><em>p,</em></strong></span> <span class='ocrx_word' id='word_1_338' title='bbox 1680 2875 1777 2925; x_wconf 83' lang='grc'><strong><em>149,</em></strong></span> <span class='ocrx_word' id='word_1_339' title='bbox 1798 2875 1849 2913; x_wconf 80' lang='grc'><strong>17</strong></span> 
     </span>
     <span class='ocr_line' id='line_1_35' title="bbox 233 2930 1740 2990; baseline -0.001 -15"><span class='ocrx_word' id='word_1_340' title='bbox 233 2938 286 2975; x_wconf 87' lang='grc'><strong><em>21</em></strong></span> <span class='ocrx_word' id='word_1_341' title='bbox 321 2930 380 2976; x_wconf 74' lang='grc' dir='ltr'><strong><em>ἂν</em></strong></span> <span class='ocrx_word' id='word_1_342' title='bbox 411 2933 585 2976; x_wconf 78' lang='lat' dir='ltr'>inserui</span> <span class='ocrx_word' id='word_1_343' title='bbox 617 2948 720 2977; x_wconf 85' lang='lat' dir='ltr'><strong><em>eum</em></strong></span> <span class='ocrx_word' id='word_1_344' title='bbox 754 2933 933 2976; x_wconf 74' lang='lat' dir='ltr'>Sinteni</span> <span class='ocrx_word' id='word_1_345' title='bbox 966 2935 1012 2976; x_wconf 80' lang='lat' dir='ltr'><strong><em>et</em></strong></span> <span class='ocrx_word' id='word_1_346' title='bbox 1043 2933 1200 2976; x_wconf 83' lang='lat' dir='ltr'>Gasda</span> <span class='ocrx_word' id='word_1_347' title='bbox 1227 2936 1233 2990; x_wconf 63' lang='grc'><strong>1</strong></span> <span class='ocrx_word' id='word_1_348' title='bbox 1261 2935 1477 2977; x_wconf 78' lang='grc' dir='ltr'><strong><em>διατοῦτο</em></strong></span> <span class='ocrx_word' id='word_1_349' title='bbox 1509 2931 1740 2975; x_wconf 89' lang='lat' dir='ltr'><strong><em>BVIMP</em></strong></span> 
     </span>
    </p>
   </div>
  </div>
 </body>
</html>
