2072 3162
217 98 323 151 104
746 95 974 141 LIBANII
1005 96 1227 142 ORATIO
1259 98 1366 143 XIV

213 234 376 286 πάνυ.
452 233 480 286 ὁ
522 234 583 287 δὲ
630 234 697 302 δὴ
743 237 1052 295 τελευταῖος
1103 234 1338 302 σκηπτὸς
1388 234 1492 287 ὅσα
1536 229 1606 302 ἦν
1656 233 1904 289 ἐπίπλων

213 322 443 391 ἐχόμενα
481 323 659 374 πάντα
697 320 998 390 ε’ξανήλωκε
1044 321 1528 390 μεταπεμπομένου
1567 324 1732 377 τοῦδε
1771 344 1900 393 χρυ-

214 413 305 464 σία
350 411 441 463 καὶ
489 411 655 478 σκεύη
709 409 800 462 καὶ
854 411 1288 473 κατακόπτοντος
1333 413 1743 480 θεραπεύοντος
1796 411 1901 464 ἀπὸ

124 511 166 555 R
188 516 271 554 441
305 500 516 552 τούτων
556 500 798 560 πολλοὺς
838 498 844 565 Ι
886 501 1237 568 πανταχόθεν
1275 500 1478 563 λύκους
1517 498 1901 567 ἐπικειμένους.

168 609 187 640 5
211 587 297 639 46.
353 588 419 640 οὐ
472 589 557 639 δεῖ
596 588 663 655 δὴ
709 587 1029 659 θαυμάζειν,
1078 588 1125 639 εἰ
1169 584 1493 656 τηλικοῦτον
1539 597 1708 658 μῆκος
1755 589 1896 642 οὕτω

212 676 397 744 δεινῆς
422 684 711 746 συμφορᾶς
741 675 1010 744 ἠλλοίωσέ
1038 695 1090 728 τι
1120 684 1215 744 τῆς
1245 685 1508 745 πατρικῆς
1531 678 1900 747 εὐδαιμονίας,

211 762 329 816 ἀλλ’
361 764 506 827 ὅπως
545 765 611 817 οὐ
650 762 743 817 καὶ
781 766 910 826 τοὺς
949 764 1154 835 ἀγροὺς
1192 763 1282 818 καὶ
1321 766 1422 833 τὴν
1454 766 1634 819 οἰκίαν
1666 765 1899 819 ἀπέδοτο

210 872 344 921 μετα
394 862 507 906 τῶν
558 854 742 906 ἄλλων
795 854 901 907 ὑπὸ
955 854 1238 906 τοσούτων
1293 853 1618 921 ἐσθιόμενος
1670 857 1900 925 θηρίων.

209 943 332 994 τίνα
371 942 439 1009 δὴ
479 943 670 1010 βούλει
715 942 813 995 τὸν
861 943 1165 1011 άνθρωπον
1212 941 1590 995 ἐπανελθόντα
1636 943 1899 1012 γενέσθαι

145 1053 186 1083 10
208 1028 300 1082 καὶ
347 1032 405 1082 τί
452 1037 656 1095 ποιεῖν;
711 1031 962 1093 ἅψασθαι
1014 1031 1351 1100 προστασίας
1403 1031 1536 1096 μετα
1588 1033 1801 1099 πενίας,
1856 1028 1899 1084 ὦ

208 1122 458 1188 βασιλεῦς
505 1117 642 1186 μέγα
680 1117 828 1185 μέντ’
868 1118 938 1172 ἂν
976 1117 1227 1182 στενάξαι
1267 1117 1598 1189 ΖἉένανδρος
1637 1119 1742 1172 ὑπὸ
1783 1126 1900 1188 γῆς,

209 1208 256 1260 εἰ
295 1212 548 1260 αἴσθοιτο
595 1207 694 1260 τὸν
738 1208 867 1260 υἱὸν
917 1208 1063 1279 αὐτῷ
1109 1208 1397 1278 χρημάτων
1443 1206 1627 1278 ἐνδείᾳ
1673 1212 1900 1270 πολλοῖς

206 1305 319 1348 τῶν
358 1295 530 1348 αὑτοῦ
566 1297 834 1366 χειρόνων
867 1295 1217 1364 ἐξιστάμενον
1255 1305 1366 1348 τῶν
1404 1298 1700 1365 πρωτείων.
1762 1296 1901 1349 ἀλλὰ
1984 1368 1986 1370 V

159 1434 165 1437 ι
208 1383 291 1436 δι’
323 1383 626 1454 ἐπιμελείας
675 1382 777 1453 μὲν
833 1385 1095 1438 ἰάσασθαι
1140 1386 1206 1437 τὰ
1259 1386 1556 1454 τραύματα,
1610 1386 1901 1455 χρημάτων

142 1494 183 1526 15
210 1470 270 1526 δὲ
307 1474 413 1542 ἤδη
454 1472 890 1541 συνειλεγμένων
929 1473 1103 1536 οὕτως
1150 1472 1324 1526 ἐκεῖσε
1361 1473 1637 1544 παριέναι;
1688 1473 1777 1526 καὶ
1817 1477 1900 1536 τίς

211 1559 457 1624 ἀνέξεται
496 1571 608 1615 τῶν
646 1562 778 1615 αὐτὸ
817 1570 981 1615 τοῦτο
1024 1563 1372 1631 δεδοικότων,
1412 1563 1483 1632 μὴ
1525 1566 1692 1633 σχολῇ
1732 1568 1900 1632 θερα-

118 1663 264 1706 R442
306 1651 479 1721 πεύσῃ
519 1651 619 1703 τὸν
658 1645 837 1716 οἷκον;
894 1650 981 1703 47.
1030 1652 1114 1704 δεῖ
1170 1649 1175 1722 Ι
1233 1653 1303 1720 δή
1340 1670 1491 1713 τινος
1529 1659 1702 1719 τιμῆς,
1742 1649 1795 1714 ἐξ
1835 1647 1901 1719 ἧς

208 1737 456 1791 ἀτέλειαν
505 1741 710 1808 χρόνον
747 1741 872 1792 τινὰ
911 1741 1340 1810 καρπωσάμενος
1385 1741 1490 1809 ἤδη
1530 1742 1663 1808 μετὰ
1716 1740 1900 1810 ῥώμης

327 1917 349 1955 1
383 1913 490 1957 Her.
516 1913 558 1956 H
585 1918 653 1969 77,
680 1919 718 1958 2.
762 1914 818 1958 cf.
851 1914 1113 1958 Hemsberh.
1148 1915 1208 1958 ad
1240 1915 1378 1958 Arist.
1405 1914 1526 1958 Plut.
1559 1930 1604 1971 p.
1627 1919 1725 1969 166,
1751 1919 1777 1958 5

329 2081 351 2118 7
386 2073 484 2118 ἀλλ’
523 2073 645 2125 ὅπως
677 2076 751 2134 οὐ]
783 2075 1044 2132 θαυμάζειν
1076 2076 1169 2119 ἀπὸ
1202 2083 1364 2120 κοινοῦ
1388 2078 1432 2120 A

329 2243 353 2280 2
388 2237 673 2290 ἐξανάλωκεν
698 2238 742 2281 Α
804 2236 1062 2289 ἐξανάλωκε
1095 2238 1228 2281 UIM
1355 2242 1379 2280 3
1412 2238 1491 2281 καὶ
1521 2236 1898 2291 κατακόπτοντος

210 2297 375 2353 scripsi
437 2295 812 2348 κατακόπτοντος
836 2297 915 2340 καὶ
938 2296 1048 2339 libri
1073 2297 1163 2340 edd
1219 2296 1400 2351 ,,σκεύη,
1427 2295 1893 2355 <καὶ>κατακόπτον-

208 2372 286 2405 τος
317 2356 396 2399 καὶ
429 2363 512 2400 aut
542 2357 622 2399 καὶ
654 2355 790 2412 σκεύη
823 2354 1197 2406 κατακόπτοντος
1227 2356 1334 2398 καὶ“
1367 2355 1435 2398 Re
1556 2360 1583 2397 4
1613 2356 1779 2400 τούτου
1804 2358 1898 2400 AP

267 2419 293 2457 5
342 2418 416 2459 δεῖ
445 2414 501 2470 δὴ
535 2417 581 2459 Ρ
609 2415 690 2458 sed
729 2422 773 2459 εἴ
801 2417 847 2458 et
879 2414 906 2470 ὴ
939 2415 988 2458 in
1019 2428 1094 2457 ras
1118 2414 1188 2457 m⁴¹
1279 2414 1336 2471 δὴ
1369 2415 1444 2458 δεῖ
1474 2415 1517 2458 V
1567 2415 1572 2471 Ι
1623 2413 1767 2466 οὕτως
1801 2416 1839 2459 0

210 2478 232 2515 7
269 2471 448 2517 οἰκείαν
473 2475 518 2517 A
661 2478 687 2517 8
720 2473 832 2529 μετὰ
862 2481 954 2517 τῶν
987 2473 1134 2517 ἄλλων
1167 2487 1242 2516 0111
1265 2474 1308 2517 V
1439 2478 1490 2516 11
1525 2471 1639 2529 μέγα
1670 2475 1705 2516 Ι
1731 2475 1811 2517 sed
1845 2490 1893 2532 εγ

206 2532 257 2573 in
294 2544 369 2574 ras
410 2533 479 2574 m⁸
568 2550 599 2588 μ
645 2547 750 2576 cum
796 2546 957 2575 rasura
1005 2537 1088 2575 2-
1094 2537 1118 2574 3
1159 2532 1238 2575 litt
1276 2533 1321 2577 U
1522 2536 1575 2574 12
1624 2540 1746 2575 αυτῶ
1787 2534 1831 2577 U

211 2595 263 2633 13
310 2591 453 2634 αὐτοῦ
485 2592 644 2635 ΑΒΜ
731 2608 875 2635 αυτου
915 2592 958 2636 U
1003 2592 1008 2650 Ι
1051 2591 1235 2649 χρόνοις
1268 2592 1330 2634 Μ
1365 2592 1412 2634 eh
1450 2607 1503 2646 γρ
1542 2591 1590 2633 in
1622 2605 1755 2648 marg
1794 2591 1889 2650 Cf!

210 2649 567 2705 ἐξανιστάμενον
580 2651 671 2717 Ul
698 2648 936 2704 πρωτείων
961 2651 1006 2694 A
1031 2650 1149 2693 sed
1136 2666 1186 2692 m
1208 2663 1341 2706 marg
1365 2651 1472 2707 γραι
1503 2650 1685 2703 θώκων,
1720 2663 1744 2692 e
1768 2651 1893 2724 πρω-

206 2724 299 2750 των
332 2721 432 2751 corr
463 2708 533 2762 12,
576 2708 624 2751 in
656 2710 850 2764 πρώτων
883 2723 983 2752 corr
1006 2709 1091 2764 ΡΒ,
1152 2710 1344 2764 πρώτων
1379 2709 1417 2753 C
1455 2708 1535 2751 sed
1575 2725 1628 2764 γρ
1654 2707 1893 2764 πρωτείων

207 2780 257 2823 in
281 2794 415 2838 marg
436 2783 471 2836 f,
496 2781 607 2825 Ferr
629 2781 731 2825 Mor
806 2781 974 2838 πρῶων
1007 2783 1035 2825 i.
1063 2797 1099 2827 e.
1133 2798 1358 2838 πατρωων
1393 2782 1437 2826 V
1462 2782 1542 2825 sed
1573 2779 1810 2837 πρωτείων
1842 2783 1891 2826 in

206 2853 340 2895 marg
370 2855 394 2883 r
545 2845 599 2883 14
638 2841 876 2897 τραύματα
908 2841 956 2884 in
987 2841 1236 2898 πράγματα
1269 2854 1369 2884 corr
1391 2841 1436 2884 A
1585 2845 1638 2883 15
1671 2839 1892 2896 παριέναι

209 2898 254 2942 Ρ
283 2899 363 2941 sed
397 2915 426 2940 α
458 2899 507 2941 in
537 2913 612 2942 ras
643 2900 712 2941 m⁴¹
834 2905 887 2943 16
921 2899 1142 2944 δεδιότων
1173 2902 1216 2945 V
