2060 3162
659 143 886 188 LIBANII
917 143 1141 188 ORATIO
1173 144 1279 189 XVI
1698 144 1805 196 163

122 282 286 349 τήνδε
331 281 433 349 τὴν
479 287 606 348 γῆν;
661 280 694 349 ἢ
744 282 876 333 πότε
923 278 1252 343 ἐπελθόντες
1299 279 1401 333 οὐκ
1446 278 1806 350 ἀνῃρήκασιν,

124 369 158 421 ἃ
195 366 296 438 μὲν
334 367 601 422 ἐδύναντο
641 369 1125 438 κατασκάπτοντες,
1174 369 1309 422 κατὰ
1349 365 1409 421 δὲ
1447 378 1559 422 τῶν
1597 371 1808 422 λοιπῶν

123 464 197 530 τῷ
235 456 370 527 πυρὶ
402 458 699 527 χρώμενοι;
742 458 787 510 7.
830 459 1134 526 φιλόνεικοι
1174 454 1234 510 δὲ
1274 458 1380 527 ἀρα
1418 452 1559 526 ἦσαν
1595 458 1648 510 οἱ
1678 457 1806 526 ἡμέ-

123 565 270 616 τεροι
319 548 587 617 πρόγονοι
637 545 727 599 καὶ
779 545 880 599 οὐκ
927 547 1131 608 εἰδότες
1177 547 1435 615 δαίμοσιν
1489 544 1805 609 ἐξίστασθαι

122 637 316 688 τόπων.
378 634 476 697 οὓς
516 634 681 706 ἐχρῆν
720 632 1159 704 ἐνθυμηθέντας,
1201 635 1286 688 ὅτι
1323 654 1406 697 τις
1444 636 1549 704 ἄρα
1588 636 1805 704 φθόνος
1851 656 1872 689 5

121 726 343 790 πολεμεῖ
380 730 454 796 τῷ
487 726 693 796 χωρίῳ,
742 725 876 791 μετὰ
921 724 981 776 τὸ
1021 732 1242 793 πρῶτον
1283 723 1480 792 εὐθύς,
1529 725 1576 776 εἰ
1616 720 1677 776 δὲ
1716 726 1805 793 μή,

121 813 181 865 τό
219 831 280 880 γε
320 812 582 883 δεύτερον
627 822 819 880 πτῶμα
867 815 1087 881 ζητῆσαι
1134 820 1240 881 γῆν
1279 810 1485 883 ἑτέραν,
1532 813 1712 883 ὥσπερ
1753 814 1807 865 οἱ

125 904 370 963 Φωκαεῖς
403 900 617 954 ἐκεῖνοι.
678 909 787 954 νῦν
819 901 881 954 δὲ
913 901 1215 955 ἀνίστασαν
1245 901 1334 954 καὶ
1365 901 1533 953 πάλιν
1565 899 1808 954 ἐδείκνυ-

121 1003 225 1042 σαν
261 990 426 1042 πόλιν
465 989 566 1042 οὐκ
607 991 829 1057 εἰδότες,
870 989 953 1043 ὅτι
993 997 1181 1052 κακοῖς
1219 988 1425 1059 ἑτέροις
1464 987 1806 1058 ἑτοιμάζουσι

118 1079 179 1130 τὸ
221 1079 372 1132 ἄστυ.
1830 1100 1876 1132 10

231 1167 277 1219 8.
334 1171 576 1221 .Πολλῶν
630 1164 691 1220 δὲ
740 1168 806 1236 δὴ
855 1165 946 1220 καὶ
1002 1170 1202 1221 δεινῶν
1254 1167 1710 1236 κατασεισάντων,
1765 1163 1807 1220 ὦ

120 1257 318 1326 ἄνδρες
371 1260 611 1325 πολῖται,
672 1258 943 1327 πρότερον
1003 1257 1104 1325 τὴν
1161 1254 1430 1326 ἡμετέραν
1483 1252 1614 1308 οὐδὲ
1675 1258 1808 1323 μίαν

120 1343 278 1413 ἔγωγ’
309 1343 379 1397 ἂν
417 1352 481 1415 τῇ
519 1346 770 1415 παρούσῃ
823 1352 1084 1416 συμφορᾷ
1131 1343 1456 1408 ἐξισοῦσθαι
1504 1347 1676 1413 φαίην
1722 1346 1808 1397 ἄν.

118 1442 338 1502 πρῶτον
375 1430 477 1501 μὲν
515 1434 618 1503 γὰρ
659 1433 760 1503 οὐχ
800 1434 994 1502 ὅμοιον
1032 1433 1138 1486 ὑπὸ
1178 1442 1290 1486 τῶν
1323 1434 1491 1502 φύσει
1529 1434 1806 1501 πολεμίων

119 1521 348 1590 πάσχειν
392 1531 569 1584 κακῶς
607 1522 640 1590 ἢ
678 1523 824 1592 παρὰ
869 1531 981 1574 τῶν
1032 1523 1251 1575 οἰκείων
1297 1522 1387 1574 καὶ
1434 1516 1513 1574 ὧν
1552 1521 1698 1584 εἰκὸς
1734 1517 1806 1590 ἦν
1830 1543 1874 1576 15

121 1608 421 1662 ἀπολαύειν
473 1618 568 1678 τῆς
622 1612 909 1680 προνοίας,
970 1615 1270 1679 μισεῖσθαι.
1355 1610 1403 1662 9.
1458 1608 1576 1662 ἀλλ’
1622 1610 1804 1679 ὥσπερ

120 1700 304 1769 πολλῷ
329 1699 645 1767 δεινότερον
675 1699 783 1751 ὑπὸ
815 1706 916 1751 τοῦ
947 1699 1150 1769 πατρὸς
1178 1698 1509 1752 ἐλαύνεσθαι
1534 1699 1623 1751 καὶ
1647 1701 1807 1767 κατή-

123 1806 291 1855 γορον
364 1784 509 1856 ἔχειν
578 1787 749 1840 αὐτὸν
821 1788 918 1840 τὸν
987 1789 1351 1856 γεγεννηκότα
1418 1795 1517 1840 τοῦ
1586 1788 1733 1857 παρὰ
1797 1787 1801 1858 Ι

119 1883 230 1926 τῶν
267 1871 368 1938 ἔξω
407 1883 506 1929 τοῦ
555 1875 751 1943 γε’νους
797 1875 1282 1944 ἐπιβουλεύεσθαι,
1335 1876 1478 1929 οὕτω
1525 1878 1711 1946 μεῖζον
1747 1889 1790 1933 R
1806 1894 1893 1934 487

117 1964 288 2016 κακὸν
332 1968 407 2035 τῷ
447 1962 720 2031 Ῥωμαίων
764 1966 978 2032 βασιλεῖ
1025 1966 1211 2018 δοκεῖν
1257 1963 1414 2029 ἀξίαν
1461 1964 1804 2028 ἀναστάσεως
1828 1987 1874 2019 20

117 2047 258 2104 εἶναι
304 2053 404 2121 τὴν
450 2054 615 2106 πόλιν
659 2052 692 2121 ἢ
747 2054 894 2124 παρὰ
939 2061 1049 2106 τῶν
1102 2054 1401 2124 βαρβάρων
1447 2050 1589 2126 ἔργῳ
1639 2061 1803 2107 τοῦτο

117 2145 335 2193 παθεῖν.
417 2141 498 2193 10.
553 2143 614 2195 τὸ
672 2142 774 2209 μὲν
821 2143 923 2212 γὰρ
966 2142 994 2196 ὁ
1035 2150 1134 2195 τοῦ
1166 2141 1410 2210 πολέμου
1456 2144 1622 2210 νόμος
1668 2137 1805 2212 οἶδε,

233 2319 259 2358 8
294 2314 400 2359 Her.
426 2316 448 2358 I
475 2321 559 2360 164

235 2482 257 2520 1
291 2477 577 2529 ἀπελθόντες
609 2480 694 2523 Mo
814 2484 840 2523 2
872 2479 1108 2536 ἠδύναντο
1134 2480 1219 2525 Mo
1268 2480 1274 2538 Ι
1323 2482 1498 2524 λοιπῶν
1529 2479 1579 2523 in
1611 2478 1800 2524 ὑπολοί-

116 2550 216 2578 πων
248 2550 349 2580 corr
381 2538 424 2580 V
568 2542 593 2581 5
626 2536 975 2595 ἐνθυμηθέντες
1007 2552 1062 2582 ex
1095 2539 1143 2583 ἐν
1173 2537 1470 2595 θυμηθέντες
1501 2552 1602 2582 corr
1635 2538 1742 2583 Mo*

43 2602 51 2615 ·
117 2598 142 2636 8
175 2603 346 2650 φωκεῖς
377 2596 503 2640 UMo
635 2601 661 2640 8
693 2604 780 2641 νῦν
813 2623 865 2629 -
900 2602 926 2641 9
957 2595 1094 2642 πόλιν
1128 2597 1290 2642 citavit
1320 2597 1553 2642 Planudee
1585 2597 1663 2642 fol.
1693 2602 1801 2641 1042v

175 2657 200 2696 8
232 2655 339 2699 νυνὶ
371 2652 416 2699 δ’
444 2655 512 2698 Re
540 2655 547 2712 Ι
575 2652 818 2699 ἐνίστασαν
841 2655 960 2700 Plan
1075 2662 1126 2700 11
1161 2656 1219 2712 δὴ
1253 2671 1327 2700 om
1351 2657 1474 2700 Fabr
1588 2661 1642 2700 12
1668 2658 1800 2702 οὐδε-

116 2709 226 2767 μίαν
257 2713 352 2757 PU
358 2714 469 2757 VIB
503 2714 592 2757 edd
716 2719 770 2757 13
803 2715 1076 2767 ἐξισοῦσθαι
1100 2730 1174 2759 om
1201 2718 1284 2760 Mo
1345 2713 1689 2774 ἀν]μειζοτέραν
1716 2719 1800 2760 Mo

178 2775 231 2813 14
262 2770 344 2827 μὲν
369 2787 445 2816 om
468 2773 536 2816 Re
659 2778 713 2817 15
745 2774 851 2828 περὶ
879 2774 963 2818 Mo
995 2776 1042 2818 οὺ
1066 2788 1207 2831 supra
1231 2774 1360 2829 παρὰ
1386 2777 1447 2819 M
1457 2774 1474 2798 ²
1508 2786 1511 2787 ’
1596 2779 1649 2818 16
1682 2775 1799 2818 ἀπο-

117 2828 273 2874 λαύειν
302 2836 386 2886 τῆς
415 2829 644 2887 προνοίας
674 2832 838 2888 scripsi
871 2845 895 2875 e
930 2833 1111 2878 OAPU
1178 2839 1257 2889 τῆς
1287 2831 1513 2887 προνοίας
1544 2833 1799 2877 ἀπολαύειν

115 2885 283 2943 reliqui
313 2889 423 2932 libri
453 2890 546 2933 edd
669 2895 721 2934 18
754 2890 1030 2948 γεγενηκότα
1064 2894 1214 2937 MoM
1259 2891 1264 2950 Ι
1307 2892 1413 2948 περὶ
1446 2893 1531 2936 Mo
1659 2897 1714 2935 20
1746 2892 1798 2935 τὸ

119 2944 202 2989 Mo
321 2953 375 2991 21
407 2950 515 3004 περὶ
549 2949 636 2993 Mo,

1442 3024 1526 3066 11*
