2054 3140
695 101 924 146 LlBANII
956 100 1179 145 ORATIO
1211 100 1296 144 ΧΠ
1781 102 1849 154 13

164 248 240 314 τῷ
258 242 482 310 τυχόντι
505 241 734 307 βεβαιοῖ.
809 238 891 289 11.
927 245 1098 290 κεῖται
1122 238 1227 307 γὰρ
1259 237 1361 290 οὐκ
1394 235 1455 290 ἐν
1485 243 1585 308 μιᾷ
1613 255 1724 290 τινι
1755 239 1852 290 πό-

166 334 266 399 λει,
296 328 547 398 καθάπερ
576 326 870 395 Ἀθήνησιν
890 324 1154 398 Ἁρμοδίῳ
1186 326 1277 378 καὶ
1318 325 1754 395 Ἀριστογείτονι,
1785 334 1850 396 τῇ

166 426 262 487 τῆς
290 420 499 480 πόλεως
534 416 901 485 ὑποκείμενον
938 417 1075 486 τύχῃ
1107 416 1195 468 καὶ
1227 416 1362 483 μετὰ
1391 416 1589 484 ταύτης
1623 416 1851 484 σωζόμε-

167 510 271 561 νόν
307 526 365 559 τε
399 506 489 559 καὶ
523 507 1012 575 διαφθειρόμενον,
1050 506 1230 557 καίτοι
1259 505 1420 573 <καὶ>
1450 506 1659 567 πόλεως
1692 502 1852 557 ἑστώ-

166 609 264 664 σης
309 595 573 657 πολλάκις
618 591 1024 663 αἰέπιγραφαὶ
1068 603 1180 647 τῶν
1230 597 1445 662 στηλῶν
1490 602 1851 662 προαπεῖπον,
1899 613 1918 645 5

166 683 285 737 ἀλλ’
325 683 460 752 αὕτη
508 703 570 752 γε
616 682 706 736 καὶ
752 682 1139 749 κατακλυσμὸν
1183 681 1274 735 καὶ
1312 683 1413 751 τὴν
1459 681 1518 735 ἐκ
1563 683 1738 751 πυρὸς
1784 681 1854 734 ἂν

169 774 435 842 διαφύγοι
483 773 806 842 διαφθορὰν
852 773 986 841 μετὰ
1037 780 1149 824 τῶν
1202 770 1383 824 ἐκεῖνα
1437 772 1854 840 διαφευγόντων

168 862 508 931 ἀνθρώπων,
564 860 662 923 οὓς
708 861 764 913 αἱ
811 869 924 913 τῶν
967 862 1154 913 τόπων
1203 860 1432 930 ῥύονται
1478 860 1696 928 φύσεις,
1750 858 1854 913 κᾶν

167 951 235 1003 τὰ
278 951 442 1004 πεδία
486 948 708 1018 γένηται
760 948 1021 1017 πέλαγος,
1072 947 1078 1019 Ι
1129 949 1187 1002 οἵ
1235 968 1297 1017 γε
1350 947 1412 1002 ἐν
1469 947 1758 1011 σκοπέλοις
1795 961 1942 1004 R370

170 1040 452 1102 οἰκοῦντες
489 1037 521 1107 ἢ
569 1040 753 1100 πόλεις
790 1038 824 1107 ἢ
870 1035 1052 1107 κώμας
1099 1040 1340 1106 ἔχουσιν,
1389 1036 1449 1090 ἐν
1495 1030 1578 1100 οἷς
1622 1038 1855 1106 μάλιστα
1879 1058 1921 1089 10

170 1128 512 1197 φυλάττουσι
550 1128 796 1196 τοῦνομα
832 1127 923 1179 καὶ
963 1127 1245 1179 διδάσκειν
1275 1128 1406 1189 τοὺς
1437 1128 1621 1180 ἔπειτα
1654 1127 1856 1179 δύναν-

169 1236 272 1270 ται.
351 1217 434 1268 12.
487 1217 698 1284 πολλὴν
737 1216 804 1284 δὴ
856 1217 1189 1284 συγγνώμην
1235 1218 1338 1284 ἔχω
1385 1224 1502 1278 τοῖς
1548 1214 1711 1285 ἐρῶσι
1756 1223 1855 1268 τοῦ

169 1306 487 1375 πράγματος
520 1303 613 1358 καὶ
643 1306 791 1374 παρὰ
821 1314 934 1358 τῶν
963 1310 1116 1357 θεῶν
1146 1306 1362 1357 αἰτοῦσι
1392 1305 1499 1373 πρὸ
1530 1314 1643 1357 τῶν
1674 1305 1857 1357 ἄλλων

173 1392 404 1462 ἀγαθῶν
442 1391 531 1447 ἐπὶ
568 1395 732 1446 τοῦδε
779 1399 1117 1461 κομισθῆναι
1161 1401 1262 1446 τοῦ
1310 1394 1534 1462 δίφρου.
1611 1391 1727 1446 ἐπεὶ
1765 1393 1857 1445 καὶ

175 1475 258 1544 οἷς
294 1481 537 1552 ὑπῆρξεν
572 1483 651 1545 εἰς
679 1483 961 1551 ὑπάρχους
991 1481 1220 1550 τελέσαι,
1259 1483 1397 1551 πρὸς
1426 1488 1589 1535 τοῦτο
1621 1480 1857 1549 βλέπου-
1880 1501 1921 1535 15

175 1586 282 1638 σιν,
322 1571 395 1633 ὡς
432 1578 596 1624 τοῦτο
638 1571 705 1624 ὃν
743 1566 925 1624 ἆθλον
963 1569 1196 1639 ἐκείνου,
1237 1563 1321 1632 οἷς
1357 1589 1416 1623 τε
1454 1569 1659 1638 συνέβη
1691 1571 1857 1623 τοῦδε

172 1657 307 1727 πρὶν
345 1658 561 1711 ἐκείνου
601 1668 805 1728 τυχεῖν,
843 1659 1039 1727 ἥκιστα
1069 1658 1439 1727 προσέχουσιν
1478 1657 1667 1731 ἐκείνῳ
1702 1661 1856 1727 νομί-

173 1749 352 1810 ζοντες
398 1747 427 1799 ὅ
464 1765 518 1799 τι
556 1745 628 1800 ἂν
672 1746 762 1800 ἐπὶ
806 1748 943 1819 τῷδε
988 1747 1250 1816 λάβωσιν,
1300 1745 1527 1800 ἔλαττον
1573 1748 1858 1816 εἰληφότες

173 1832 413 1888 ἔσεσθαι.
507 1836 590 1889 13.
651 1830 714 1888 τί
752 1837 856 1904 γὰρ
908 1834 977 1889 ἂν
1027 1835 1243 1903 γένοιτο
1295 1838 1626 1906 σεμνότερον
1674 1836 1707 1905 ἢ
1756 1837 1858 1905 τὴν

175 1922 507 1992 οἰκουμένην
553 1925 770 1977 ἅπασαν
806 1924 969 1993 ἡλίου
1008 1925 1169 1993 δίκην
1216 1923 1430 1994 ἐπέχειν
1473 1933 1538 1995 τῇ
1584 1938 1858 1995 προσηγο-
1881 1946 1924 1978 20

173 2014 284 2082 ρι’ᾳ,
323 2013 413 2065 καὶ
443 2013 668 2066 πάντων
699 2012 1017 2082 ἀνθρώπων
1050 2012 1110 2066 ἐν
1143 2015 1410 2082 στόμασιν
1440 2007 1582 2067 εἶναι
1612 2014 1858 2081 τοῦνομα

172 2260 259 2304 VH
284 2208 336 2306 129
351 2202 481 2247 Dem.
503 2203 632 2260 Lept.
660 2208 685 2257 ξ
712 2202 776 2262 7οζ
798 2218 842 2259 p.
866 2207 965 2257 478,
988 2208 1014 2246 4
1140 2208 1194 2247 10
1226 2203 1332 2248 Her.
1358 2203 1380 2246 Ι
1406 2207 1488 2247 170
1514 2208 1540 2248 2
1666 2207 1721 2247 20
1747 2202 1854 2247 Her.

295 2443 317 2482 1
364 2436 497 2483 πόλει
534 2438 584 2482 in
614 2451 748 2494 marg
778 2438 835 2482 Ι3
985 2444 1012 2482 4
1059 2440 1139 2483 καὶ
1168 2438 1343 2483 inserui
1381 2451 1406 2482 e
1439 2438 1719 2485 P²UVBM
1754 2452 1859 2482 cum

175 2495 332 2541 Gasda.
363 2497 445 2553 qui
474 2503 554 2554 τῆς
596 2497 730 2541 addit
820 2511 895 2541 om
932 2498 1101 2554 reliqui
1139 2498 1250 2542 libri
1287 2498 1379 2541 edd
1528 2503 1553 2541 5
1602 2498 1860 2556 ἐπιγραφαὶ

176 2556 341 2613 scripsi
380 2558 567 2600 auctore
598 2556 667 2600 Re
706 2556 811 2600 coll.
850 2556 991 2601 Thue.
1025 2557 1068 2600 H
1099 2562 1170 2612 43,
1203 2562 1228 2600 2
1273 2558 1328 2601 οὐ
1368 2559 1541 2614 στηλῶν
1567 2584 1622 2590 -
1647 2555 1859 2614 σημαίνει

176 2614 410 2671 ἐπιγραφή
477 2616 657 2672 γραφαὶ
687 2615 797 2659 libri
821 2615 912 2659 edd
939 2618 944 2672 1
972 2618 1071 2660 τωῖι
1091 2618 1136 2661 Ρ
1254 2621 1278 2659 7
1312 2616 1538 2673 διαφύγοι
1567 2616 1619 2660 in
1641 2630 1775 2674 marg
1802 2618 1835 2660 Ι
1844 2616 1860 2641 ⁸

180 2673 414 2746 [ιφθορὰν
455 2675 528 2718 VI
656 2679 682 2718 8
712 2672 871 2718 πόνων
903 2675 1014 2719 Fen·
1036 2675 1139 2719 Mor
1273 2679 1297 2718 9
1331 2672 1377 2732 γ’
1412 2675 1480 2718 Re
1617 2679 1671 2719 10
1702 2677 1860 2731 κώμας

178 2749 208 2787 η
238 2730 396 2783 πόλεις
418 2734 464 2778 Β
491 2735 497 2790 Ι
525 2733 705 2790 ἔχοντες
728 2734 773 2777 Β
897 2739 948 2777 11
983 2733 1229 2791 φυλάττειν
1261 2735 1368 2778 coni
1390 2734 1458 2778 Re
1581 2739 1634 2777 12
1668 2735 1718 2779 δὲ
1746 2735 1867 2779 VUI

175 2789 260 2846 Re,
292 2791 417 2848 quod
448 2792 645 2836 correxit
676 2791 878 2836 Sintenis
1001 2798 1056 2837 14
1086 2795 1382 2850 κοσμηθῆναι
1424 2794 1468 2837 V
1500 2820 1503 2821 ν
1590 2798 1643 2837 19
1676 2794 1858 2838 ἔσονται

177 2849 287 2951 ἐδτι
318 2849 507 2952 ἱΞνᾶἔίιὶοιτο
548 2851 713 2907 scripsi
752 2865 858 2894 cum
890 2850 1070 2895 Sinizeni
1102 2865 1126 2896 e
1160 2853 1387 2897 VUIBM
1472 2851 1659 2908 γένηται
1688 2851 1857 2909 reliqui
