2060 3162
242 142 352 195 470
775 141 1006 186 LIBANIl
1037 140 1243 185 ORATII
1272 140 1400 183 XXII

242 300 312 348 gr.
342 284 462 343 101,
499 283 652 330 immo
691 297 806 330 vero
847 298 909 330 ne
949 298 1034 330 eae
1074 281 1274 343 quidem
1318 280 1552 329 lectiones
1605 295 1726 342 quas
1773 279 1935 328 editor

239 356 524 419 praemissis
562 356 744 404 litteris
782 374 840 421 γρ
879 357 933 403 in
971 356 1195 419 margine
1233 356 1417 416 posuit,
1457 355 1655 402 omnino
1696 369 1808 402 cum
1844 353 1933 402 illo

241 430 406 479 codice
437 431 715 478 concinunt.
788 430 885 478 Hic
915 445 1110 492 quoque
1141 429 1262 476 fides
1293 429 1489 476 Morelli
1519 430 1573 476 in
1605 428 1934 490 suspicionem

246 504 468 553 vocanda
508 506 596 552 est.

350 578 614 626 Herculem
665 579 821 641 igitur
877 579 965 639 qui
1010 577 1213 640 Augeae
1266 577 1447 639 egessit
1499 575 1687 641 κόπρον
1736 577 1934 638 praeter

240 655 424 700 ceteras
462 653 516 699 in
554 651 648 699 hac
687 652 909 699 oratione
949 667 1052 700 sese
1090 651 1343 714 praestitit
1381 650 1623 698 Reiskius.
1685 649 1932 697 Maximus

243 729 318 776 est
354 741 590 774 numerus
624 726 1023 774 emendationum
1061 725 1114 772 in
1145 724 1645 772 Animadversionum
1683 723 1931 772 volumine

240 800 287 847 V
317 817 363 862 p.
392 801 681 848 324—336
715 800 1039 862 prolatarum,
1079 816 1206 861 quae
1246 799 1494 847 codicibus
1526 798 1587 845 ab
1617 799 1726 860 ipso
1757 798 1932 860 postea

243 874 479 922 adhibitis
519 874 814 937 Augustano
855 876 906 921 et
942 874 1226 922 Monacensi
1272 872 1590 921 confirmatae
1630 874 1757 921 sunt.
1837 871 1932 919 Sed

239 949 320 996 hic
358 964 555 1010 quoque
600 949 653 995 in
693 947 907 995 editione
954 941 1013 1015 (t.
1038 948 1090 995 II
1127 965 1175 1010 p.
1205 940 1409 1012 1—27)
1447 946 1747 1010 Altenburgi
1788 946 1929 994 1793

242 1023 374 1071 foras
413 1023 566 1071 missa
602 1023 796 1070 incuria
834 1023 999 1070 uxoris
1040 1025 1090 1069 et
1119 1021 1494 1084 typothetarum
1524 1021 1683 1067 multa
1712 1021 1930 1083 praeter-

244 1098 395 1144 missa
434 1098 562 1145 sunt.

350 1170 604 1219 Nonnulla
652 1168 886 1232 Cobetus,
940 1186 1101 1232 pauca
1152 1169 1505 1217 Boissonadius
1521 1163 1559 1231 1)
1616 1171 1665 1216 et
1713 1167 1931 1215 Sintenis

243 1246 570 1292 correxerunt.

361 1387 403 1442 1)
437 1384 503 1428 Cf.
530 1386 562 1428 t.
581 1385 602 1427 I
626 1400 670 1441 p.
692 1389 760 1428 78.
