2060 3162
196 153 303 205 278
688 149 916 194 LIBANII
948 149 1170 194 ORATIO
1203 150 1353 195 XVIH

197 290 336 350 ἅπας
381 286 555 340 ἐδεῖτο
602 284 692 338 καὶ
739 284 928 352 μένειν
972 284 1063 338 καὶ
1111 287 1303 351 σώζειν
1349 287 1563 339 ἅπαντα
1614 284 1753 357 ὑπὲρ
1806 283 1886 340 ὧν

196 375 620 443 ἐπεπονήκεσαν,
676 375 729 427 οὶ
780 371 840 427 δὲ
879 373 1081 443 ἠλέουν
1125 393 1184 427 τε
1229 377 1360 438 τοὺς
1406 375 1748 438 ἱκετεύοντας
1793 375 1884 429 καὶ

196 462 592 534 ἐδυσχέραινον
622 464 722 532 τὴν
754 462 900 516 ὁδόν.
980 463 1064 515 97.
1105 464 1436 532 αἰσθόμενος
1475 460 1534 516 δὲ
1568 463 1596 517 ὁ
1629 467 1888 532 βασιλεὺς

197 548 349 604 εἶπεν
403 549 464 604 ἐν
511 551 698 613 αὐτοῖς
752 550 858 603 ἀπὸ
912 558 1012 603 τοῦ
1065 552 1329 613 εἰωθότος
1377 552 1482 622 πρὸ
1533 559 1629 620 τῆς
1677 554 1885 616 πόλεως

150 662 169 694 5
195 638 453 708 βήματος,
493 639 566 702 ὡς
605 638 707 692 οὐκ
748 644 829 707 εἴη
871 640 1044 708 βουλὴ
1084 637 1212 709 περὶ
1252 635 1330 692 ὧν
1360 641 1466 709 ἤδη
1505 646 1582 712 τῷ
1613 641 1886 710 κρείττονι

195 726 464 781 δέδοκται.
541 728 754 798 μακρὸν
801 728 862 781 δὲ
908 727 1108 781 ἐκεῖνοι
1160 736 1337 798 σιωπῇ
1385 722 1670 797 δεξάμενοι
1718 731 1886 797 λόγον

193 815 286 869 καὶ
323 817 715 886 προσειπόντες
754 813 922 869 οὐδὲν
962 815 1190 886 ἑσπέρας
1229 817 1360 886 ἤδη,
1411 821 1622 886 μᾶλλον
1662 814 1722 870 δὲ
1761 819 1886 886 περὶ

194 903 360 973 μέσας
399 905 600 967 νύκτας
640 905 780 957 ὅπλα
824 904 1082 968 ἐνδύντες
1125 906 1478 975 περιστάντες
1508 906 1570 958 τὸ
1604 907 1886 973 βασίλειον

195 990 371 1060 ἐβόων
419 994 670 1055 διδόντες
716 991 816 1061 τὴν
862 995 1021 1062 μείζω
1060 991 1215 1056 τάξιν
1261 1012 1319 1046 τε
1357 994 1446 1046 καὶ
1492 996 1885 1063 προσηγορίαν.

129 1104 173 1136 10
197 1081 283 1133 98.
339 1081 367 1134 ὁ
410 1077 470 1133 δὲ
509 1081 803 1149 ἠγανάκτει
848 1078 950 1148 μὲν
994 1089 1110 1143 τοῖς
1157 1080 1532 1150 γιγνομένοις,
1584 1083 1784 1151 δρᾶσαι
1825 1079 1886 1134 δὲ

194 1165 265 1237 ἧν
305 1166 474 1222 οὐδὲν
512 1167 703 1239 ἕτερον
741 1170 887 1237 πλὴν
925 1177 1024 1222 τοῦ
1063 1166 1273 1238 μηδένα
1315 1179 1424 1223 τῶν
1464 1170 1630 1223 ἔνδον
1668 1173 1887 1239 μοχλῶν

196 1255 294 1309 ἐᾶν
332 1258 619 1310 ἅπτεσθαι.
697 1260 962 1326 φανείσης
1002 1254 1062 1310 δὲ
1101 1256 1302 1327 ἡμέρας
1342 1257 1756 1321 ἀνασπάσαντες
1793 1260 1887 1321 τὰς

195 1346 376 1415 θύρας
426 1344 516 1399 καὶ
569 1345 698 1415 ξίφη
756 1347 1072 1408 δεικνύντες
1126 1339 1310 1399 εἷλκον
1361 1347 1533 1400 αὐτὸν
1583 1345 1671 1399 ἐπὶ
1721 1346 1886 1399 ταύτὸ

196 1437 365 1503 βῆμα,
413 1432 502 1487 καὶ
550 1434 692 1503 μάχη
745 1435 924 1504 μακρα
974 1438 1253 1521 λογισμῶν
1299 1433 1389 1487 καὶ
1435 1437 1592 1503 βοῆς,
1639 1442 1738 1487 τοῦ
1786 1455 1888 1503 μεν

130 1544 172 1576 15
198 1515 279 1585 οἷς
317 1523 500 1591 ηγεῖτο
540 1523 812 1575 κωλύσειν
852 1521 1172 1591 διεξιόντος,
1220 1532 1332 1576 τῶν
1380 1520 1440 1575 δε
1479 1522 1784 1587 ἀξιούντων
1822 1531 1885 1593 τῇ

195 1619 408 1681 κραυγῇ
462 1619 638 1664 νικᾶν.
726 1611 812 1663 99.
875 1612 1183 1680 φεύγοντος
1238 1609 1299 1664 δε
1360 1613 1461 1680 τὴν
1514 1614 1732 1664 ταινίαν
1787 1613 1887 1679 τὴν

196 1707 407 1768 χρυσῆν
469 1698 560 1751 καὶ
620 1700 1067 1768 καταφεύγοντος
1128 1698 1217 1752 ἐπὶ
1279 1701 1381 1753 τὸν
1431 1699 1661 1770 ἀρχαῖον
1714 1701 1922 1767 νόμον,

197 1786 335 1856 ἀνήρ
390 1807 472 1850 τις
533 1786 699 1855 μέγας
753 1787 844 1840 καὶ
898 1789 1068 1841 τᾶλλα
1121 1785 1401 1855 βέλτιστος
1455 1790 1693 1841 ὄπισθεν
1746 1787 1891 1859 αὐτῷ

195 1876 476 1943 παραστὰς
509 1869 632 1928 οἷον
664 1872 774 1944 εἶχε
798 1877 1063 1946 στρεπτὸν
1095 1877 1220 1946 περὶ
1251 1885 1314 1946 τῇ
1341 1876 1551 1929 ’κείνου
1581 1879 1771 1944 τίθησι
1802 1894 1887 1928 κε-

131 1985 174 2017 20
199 1967 364 2033 φαλῇ,
403 1964 494 2015 καὶ
534 1963 755 2016 ἐδέδοτο
795 1966 861 2017 τὰ
898 1966 1074 2031 μείζω.
1151 1973 1245 2033 τῆς
1284 1966 1480 2017 τοίνυν
1518 1964 1758 2032 ἀνάγκης
1796 1964 1887 2031 ἡτ-

196 2049 386 2118 τηθεὶς
453 2051 542 2103 καὶ
611 2053 894 2104 τοσούτων
963 2052 1203 2105 ὁπλιτῶν
1274 2052 1451 2122 ὁρμὴν
1522 2051 1750 2117 ζέουσαν
1819 2051 1884 2102 οὐ

319 2250 342 2289 7
374 2247 523 2290 Amm.
551 2246 634 2289 XX
659 2251 699 2303 4,
721 2252 774 2290 14
909 2252 961 2290 19
995 2246 1078 2291 Iul.
1104 2242 1181 2290 111.
1210 2262 1253 2302 p.
1274 2246 1422 2289 284D.
1485 2247 1635 2290 Amm.
1662 2245 1746 2289 XX
1770 2251 1810 2300 4,
1831 2250 1885 2290 18

319 2437 339 2473 1
375 2430 499 2481 ἅπας
526 2431 650 2475 inser
674 2430 731 2475 1²
852 2436 877 2473 2
910 2428 1236 2483 πεπονήκεσαν
1261 2432 1307 2474 Β
1335 2433 1341 2487 Ι
1367 2446 1415 2474 τε
1447 2430 1572 2473 inser
1596 2430 1654 2474 1²
1681 2432 1686 2485 Ι
1715 2428 1886 2474 ἱκετεύ-

197 2549 336 2584 οντας
367 2534 532 2590 scripsi
565 2548 621 2577 ex
662 2535 747 2579 ΠΡ
781 2533 862 2590 qui
893 2532 1037 2576 habet
1075 2487 1345 2582 Ξιξλτεύοντας
1417 2533 1687 2582 κελεύοντας
1718 2531 1886 2586 reliqui

197 2591 308 2634 libri
340 2592 431 2635 edd
566 2598 592 2635 4
626 2593 674 2636 ἐν
707 2607 783 2637 om
808 2593 902 2648 (Ba
935 2593 998 2647 et>
1029 2591 1165 2645 Fabr,
1197 2593 1335 2644 recte,
1367 2593 1421 2634 ut
1451 2591 1634 2634 videtur
1776 2595 1800 2632 6
1835 2587 1880 2634 δ’

200 2649 269 2692 Re
436 2655 459 2693 7
493 2651 610 2694 κατὰ
642 2652 710 2695 Re
876 2655 901 2693 9
934 2648 1121 2706 μείζονα
1148 2650 1209 2692 M
1372 2654 1425 2692 10
1458 2647 1505 2692 δ’
1536 2649 1835 2694 CBMoLaU
1877 2650 1885 2704 Ι

203 2714 255 2752 11
291 2708 430 2753 οὐδὲν
462 2705 517 2765 ἦν
549 2711 617 2753 Re
676 2715 680 2764 Ι
739 2710 823 2771 ἐᾷν
855 2707 1034 2766 μόχλων
1067 2708 1388 2823 άψῖιζῗιῖίιλὲθ
1571 2711 1624 2750 14
1657 2706 1779 2765 μάχῃ
1808 2707 1844 2750 O
1876 2707 1879 2764 ξ

198 2828 357 2886 μακρᾷ
392 2826 560 2870 OBMo
712 2831 766 2869 18
797 2825 854 2869 τὰ
886 2825 999 2908 ἄλέλα
1031 2827 1106 2869 La
1194 2825 1335 2869 τᾶλλα
1368 2826 1430 2867 Μ
1515 2823 1659 2880 μάλλα
1691 2823 1832 2923 1ιεὶἓί
1863 2825 1886 2864 λ

200 2870 536 2999 ἓῗὲῗῖἒοὲἓῖῗ
566 2886 719 2987 ἔξω
706 2899 930 3002 ἶΠέἔῗῗνὲ,
955 2882 1213 2987 Βηῗθὲἔ
1237 2883 1806 2986 ηέῗῖἒῗὲοἷῖοθῗᾶΜ
1822 2895 1884 2934 ⁰r'
