2060 3162
824 763 1010 816 xxm
1048 762 1306 835 (XXXIV
1330 763 1418 835 R).

563 882 804 944 ΚΑΤΑ
849 885 1030 945 ΤΩΝ
1074 884 1684 947 ΠΕΦΕΤΓΟΤΩΝ.

186 1044 227 1086 R
249 1043 394 1087 11296
475 1032 519 1083 1.
568 1034 618 1083 T
611 1033 645 1084 ἀ
676 1029 777 1097 μὲν
801 1031 1172 1099 ἀγγελλόμενα
1201 1033 1401 1095 πάντες
1431 1031 1724 1101 ἀκούομεν,
1757 1033 1970 1086 ἅπαντα

277 1116 422 1173 εἶναι
451 1121 622 1187 μεστὰ
651 1129 884 1189 νεκρῶν,
915 1120 1011 1183 τάς
1041 1140 1099 1174 τε
1132 1119 1373 1190 ἀρούρας
1403 1121 1499 1183 τάς
1529 1140 1587 1174 τε
1620 1121 1786 1184 ὁδοὺς
1816 1121 1883 1174 τά
1911 1141 1969 1174 τε

277 1210 376 1278 ὅρη
409 1209 540 1271 τούς
571 1228 629 1262 τε
654 1211 865 1278 λόφους
895 1210 962 1261 τά
992 1229 1050 1262 τε
1075 1211 1313 1278 σπήλαια
1344 1207 1436 1262 καὶ
1466 1210 1562 1272 τὰς
1585 1210 1838 1279 κορυφὰς
1858 1219 1970 1263 τῶν

231 1319 250 1351 5
276 1297 424 1366 ὀρῶν
446 1297 538 1350 καὶ
560 1298 628 1350 τὰ
651 1298 788 1366 ἄλση
814 1296 903 1350 καὶ
929 1299 1025 1360 τὰς
1049 1298 1355 1368 φάραγγας,
1386 1307 1498 1351 τῶν
1521 1317 1579 1351 τε
1602 1307 1816 1368 νεκρῶν
1841 1299 1972 1361 τοὺς

276 1386 377 1455 μὲν
403 1384 591 1439 ἑστιᾶν
618 1387 855 1455 ὄρνιθας
886 1384 977 1438 καὶ
1002 1387 1193 1456 θηρία,
1223 1388 1355 1448 τοὺς
1380 1382 1442 1438 δὲ
1465 1386 1573 1439 ὑπὸ
1597 1394 1698 1439 τοῦ
1721 1394 1970 1456 ποταμοῦ

277 1475 414 1545 πρὸς
445 1475 729 1528 θάλατταν
754 1474 1041 1544 φέρεσθαι.
1120 1475 1169 1527 2.
1200 1475 1339 1543 πρὸς
1361 1477 1558 1527 τοίνυν
1589 1476 1685 1538 τὰς
1715 1475 1971 1544 ἀγγελίας

276 1549 407 1616 ποτὲ
456 1564 559 1632 μὲν
604 1565 932 1632 πλήττομαι,
982 1560 1114 1616 ποτὲ
1154 1560 1215 1615 δὲ
1264 1571 1380 1626 τοῖς
1425 1568 1711 1617 παθοῦσιν
1760 1563 1970 1632 ἐγκαλῶ

277 1654 370 1705 καί
415 1673 555 1721 φημι
611 1654 796 1705 δίκαια
848 1651 1191 1706 πεπονθέναι
1241 1655 1373 1714 τοὺς
1426 1659 1522 1720 τῆς
1571 1660 1752 1722 φυγῆς
1800 1660 1972 1706 ταῦτα

212 1764 254 1795 ιο
278 1740 711 1804 ἀπολαύσαντας.
790 1741 888 1804 οὓς
926 1742 1061 1809 φαίη
1100 1760 1183 1803 τις
1221 1740 1292 1794 ἂν
1324 1741 1528 1803 αὐτοὺς
1558 1739 1972 1795 ἐπισπάσασθαι

277 1830 493 1882 ’τὰτῶν
531 1830 859 1898 κακούργων
898 1828 1042 1898 ξίφη.
1121 1829 1154 1882 ἃ
1194 1831 1298 1899 γὰρ
1340 1829 1442 1882 οὐκ
1481 1828 1552 1882 ἀν
1589 1828 1972 1883 ἐπεπόνθεσαν

279 1924 423 1971 οἴκοι
461 1917 738 1987 μένοντες,
777 1919 997 1981 τούτοις
1027 1917 1355 1987 περιέπεσον
1386 1919 1734 1987 πλανώμενοι
1764 1921 1972 1988 θοίνην

279 2003 380 2078 μὲν
425 2007 629 2069 αὑτοὺς
674 2006 978 2076 προθέντες
1023 2015 1140 2069 τοῖς
1184 2007 1352 2059 πάλαι
1402 2006 1758 2076 ληστεύουσι,
1811 2009 1970 2076 ποιή-

397 2175 530 2219 A=
556 2174 849 2218 Monacensis
882 2188 950 2230 gr.
977 2179 1063 2218 483
1096 2174 1209 2218 olim
1240 2175 1541 2231 Augustanus

401 2233 439 2278 O
475 2256 529 2270 =
555 2232 801 2278 Chisianus

400 2293 527 2336 Ρ-
475 2315 528 2319 -
554 2292 798 2335 Palatinus
829 2306 895 2349 gr.
924 2296 1008 2336 282

399 2353 431 2395 Ι
473 2374 527 2388 =
553 2351 819 2395 Marcianus
852 2351 1051 2407 append.
1078 2349 1176 2394 XCI
1194 2355 1219 2393 2

401 2412 525 2455 M:
552 2410 818 2454 Marcianus
850 2424 917 2466 gr.
943 2413 1028 2453 437

408 2470 523 2514 V-—-
549 2469 926 2513 Vindobonensis
956 2468 1071 2525 phil.
1099 2483 1165 2525 gr.
1191 2467 1334 2511 XCHI

402 2630 423 2667 1
465 2626 519 2672 λξ
551 2627 659 2668 ante
690 2641 810 2668 κατα
840 2626 899 2679 4,
939 2630 1020 2667 τοῦ
1053 2624 1196 2667 αὐτοῦ
1224 2624 1267 2667 V
1351 2623 1470 2667 κατὰ
1507 2630 1600 2667 τῶν
1638 2623 1687 2680 ἐγ
1690 2620 1969 2667 καταλιπόν-

281 2700 372 2727 των
414 2683 499 2739 τὴν
542 2682 677 2728 πόλιν
721 2682 989 2740 ἀντιόχειαν
1028 2682 1108 2726 διὰ
1148 2680 1298 2740 φόβον
1337 2689 1420 2726 τοῦ
1460 2640 1687 2740 βασιλέως
1712 2683 1774 2726 Μ
1797 2680 1910 2724 rubr

282 2755 351 2804 λς’
373 2758 482 2812 post
503 2756 803 2814 πεφευγότων
828 2758 875 2812 C
907 2756 1042 2813 λόγος
1066 2757 1271 2807 εἰκοστὸς
1303 2755 1498 2814 ἕβδομος
1521 2756 1564 2798 V
1588 2755 1702 2799 rubr
1818 2759 1846 2797 4
1878 2756 1969 2799 τῶν

283 2816 328 2859 Α
382 2829 458 2859 om
481 2817 524 2859 V
638 2821 663 2859 5
698 2816 819 2872 ὁρῶν
840 2817 878 2860 0
900 2817 905 2873 Ι
933 2823 1023 2859 τῶν
1046 2831 1095 2859 τε
1120 2815 1316 2874 νεκρῶν]
1341 2815 1422 2859 καὶ
1447 2815 1508 2857 Μ
1625 2818 1650 2857 9
1682 2813 1852 2869 ταύτης
1872 2814 1917 2857 V

287 2879 340 2916 10
370 2873 440 2926 τίς
465 2876 497 2917 Ι
525 2877 530 2932 Ι
557 2882 704 2918 ταῦτα
732 2876 792 2918 Μ
910 2879 964 2918 13
997 2875 1168 2924 αὐτους
1193 2874 1320 2919 OIM
1355 2876 1359 2910 Ι
1387 2889 1477 2927 προ
1508 2871 1673 2923 θέντες
1702 2872 1783 2915 litt
1805 2886 1832 2915 σ
1859 2873 1970 2928 post

285 2950 308 2976 ο
341 2946 442 2977 eras
467 2935 511 2978 A
540 2935 545 2991 1
573 2934 838 2989 ληστεύουσι
871 2937 917 2977 et
948 2932 1114 2989 ληστὰς
1144 2935 1175 2976 Ι
