2060 3162
272 159 382 211 544
784 140 1017 202 LIBANII
1049 158 1272 203 ORATIO
1305 159 1432 203 xxv

271 314 390 364 μεν,
431 295 489 347 οἶ
525 291 585 347 δὲ
626 294 974 347 ἀπολλύουσί
1016 315 1073 347 τε
1112 295 1251 364 ἡμᾶς
1297 297 1412 362 καί,
1463 295 1522 348 τὸ
1570 296 1795 348 πάντων
1841 291 1964 349 ἀτο-

270 384 539 451 πώτατον,
578 383 688 435 ὑπὸ
729 392 840 435 τῶν
879 382 1275 451 ἀπολλυμένων
1313 383 1644 451 ἀγαπῶνται.

389 471 471 524 15.
514 475 751 541 Πρῶτον
782 468 884 541 μὲν
916 473 1146 542 ἄμετρος
1183 471 1454 541 ἐπιθυμία
1490 473 1615 543 περὶ
1656 472 1870 542 ἐδωδήν
1907 491 1965 526 τε

183 573 360 616 RII67
406 558 410 632 Ι
462 562 552 614 καὶ
598 561 777 614 πόσιν.
855 562 887 630 ἢ
935 561 1001 614 οὐ
1059 563 1315 614 δεσπόται
1366 569 1560 630 ταῦτα,
1617 562 1750 615 ὅταν
1798 561 1964 630 ἀφέλ-

229 672 248 703 5

207 1106 249 1147 '10

209 1548 250 1592 1⁵

209 2003 252 2035 20

272 669 440 702 κοντα
493 647 674 718 ἔργων
728 650 1051 703 σπουδαίων
1104 670 1162 703 τε
1211 651 1301 703 καὶ
1355 660 1606 720 χρηστῶν
1658 651 1750 704 καὶ
1801 648 1965 720 ἀνδρὶ

271 740 670 807 προσηκόντων
716 737 805 791 ἐπὶ
851 739 1113 807 τραπέζας
1164 740 1268 810 ἄγῃ
1322 743 1640 802 πολυτελεῖς
1687 739 1966 809 Περσικάς
2043 803 2050 811 ·

272 847 427 890 τινας
459 828 491 895 ἢ
522 828 914 896 Συβαριτικάς,
955 830 1140 881 ἔπειτα
1170 829 1356 899 πόρρω
1389 837 1501 881 τῶν
1532 838 1750 881 νυκτῶν
1781 828 1964 898 ὥσπερ

275 915 335 968 ἐν
372 915 563 978 πέδαις
600 915 797 986 κατέχῃ
836 917 1155 986 βαρύνοντα
1200 914 1302 986 μὲν
1341 916 1600 985 γαστέρα,
1649 918 1966 986 βαρύνοντα

274 1001 334 1057 δὲ
366 1007 630 1074 κεφαλήν,
671 1005 851 1075 ὥσπερ
884 1007 936 1058 οἱ
969 1003 1126 1059 κακοὶ
1162 1016 1274 1059 τῶν
1304 1005 1589 1075 ὀνηλατῶν
1619 1008 1750 1068 τοὺς
1781 1007 1964 1074 ὄνους,

272 1096 612 1146 τελευτῶντα
651 1094 712 1147 δὲ
758 1096 1181 1164 κακοσχημόνως
1227 1096 1416 1148 οἴκαδε
1462 1094 1753 1170 ἀποπέμπῃ
1791 1099 1966 1164 σφαλ-

275 1181 543 1251 λομένους
582 1202 639 1234 τε
678 1184 768 1236 καὶ
809 1183 1112 1253 ἀκράτορας
1148 1194 1259 1237 τῶν
1290 1186 1503 1253 ποδῶν,
1544 1179 1699 1237 οὗτοι
1733 1185 1801 1252 δὴ
1832 1185 1966 1253 μετὰ

273 1272 445 1324 νύκτα
485 1291 543 1324 τε
581 1272 670 1324 καὶ
717 1271 900 1326 ὕπνον
946 1274 1116 1326 πάλιν
1155 1269 1224 1326 αὖ
1267 1275 1518 1342 ἔρχονται
1570 1274 1635 1326 τὰ
1675 1273 1813 1326 αὐτὰ
1850 1291 1966 1326 πει-

273 1362 498 1429 σόμενοι
546 1360 635 1413 καὶ
675 1371 882 1430 περῶσι
923 1363 1014 1414 διὰ
1052 1361 1226 1431 μέθης
1271 1364 1369 1416 τὸν
1407 1365 1534 1429 βίον
1581 1364 1782 1415 δοῦλοί
1821 1381 1966 1424 τινες

274 1450 429 1511 ὄντες
467 1452 758 1518 κρατήρων
795 1470 853 1503 τε
893 1451 982 1503 καὶ
1022 1453 1212 1504 πίθων
1250 1449 1340 1503 καὶ
1380 1450 1726 1517 ἐκπωμάτων.

391 1538 473 1590 16.
500 1535 722 1608 ’Έτερος
759 1541 955 1591 τοίνυν
987 1540 1253 1608 δεσπότης
1291 1539 1474 1607 θυμὸς
1514 1539 1580 1592 οὐ
1613 1545 1689 1610 τῷ
1729 1543 1970 1611 λογισμῷ

273 1626 525 1696 καθάπερ
573 1625 867 1697 ἐπίκουρος
914 1628 1220 1697 ὑπηρετῶν,
1268 1622 1302 1699 ᾖ
1342 1629 1559 1681 δίκαιόν
1605 1647 1662 1680 τε
1701 1628 1787 1680 καὶ
1831 1641 1966 1696 συμ-

274 1714 467 1784 φέρον,
524 1713 638 1768 ἀλλ’
670 1714 768 1784 ὑφ’
801 1715 949 1787 αὑτῷ
996 1716 1094 1768 τὸν
1145 1715 1412 1783 λογισμὸν
1461 1714 1826 1783 πεποιημένος
1875 1715 1965 1767 καὶ

273 1794 375 1872 τὴν
404 1804 588 1873 ἀρχὴν
626 1805 727 1873 τὴν
767 1802 982 1857 ἐκείνου
1022 1804 1275 1873 θρασέως
1315 1804 1575 1874 ἀρπάσας.
1654 1799 1816 1866 οὗτος
1853 1806 1966 1856 τοί-

274 1913 382 1945 νυν
422 1892 641 1946 ἐλαύνει
680 1894 950 1962 κατάκρας
988 1894 1087 1946 τὸν
1126 1892 1389 1962 ἐχόμενον
1427 1892 1518 1945 καὶ
1550 1893 1800 1963 ταράττει
1832 1895 1966 1961 μᾶλ-

277 1985 377 2033 λον
423 1982 455 2050 ἢ
494 1982 562 2033 τὰ
598 1983 881 2049 πνεύματα
918 1983 1021 2050 τὴν
1059 1983 1358 2049 θάλατταν,
1406 1982 1569 2035 ὁποῖα
1609 1981 1857 2050 ἐπολέμει
1896 1987 1971 2053 τῷ

276 2077 378 2121 τοῦ
418 2068 682 2138 Λαέρτου.
762 2074 837 2134 ζεῖ
883 2073 1079 2123 τοίνυν
1116 2078 1396 2140 πανταχοῦ
1449 2090 1505 2122 τε
1544 2069 1635 2123 καὶ
1674 2069 1762 2123 ἐπὶ
1802 2068 1965 2122 παντὶ

397 2241 421 2279 6
455 2236 597 2281 Thuc.
623 2237 643 2279 I
670 2241 767 2292 130,
786 2242 810 2280 2
934 2242 958 2280 7
991 2238 1111 2281 Plat.
1136 2238 1259 2282 Prot.
1286 2253 1331 2294 p.
1350 2242 1435 2281 310
1454 2237 1499 2281 C.
1549 2237 1689 2281 Conv⁹
1709 2253 1753 2293 p.
1781 2242 1865 2281 217
1886 2237 1923 2280 D

399 2399 420 2436 1
448 2394 759 2438 ἀπολλύουσιν
775 2392 897 2448 ἡμᾶς
914 2394 959 2437 Β
1082 2397 1106 2436 3
1138 2409 1186 2436 τε
1204 2394 1249 2436 Ρ
1270 2393 1350 2437 sed
1376 2409 1395 2437 ε
1420 2393 1469 2436 in
1483 2407 1560 2437 ras
1577 2393 1646 2436 m‘2
1759 2397 1783 2436 7
1810 2391 1965 2448 πρόσω

279 2453 383 2496 coni
417 2452 620 2497 Sintenis
654 2455 704 2496 at
735 2452 791 2496 cf.
816 2452 936 2495 Plat.
962 2451 1039 2495 1.1.
1194 2457 1249 2495 10
1280 2455 1497 2497 τελευτῶν
1533 2454 1575 2496 V
1714 2457 1767 2495 13
1799 2459 1968 2506 περᾶσι

280 2514 364 2556 Mo
387 2512 490 2586 {lior
627 2517 681 2556 15
703 2509 894 2567 Ἕτερος
926 2537 981 2543 -
1015 2516 1068 2554 21
1102 2515 1165 2570 τῷ
1195 2510 1404 2567 Λαέρτου
1437 2512 1554 2555 cibat
1577 2511 1695 2555 Plan
1722 2511 1802 2555 fol.
1824 2515 1907 2555 104

282 2619 335 2659 16
363 2586 469 2671 ξῆιΒ
607 2620 658 2659 17
693 2601 760 2671 ‘bg
793 2615 916 2658 ἀὺτῶ
942 2615 987 2659 Β
1049 2612 1131 2658 ὑπ’
1160 2615 1284 2675 αὐτῷ
1311 2618 1395 2660 Mo
1419 2615 1521 2659 Mor
1651 2619 1704 2658 18
1737 2613 1965 2670 ἁρπάσας,

280 2670 415 2726 οὗτος
445 2674 514 2718 Re
638 2679 690 2718 19
722 2673 937 2730 ταράττει
962 2699 1016 2705 -
1044 2678 1096 2716 21
1131 2673 1337 2729 Λαέρτου
1362 2687 1518 2718 versus
1545 2674 1758 2732 agnoscit
1789 2686 1967 2716 comoe-

281 2733 386 2777 diae
418 2733 604 2777 Atticae
635 2733 840 2777 Kockius
874 2732 997 2777 Com.
1023 2732 1119 2776 Att.
1151 2732 1206 2776 fr.
1231 2733 1297 2776 III
1322 2737 1405 2777 668
1438 2749 1481 2777 n.
1511 2738 1621 2777 1511
1664 2732 1766 2776 coll.
1794 2731 1965 2776 Cratin.

279 2791 335 2835 fr.
364 2797 445 2836 136
495 2806 587 2847 qua
635 2793 692 2836 de
738 2806 788 2836 re
836 2793 892 2836 cf.
926 2790 1003 2836 t.1
1047 2792 1278 2835 Addenda
1309 2808 1353 2848 p.
1379 2792 1420 2834 X
1511 2791 1787 2847 καταράττει
1820 2793 1883 2835 Μ

281 2856 336 2894 20
372 2886 408 2894 ..
437 2850 563 2895 ὁποῖ’
593 2851 802 2907 ἐπολέμει
834 2851 967 2894 παιδὶ
1001 2850 1208 2906 Λαέρτου
1240 2851 1371 2895 Kock
1509 2856 1562 2894 21
1596 2867 1643 2895 τε
1676 2850 1840 2906 scripsi
1872 2863 1896 2893 e
1930 2849 1975 2893 V

291 2947 293 2949 ,
338 2926 407 2961 τις
436 2910 606 2965 reliqui
638 2911 747 2953 libri
773 2911 876 2963 edd,
910 2911 1034 2965 quod
1067 2916 1178 2965 „aut
1209 2911 1445 2955 delendum
1477 2916 1559 2955 aut
1590 2910 1850 2954 addendum
1881 2909 1966 2953 ali-

280 2970 392 3025 quid
423 2985 456 3013 e.
482 2983 517 3012 c.
552 2968 758 3025 σφοδρός
787 2973 883 3021 τις“
916 2969 983 3012 Re
