2060 3162
198 539 219 568 4

244 115 352 167 316
764 115 991 158 LIBANH
1022 114 1245 159 ORATIO
1277 114 1424 158 XVIII

242 252 433 317 βόντες
482 251 852 318 διαφθείρωσι
899 251 965 302 τὰ
1009 251 1298 319 πράγματα
1343 251 1404 302 τὸ
1459 256 1558 303 τοῦ
1610 249 1934 312 Φαέθοντος

243 341 531 400 παθόντες.
609 338 751 391 οὕτω
792 340 893 407 τὴν
933 338 1195 392 ἀπαιδίαν
1233 340 1334 408 τὴν
1373 338 1544 391 αὑτοῦ
1588 345 1682 406 τῆς
1722 339 1798 400 εἰς
1835 340 1934 400 τὰς

243 430 431 489 πόλεις
469 427 642 495 λύμης
681 430 1028 498 κουφότερον
1067 430 1297 498 ἔκρινεν.

358 515 477 567 182.
517 516 599 567 Οὐ
623 518 819 569 τοίνυν
844 516 975 569 οὐδὲ
999 518 1097 570 τὸν
1119 515 1244 587 περὶ
1268 517 1364 579 τὰς
1387 518 1541 579 δίκας
1564 517 1740 569 πόνον
1763 515 1835 578 ὡς
1859 514 1937 569 ἂν

154 617 195 659 R
219 621 302 660 583
337 606 414 666 εἰς
443 603 446 674 Ι
474 611 713 657 τοσαῦτα
737 604 872 674 μέρη
893 607 994 674 τὴν
1017 606 1201 674 ψυχὴν
1219 604 1493 672 διανέμων
1516 603 1769 674 ἔφευγεν,
1793 603 1932 657 ἀλλὰ

180 1071 221 1101 10

182 1513 221 1545 15

183 1956 226 1988 20

242 694 333 746 καὶ
372 701 487 755 τοῖς
523 693 742 746 δικάσαι
783 694 1117 757 δεινοτάτοις
1163 695 1252 747 καὶ
1290 694 1515 747 πάντων
1561 693 1938 761 ἀδωροτάτοις

243 782 514 852 ὑπάρχοις
545 784 685 851 ἔχων
715 781 940 851 ἀφεῖναι
965 784 1062 836 τὸν
1085 783 1210 854 περὶ
1234 791 1403 836 ταῦτα
1427 785 1643 852 μόχθον
1666 782 1810 849 ὅμως
1834 781 1933 835 ἕνα

243 870 334 923 καὶ
366 871 538 923 αὑτὸν
568 880 681 923 τῶν
713 871 1043 936 δικαζόντων
1076 871 1322 941 ἀπέφηνε
1353 873 1444 925 καὶ
1467 872 1604 941 πρὸς
1630 872 1727 923 τὸν
1751 866 1933 924 ἆθλον

245 959 444 1028 ἀπέδυ,
475 961 619 1028 πλὴν
651 965 812 1022 εἴτις
843 959 1266 1029 ἐπιλαμβάνοιτο
1298 968 1398 1013 τοῦ
1432 961 1669 1029 ῥήματος
1702 960 1939 1029 φάσκων·

246 1047 348 1100 οὐκ
363 1043 560 1117 ἆθλον,
586 1048 723 1101 ἀλλὰ
740 1049 828 1101 καὶ
847 1049 1135 1119 ῥᾳστώνην
1156 1049 1295 1121 αὐτᾷ
1319 1048 1410 1101 καὶ
1427 1050 1654 1101 παιδιὰν
1669 1047 1931 1116 γενέσθαι

245 1138 341 1199 τὰς
381 1138 549 1199 δίκας.
634 1137 751 1189 183.
808 1137 982 1200 οὕτως
1028 1137 1360 1208 ἀπεκρούετο
1407 1137 1510 1206 μὲν
1547 1137 1783 1207 εὐχερῶς
1820 1146 1940 1190 τῶν

247 1227 572 1295 συνηγόρων
610 1227 705 1288 τὰς
744 1226 967 1295 ἀπάτας,
1006 1227 1067 1279 τὸ
1108 1227 1169 1279 δὲ
1209 1225 1269 1279 ἐν
1302 1225 1507 1298 ἑκάστῳ
1541 1227 1758 1278 δίκαιον
1796 1225 1929 1294 ἀμυ-

246 1315 400 1384 θήτῳ
446 1314 595 1383 τάχει
649 1322 743 1383 τῆς
797 1316 1016 1383 γνώμης
1069 1313 1188 1386 ᾔρει
1242 1318 1429 1382 λόγοις
1475 1316 1676 1382 λόγους
1724 1315 1941 1382 κρίνων’

248 1401 478 1471 ἀληθέσι
516 1404 742 1466 ψευδεῖς
779 1401 871 1456 καὶ
910 1405 1101 1470 νόμοις
1138 1412 1310 1456 νικῶν
1349 1404 1672 1471 σοφίσματα.
1741 1403 1830 1455 καὶ
1864 1402 1933 1454 ού

247 1500 361 1553 τοῖς
413 1488 514 1557 μὲν
557 1495 898 1545 πλουτοῦσιν
951 1493 1279 1560 ἠναντιοῦτο
1326 1490 1415 1544 καὶ
1464 1493 1646 1544 δίκαια
1692 1490 1940 1559 λέγουσι,

246 1581 381 1646 μετὰ
419 1580 482 1633 δὲ
518 1589 630 1632 τῶν
675 1580 992 1649 πενομένων
1031 1581 1121 1633 καὶ
1168 1580 1690 1653 ἀναισχυντούντων
1727 1576 1813 1648 ἦν,
1861 1580 1934 1642 ὡς

248 1669 317 1720 ἄν
355 1687 438 1730 τις
476 1677 589 1731 τοῖς
627 1666 730 1737 μὲν
770 1675 1130 1739 φθονῶντῆς
1161 1670 1343 1738 τύχης,
1382 1669 1518 1739 πρὸς
1551 1666 1610 1721 δὲ
1641 1670 1770 1731 τοὺς
1800 1667 1932 1740 ἐλέῳ

248 1757 443 1827 καιρὸν
474 1757 576 1810 οὐκ
608 1754 789 1826 ἔχοντι
821 1759 1116 1828 χρώμενος,
1157 1756 1276 1811 ἀλλ’
1307 1757 1540 1826 ἀφιστὰς
1578 1758 1676 1825 τὴν
1707 1757 1935 1825 γνώμην

249 1854 360 1896 τῶν
399 1844 818 1913 ἀγωνιζομένων
855 1854 920 1916 τῇ
962 1847 1127 1915 φύσει
1166 1856 1277 1899 τῶν
1315 1847 1647 1916 πραγμάτων
1691 1852 1934 1915 προσῆγε

250 1934 351 2001 τὴν
389 1936 590 2003 κρίσιν,
631 1933 756 1987 ὥστ’
789 1934 1009 2003 ἀπῆλθέ
1041 1953 1172 1988 ποτε
1211 1934 1301 1987 καὶ
1339 1935 1603 1996 πλούσιος
1638 1934 1936 2001 νενικηκὼς

250 2019 339 2073 καὶ
378 2020 546 2090 πένης
584 2022 894 2091 ἡττημένος.
975 2023 1094 2075 184.
1142 2022 1231 2075 καὶ
1273 2017 1381 2092 εἶχε
1419 2021 1536 2091 μέν,
1585 2027 1734 2090 εἴπερ
1775 2020 1932 2088 ἐβού-

251 2114 397 2176 λετο,
451 2112 812 2178 παραβαίνειν
858 2113 988 2173 τοὺς
1034 2113 1238 2179 νόμους
1291 2112 1380 2163 καὶ
1430 2111 1531 2162 οὐκ
1585 2112 1806 2178 ἔμελλεν
1858 2110 1937 2170 εἰς

372 2291 394 2329 1
420 2285 538 2328 Plat.
551 2284 666 2328 Tim.
686 2300 730 2340 p.
747 2283 846 2328 220
967 2291 993 2327 4
1018 2286 1166 2328 Amm.
1179 2284 1304 2327 XXII
1322 2288 1363 2339 9,
1379 2289 1403 2327 9
1527 2289 1551 2326 6
1585 2283 1727 2327 Thuc.
1752 2283 1792 2326 II
1819 2288 1888 2337 65,
1907 2287 1934 2326 5

371 2453 395 2490 2
433 2445 664 2491 ἀπαιδίαν
695 2448 742 2490 P
781 2447 862 2490 sed
895 2463 911 2489 ι
951 2446 1148 2490 αΙὺθῐυΠ]
1180 2447 1228 2489 in
1260 2459 1337 2490 ras
1369 2446 1438 2489 m²
1531 2443 1783 2490 ἀπαιδείαν
1815 2445 1890 2488 La
1926 2445 1931 2502 Ι

252 2507 395 2550 αὑτοῦ
435 2508 511 2550 ΙΡ
554 2506 636 2550 sed
675 2506 723 2548 in
769 2507 967 2560 utroque
1014 2506 1121 2561 spir.
1156 2519 1252 2561 asp.
1295 2520 1319 2549 e
1357 2505 1452 2548 leni
1493 2519 1594 2549 corr
1631 2504 1701 2547 m³
1790 2504 1935 2546 αυτοῦ

254 2566 483 2608 MoLaM
511 2566 575 2621 (et
599 2566 692 2622 Ba)
816 2569 841 2607 3
873 2563 1164 2619 κουφοτέραν
1206 2566 1298 2610 VU
1323 2566 1388 2620 (et
1419 2566 1513 2622 Ba)
1546 2563 1636 2607 edd
1664 2567 1669 2619 1
1699 2563 1874 2616 ἔκρινεν
1907 2563 1934 2605 Ι

254 2624 333 2666 sed
366 2639 416 2668 εν
447 2624 495 2666 in
526 2638 602 2667 ras
633 2624 702 2667 m³
764 2623 913 2678 ἔκρινε
939 2623 1130 2666 VWolf
1150 2624 1218 2666 Re
1339 2628 1364 2667 8
1398 2623 1541 2667 αὑτὸν
1574 2635 1628 2665 ex
1660 2621 1802 2664 αὐτὸν
1834 2634 1935 2664 corr

253 2682 386 2726 12P⁸
447 2683 590 2726 αὐτὸν
616 2682 775 2726 BMU
892 2687 942 2724 11
979 2683 1171 2739 εὐχερῶς
1194 2683 1318 2726 inser
1341 2682 1399 2726 1²
1460 2697 1533 2725 om
1560 2681 1622 2723 M
1678 2681 1872 2750 ἰσχυρῶς
1895 2679 1938 2722 V

315 2746 373 2783 12
402 2738 447 2785 δ’
478 2741 729 2787 CLaURe
850 2745 903 2783 12
937 2740 1161 2800 ἀμυθήτῳ
1193 2768 1251 2773 -
1286 2746 1338 2784 13
1365 2739 1482 2800 ῄρει]
1513 2746 1594 2796 τῆς
1623 2739 1805 2796 γνώμης
1835 2754 1934 2821 ῃρει

253 2799 494 2873 ἀμυθήτῳ
508 2800 635 2857 τάχει
666 2799 800 2843 Wolf
818 2799 939 2842 Fabr
1073 2804 1127 2842 14
1159 2799 1319 2857 νόμοις
1350 2788 1396 2843 P
1423 2798 1504 2842 sed
1535 2815 1605 2847 οις
1635 2798 1685 2839 in
1707 2810 1853 2840 rasm

257 2863 310 2901 19
341 2859 417 2916 τῇ]
449 2859 533 2914 τὴν
560 2860 643 2903 Mo
775 2863 829 2901 21
862 2857 1110 2914 ἡττημένος
1141 2872 1196 2902 ex
1226 2859 1483 2915 ἡττώμενος
1513 2870 1613 2900 corr
1640 2856 1698 2899 M
1708 2856 1725 2879 ²
1760 2858 1765 2911 Ι
1801 2855 1931 2913 ἐβού-

254 2920 352 2961 λετο
386 2918 431 2960 Ρ
459 2918 538 2960 sed
573 2935 592 2961 ε
624 2918 752 2973 prius
784 2918 831 2960 in
856 2931 932 2960 ras
955 2917 1024 2959 111³
1086 2917 1303 2975 ἠβούλετο
1337 2918 1380 2961 U
