2072 3162
293 117 365 170 64
824 118 1053 162 LIBANII
1083 116 1306 163 ORATIO
1338 118 1446 163 XIII

292 254 382 307 καὶ
439 255 647 324 δρόμου
710 262 953 322 φανῆναι
1013 255 1358 321 βουλόμενοι.
1436 256 1632 308 δοῦναι
1695 253 1756 309 δὲ
1817 258 1980 327 χάριν

285 340 490 413 Ἑρμοῦ
530 362 587 394 τε
627 343 716 395 καὶ
757 346 1009 396 Μουσῶν
1058 341 1149 395 καὶ
1188 351 1282 412 τῆς
1321 351 1419 412 σῆς
1456 348 1710 413 κεφαλῆς.
1788 346 1835 398 εἰ
1872 346 1978 416 γὰρ

292 433 395 500 τὴν
428 431 532 484 ἀπὸ
566 438 665 484 τοῦ
698 432 968 498 νεύματος
998 436 1123 484 θεῖο
1155 439 1365 501 ψῆφον,
1405 433 1616 486 ἅπαντα
1647 432 1753 497 ἕξει
1787 437 1977 498 καλῶς.

291 521 340 573 3.
380 519 662 590 ἐπέρχεται
702 518 751 572 δ’
783 519 903 589 ἐμοὶ
940 522 1090 592 μόνῳ
1129 525 1366 591 θαρρεῖν
1405 520 1458 584 ἐξ
1492 521 1750 575 ἁπάντων
1785 522 1978 576 ὁπόσοι

248 631 267 663 5
291 629 344 662 τι
393 616 650 662 τοιοῦτον
704 607 1029 678 ἐτόλμησαν,
1085 610 1151 662 οὔ
1189 629 1242 662 τι
1291 611 1427 662 κατὰ
1478 611 1579 679 τὴν
1629 611 1818 681 ῥώμην
1866 621 1978 665 τῶν

201 711 243 754 R
264 714 350 754 406
383 700 566 766 λόγων
598 696 718 751 οὐδ’
750 699 823 761 ὡς
857 696 863 769 Ι
897 701 1108 765 μᾶλλον
1149 696 1336 765 ἑτέρου
1370 701 1595 766 λαβόντι
1634 701 1735 769 τὴν
1764 699 1978 770 τέχνην,

292 785 408 840 ἀλλ’
447 788 531 841 ὅτι
571 787 637 840 τά
667 796 779 840 τῶν
810 785 1101 857 ἐρωμένων
1133 786 1297 840 ὁποῖά
1327 786 1447 840 ποτ’
1478 786 1547 840 ἂν
1584 782 1636 858 ᾗ,
1675 790 1813 842 καλὰ
1851 792 1979 858 φαί-

290 895 442 928 νεται
495 884 612 938 τοῖς
666 874 831 942 ε’ρῶσι
888 874 979 928 καὶ
1025 876 1087 928 τὸ
1137 876 1450 945 δοκιμάζειν
1495 875 1725 945 ἀφέντες
1764 878 1837 940 ὡς
1889 877 1978 931 ἐπὶ

289 970 636 1032 θαυμαστοῖς
658 966 847 1032 βοῶσι.
886 965 937 1017 4.
969 967 1039 1017 σὺ
1073 962 1120 1017 δ’
1154 965 1284 1034 ἡμῖν
1311 965 1478 1018 πάλαι
1502 966 1709 1019 σαυτὸν
1733 965 1978 1020 ἐνταῦθα

225 1076 267 1109 10
292 1052 638 1123 κατέστησας,
678 1047 720 1126 ᾧ
754 1073 816 1121 γε
854 1052 946 1106 καὶ
986 1054 1253 1122 σοφιστὴς
1284 1055 1422 1117 ἅπας
1454 1052 1543 1107 ἐπὶ
1575 1056 1758 1123 λόγοις
1790 1056 1978 1108 εἰσιὼν

220 1522 261 1555 15

288 1141 511 1212 παρέχει
551 1144 748 1211 φόβον,
786 1144 861 1210 μή
899 1162 952 1195 τι
991 1141 1212 1210 βέλτιον
1250 1141 1383 1210 ἐμοῦ
1422 1143 1555 1213 τύχῃ
1598 1142 1978 1213 φθεγξάμενος

288 1229 379 1284 καὶ
418 1232 519 1300 τὴν
561 1230 728 1295 δόξαν
765 1231 837 1299 ἣν
876 1227 1014 1301 εἶχες
1052 1235 1387 1301 μεταστήσας
1426 1231 1655 1302 ἀπέλθῃ.

400 1319 449 1372 5.
478 1313 597 1390 Ἆρ’
628 1315 732 1373 οὗν
770 1340 864 1387 μοι
902 1320 1098 1390 καιρὸν
1137 1323 1246 1389 ἔχει
1284 1321 1420 1373 κατὰ
1457 1320 1556 1374 τὸν
1593 1319 1836 1389 Λέσβιον
1865 1320 1977 1374 Ἀλ-

288 1417 448 1462 καῖον
503 1411 845 1478 ποιήσασθαι
894 1410 996 1477 τὴν
1050 1408 1248 1479 ἀρχήν;
1309 1404 1508 1476 ἦλθες
1562 1408 1628 1462 ἐκ
1681 1411 1975 1480 περάτων

287 1506 426 1567 γᾶς,
486 1498 587 1550 οὐκ
641 1496 1034 1568 ἐλεφαντίνη
1089 1496 1461 1570 χρυσοδέτῳ
1509 1501 1977 1566 καλλωπιζόμενος

287 1589 474 1655 λαβῇ,
515 1587 768 1656 καθάπερ
810 1585 1019 1649 ἐκεῖνος
1058 1585 1329 1655 ἐποίησεν,
1376 1585 1488 1639 ἀλλ’
1524 1586 1760 1656 ἀτεχνῶς
1798 1597 1974 1658 χρυσῇ

286 1681 434 1745 ψυχῇ
475 1676 841 1728 κατευθύνων
878 1676 979 1744 τὴν
1019 1675 1367 1744 οἰκουμένην,
1406 1676 1614 1744 μεγάλα
1651 1673 1753 1745 μὲν
1785 1675 1843 1729 ἐκ
1874 1684 1973 1730 τοῦ

285 1762 482 1832 γένους
529 1765 669 1833 ἔχων
707 1765 773 1816 τὰ
817 1764 1251 1834 παραδείγματα,
1297 1765 1464 1835 μικρὰ
1510 1761 1572 1817 δὲ
1609 1773 1725 1827 τοῖς
1765 1772 1973 1818 σαυτοῦ

405 1943 429 1982 3
462 1939 625 1983 Aesch..
653 1938 812 1995 Suppl.
840 1943 924 1982 358
1049 1944 1074 1982 6
1106 1938 1188 1995 Ep.
1218 1942 1303 1982 648
1427 1943 1480 1982 13
1512 1939 1611 1983 Alc.
1637 1940 1690 1983 fr.
1718 1944 1774 1983 33
1796 1939 1832 1982 B

407 2092 461 2130 14
493 2105 547 2145 γρ
574 2103 668 2143 παρ
700 2087 896 2143 ἠφαιστ·
946 2093 1031 2143 γᾶς
1063 2084 1368 2142 ἐλεφαντίναν
1399 2085 1548 2143 λαβὰν
1578 2087 1639 2130 τὼ
1673 2084 1831 2142 ξίφεος
1860 2103 1969 2144 χρυ-

286 2144 481 2191 σοδέταν
531 2146 645 2204 ἔχων
693 2145 802 2189 Cod
839 2145 940 2189 Par.
978 2161 1044 2203 gr.
1076 2149 1160 2188 963
1214 2144 1293 2189 fol
1334 2149 1386 2188 15
1440 2145 1490 2188 in
1535 2158 1669 2203 marg
1714 2145 1969 2202 praemisso

284 2206 342 2249 F.
370 2207 532 2260 Morel,
551 2164 697 2261 xquod
727 2205 908 2248 indicat
939 2204 1147 2248 scholion
1179 2205 1261 2247 aut:
1293 2217 1321 2247 a
1351 2203 1543 2248 Morello
1576 2205 1678 2261 ipso
1709 2204 1969 2261 profectum

285 2266 368 2307 aut
399 2278 454 2308 ex
485 2264 622 2308 huius
655 2264 860 2309 editione
891 2265 1257 2320 transsumptum
1289 2276 1400 2307 esse.

403 2416 428 2454 3
470 2409 655 2457 ἅπανθ’
691 2412 727 2457 S
756 2412 846 2456 edd
983 2416 1005 2455 1
1041 2408 1086 2455 δ’
1116 2412 1216 2467 ἐμοὶ
1249 2411 1412 2468 scripsi
1484 2410 1538 2456 δέ
1567 2428 1643 2468 μοι
1675 2411 1785 2454 libri
1816 2411 1909 2455 edd

285 2475 311 2513 5
353 2470 457 2516 οὔτε
490 2485 544 2514 ex
576 2471 630 2516 οὔ
661 2488 706 2515 τι
738 2485 839 2515 corr
871 2470 978 2516 Μο2
1068 2476 1181 2526 „aut
1218 2471 1322 2528 οὐχὶ
1353 2476 1434 2515 aut
1466 2470 1594 2514 οὔτοι
1630 2471 1808 2515 videtur
1830 2484 1966 2526 prae-

283 2533 430 2573 stare“
455 2530 524 2574 Re
645 2535 669 2573 7
702 2530 826 2574 τὰ-
847 2534 871 2573 9
904 2531 1073 2588 βοῶσιν
1106 2530 1223 2573 citat
1244 2529 1415 2573 Macar.
1442 2528 1599 2585 Chrys.
1624 2528 1703 2573 fol.
1725 2533 1804 2571 77
1834 2542 1968 2631 prae&

283 2588 424 2631 misso
450 2586 662 2646 λιβανίου
687 2595 929 2645 σοφιστοῦ·
963 2589 1013 2634 ἐκ
1036 2596 1118 2633 τοῦ
1141 2595 1529 2645 προσφωνητικοῦ
1554 2588 1792 2632 ἰουλιανῶε
1826 2586 1919 2660 λόγ.

288 2646 292 2704 Ι
328 2646 447 2690 καλὰ
480 2661 619 2703 supra
650 2648 819 2697 καλοὺς
851 2646 957 2692 Mo²
1079 2652 1132 2691 11
1166 2646 1317 2705 φόβον
1347 2645 1536 2703 παρέχει
1568 2646 1605 2691 S
1622 2645 1723 2689 Mor
1749 2647 1755 2702 Ι
1783 2645 1845 2702 μή
1873 2647 1967 2691 πού

282 2721 327 2748 τι
358 2705 492 2749 Laur.
525 2705 646 2748 LXX
679 2710 732 2749 13
765 2706 856 2749 edd
1008 2710 1061 2748 12
1095 2664 1219 2763 εἶχον
1253 2705 1326 2750 VS
1353 2705 1454 2748 Mor
1597 2709 1651 2748 13
1682 2705 1847 2760 καιρὸν
1880 2702 1966 2750 οὖν

284 2805 364 2864 ἄρ’
393 2807 441 2867 ἔχ
446 2824 486 2852 ει
516 2824 594 2865 μοι
626 2808 755 2852 ΜΙ
742 2823 791 2851 111
823 2822 914 2863 quo
946 2824 1023 2863 μοι
1054 2808 1179 2851 inser
1208 2779 1604 2864 111215γας
1634 2807 1680 2851 Β
1739 2813 1824 2864 γῆς
1848 2809 1911 2852 Μ

286 2872 340 2910 18
372 2868 452 2910 καὶ
484 2866 624 2923 μικρὰ
656 2866 707 2912 δὲ
738 2868 784 2911 Β
826 2867 832 2925 Ι
875 2873 1046 2910 σαυτοῦ
1079 2866 1241 2922 scripsi
1273 2879 1298 2909 e
1331 2866 1531 2910 VUIMo
1621 2866 1763 2910 αὑτοῦ
1793 2866 1965 2922 reliqui

282 2925 393 2970 libri
425 2927 498 2982 (ex
529 2927 672 2970 αὐτοῦ
697 2926 742 2970 A
774 2926 821 2970 et
851 2924 881 2969 ἁ
912 2924 961 2968 in
991 2938 1153 2968 rasura
1185 2930 1210 2968 2
1242 2924 1321 2968 litt
1345 2925 1422 2982 M)
1453 2925 1545 2968 edd.
