2060 3162
367 810 576 870 ΠΕΡΙ
622 810 797 870 ΤΗΣ
845 807 1260 870 ΤΙΜῼΡΙΑΣ
1306 807 1803 871 ΙΟΤΛΙΑΝΟΤ.

147 969 254 1013 RH
271 974 326 1013 27
407 957 451 1009 1.
508 957 625 1009 Οὐκ
667 955 821 1026 ἀρκεῖ
859 963 1022 1008 τοῦτο
1069 964 1185 1018 τοῖς
1229 956 1563 1024 πράγμασιν,
1596 953 1644 1025 ,ὦ
1683 958 1934 1024 βασιλεῦ,

239 1046 383 1114 λύπη
425 1046 513 1098 καὶ
555 1044 798 1114 ὀδυρμὸς
845 1043 935 1097 καὶ
975 1044 1254 1115 ἀγρυπνία
1299 1044 1476 1113 μάτην
1514 1044 1933 1114 άναλισκομένη.

148 1147 254 1190 RII
272 1151 328 1190 28
398 1135 446 1187 εἰ
493 1135 596 1203 γάρ
655 1134 661 1201 Ι
718 1154 771 1186 τι
816 1135 1031 1186 τούτων
1077 1126 1200 1185 οἶόν
1249 1132 1296 1186 τ’
1325 1129 1396 1201 ἦν
1443 1132 1839 1202 ἐπανορθῶσαί
1880 1154 1935 1187 τι

196 1245 215 1277 5
239 1233 350 1275 τῶν
389 1224 830 1291 συμβεβηκότων,
870 1223 1038 1274 πάλαι
1077 1221 1147 1275 ἂν
1194 1223 1410 1275 ἅπαντα
1457 1216 1566 1290 εἶχε
1603 1225 1782 1284 καλῶς
1820 1221 1936 1275 ἕνε-

240 1313 309 1365 κά
343 1332 406 1380 γε
445 1310 537 1364 καὶ
569 1319 665 1379 τῆς
705 1318 802 1379 σῆς
848 1312 937 1363 καὶ
978 1318 1073 1378 τῆς
1111 1320 1222 1363 τῶν
1261 1312 1445 1363 ἄλλων
1482 1310 1640 1379 ἡμῶν
1678 1310 1936 1377 ἀθυμίας.

240 1403 325 1454 δεῖ
356 1402 551 1454 τοίνυν
581 1401 794 1453 τούτων
827 1399 1238 1468 ἀπαλλαγέντας
1269 1401 1689 1468 βουλεύσασθαί
1715 1419 1768 1452 τι
1797 1400 1938 1469 μέγα

241 1488 331 1542 καὶ
379 1490 549 1542 καλὸν
594 1490 685 1542 καὶ
733 1490 872 1542 ὅθεν
919 1487 989 1540 ἂν
1037 1489 1341 1558 δράσαιμεν
1385 1491 1519 1551 τοὺς
1565 1491 1864 1557 πολεμίους
1903 1487 1937 1540 ἃ

243 1587 351 1632 νῦν
390 1580 529 1647 ἡμᾶς
570 1577 785 1631 ἐκεῖνοι.
849 1577 992 1630 οὕτω
1026 1578 1131 1645 γὰρ
1172 1575 1295 1630 ἀντὶ
1326 1585 1427 1631 τοῦ
1468 1577 1681 1630 στένειν
1719 1575 1781 1629 ἐν
1818 1585 1938 1638 ταῖς

175 1691 217 1723 10
243 1667 348 1720 ἀπὸ
389 1675 489 1720 τοῦ
528 1668 788 1736 πράττειν
820 1667 1049 1734 ἡδοναῖς
1081 1672 1268 1734 εἴημεν
1300 1667 1383 1719 ἄν.
1460 1667 1508 1718 2.
1548 1664 1661 1719 ἔδει
1698 1663 1801 1732 μὲν
1832 1661 1939 1718 οὖν

366 1829 402 1872 O
515 1850 570 1864 =
597 1827 751 1871 Codex
785 1826 1032 1871 Chisianus

362 1889 407 1930 A
515 1910 568 1923 =
594 1887 887 1930 Monacensis
921 1886 1051 1943 (olim
1081 1886 1403 1943 Augustanus)
1435 1890 1521 1929 483

363 1947 408 1988 P
520 1969 574 1983 ε
599 1946 844 1989 Palatinus
876 1961 943 2003 gr.
971 1950 1056 1989 282

364 2007 409 2049 Β
517 2027 570 2042 =
597 2005 879 2049 Barberinus
909 2005 952 2048 II
982 2010 1037 2047 41

365 2064 427 2106 M
517 2086 572 2100 =
597 2064 863 2107 Marcianus
896 2079 963 2122 gr.
990 2067 1076 2107 437

366 2124 410 2167 V
518 2146 573 2159 =
598 2123 974 2167 Vindobonensis
1006 2122 1121 2179 phil.
1147 2137 1214 2179 gr.
1240 2121 1383 2165 XCIII

375 2183 420 2227 U
518 2204 573 2218 =
599 2181 801 2226 Urbinas
834 2197 900 2239 gr.
930 2187 1013 2225 126

364 2242 442 2286 Βα
518 2263 573 2277 =
598 2241 779 2284 Athous
811 2240 1093 2296 Babopaedii
1125 2244 1210 2283 367

365 2302 402 2343 Ι
519 2323 574 2336 =
600 2300 867 2344 Marcianus
901 2299 1100 2356 append.
1127 2298 1226 2342 XCI
1244 2303 1269 2341 2

367 2359 423 2403 01
515 2382 570 2396 =
597 2360 742 2403 editio
776 2358 1026 2403 Oleariana

364 2418 489 2461 Fabr
512 2442 567 2455 =
595 2419 740 2462 editio
773 2418 1051 2462 Fabriciana

369 2573 390 2610 1
424 2567 541 2622 πρὸς
571 2567 653 2611 τὸν
686 2564 874 2624 βασιλέα
905 2566 1011 2620 περὶ
1044 2567 1106 2610 Μ
1144 2567 1149 2621 Ι
1185 2565 1300 2620 ὑπὲρ
1333 2565 1455 2609 ΡΒα
1487 2563 1723 2617 OlFabr1
1750 2568 1833 2619 τῆς
1863 2578 1938 2607 om

250 2626 311 2668 M
335 2629 340 2682 1
368 2633 450 2669 τοῦ
482 2625 759 2683 παραβάτου
790 2626 899 2682 post
922 2625 1163 2668 ἰουλιανοῦ
1189 2626 1262 2677 M,
1292 2623 1412 2680 πρὸς
1434 2623 1660 2668 οὐάλεντα
1694 2624 1773 2678 UI,
1804 2620 1940 2679 λόγος

250 2684 365 2741 ἑξ(1ῐι
397 2701 423 2727 κ
456 2699 556 2728 eon·
586 2700 645 2728 m.
671 2698 759 2728 rec
763 2683 1059 2741 >καιδέκατος
1099 2683 1211 2726 rubr
1236 2659 1281 2728 V
1423 2688 1449 2726 2
1497 2683 1634 2736 ἀρκεῖ
1661 2684 1707 2726 Β
1737 2681 1817 2725 fol.
1839 2686 1938 2735 127,

249 2744 413 2816 ἀρχῆς
422 2742 499 2786 fol.
528 2749 613 2787 272
802 2749 828 2786 4
860 2743 1005 2786 τούτω
1040 2744 1086 2786 Β
1116 2742 1195 2787 sol.
1223 2747 1308 2785 272
1358 2743 1364 2799 Ι
1413 2758 1459 2784 τι
1490 2755 1565 2785 om
1590 2742 1636 2785 Β
1667 2740 1746 2784 fol.
1776 2744 1858 2783 127
1901 2741 1947 2784 V

309 2808 334 2846 ὃ
366 2801 424 2845 τὰ
457 2801 776 2860 συμβεβηκότα
803 2803 872 2856 Vl
901 2804 1049 2851 καλῶς
1078 2815 1190 2845 voce
1222 2802 1304 2845 des
1328 2803 1375 2845 B
1398 2800 1479 2844 fol.
1505 2805 1590 2843 272
1714 2804 1740 2842 6
1771 2799 1852 2842 καὶ
1876 2799 1939 2855 (1)

250 2876 324 2904 om
350 2861 407 2904 Ol
429 2861 553 2904 Fabr
593 2865 597 2917 1
637 2862 766 2917 ἡμῶν
797 2862 833 2904 Ι
858 2861 940 2905 sed.
969 2877 998 2916 η
1031 2874 1087 2904 ex
1117 2861 1145 2904 ὑ
1177 2874 1279 2904 con·
1300 2860 1371 2902 m³
1551 2863 1575 2901 7
1614 2857 1940 2914 ἀπαλλαγέντα

253 2921 587 2965 CAPBMVU
606 2921 673 2964 Re
797 2924 851 2963 10
884 2920 1069 2975 „malim
1098 2926 1181 2963 τοῦ
1214 2916 1264 2963 εὖ
1297 2917 1514 2973 πράττειν
1547 2918 1660 2975 leyi“
1692 2917 1761 2961 Re
