2060 3162
228 115 333 170 162
754 114 982 161 LIBANII
1012 112 1235 158 ORATIO
1267 114 1374 158 XV]

224 247 286 308 ,δὲ
325 258 592 303 τοσοῦτον
631 248 809 318 ἀπέχω
849 257 949 302 τοῦ
982 250 1383 318 συμβουλεύειν
1421 250 1555 319 ὑμῖν
1587 249 1905 304 ἀποθέσθαι

223 340 323 407 τὴν
373 338 638 406 ἀθυμίαν,
689 335 815 391 ὥστ’
855 336 972 391 οὐδ’
1013 336 1083 391 ἂν
1132 339 1309 400 ἄλλως
1361 339 1599 408 ἡγοῦμαι
1653 345 1906 408 σωθῆναι

224 428 323 496 τὴν
360 428 540 495 πόλιν,
594 427 642 479 εἰ
688 428 760 495 μὴ
798 429 1175 497 προσθείημεν
1223 434 1287 497 τῇ
1332 415 1582 498 παρούσῃ
1633 426 1724 481 καὶ
1773 430 1908 491 τοὺς

221 517 437 568 πώποτε
490 513 753 578 δόξαντας
798 513 926 584 ,μεθ’
965 515 1274 586 ὑπερβολῆς
1317 515 1723 584 πεπενθηκέναι
1765 535 1904 587 παρ-

178 626 197 658 5
223 603 485 673 έλθοιμεν
522 612 586 675 τῇ
623 604 783 674 λύπῃ.
861 603 908 656 5.
949 604 1022 667 ὡς
1061 604 1235 666 οὕτως
1273 605 1400 673 ἔχει·
1442 606 1490 657 εἰ
1528 605 1629 674 μὲν
1667 605 1740 668 ὡς
1777 604 1906 676 περὶ

219 693 438 761 κούφου
490 700 588 745 τοῦ
642 694 913 763 παρόντος
965 700 1160 763 καιροῦ
1215 693 1658 762 διανοηθειήμεν,
1718 697 1908 760 μεῖζον

219 783 521 851 ποιήσομεν
579 782 640 834 τὸ
693 781 865 835 κακὸν
927 779 1294 849 ἐνδειξάμενοι
1355 789 1540 850 πᾶσιν,
1601 782 1674 844 ὡς
1734 782 1903 836 οὐδὲν

129 882 274 926 R486
314 867 465 923 ἔσται
503 877 773 923 τοσοῦτον
811 867 900 922 ἀπ’
937 869 1180 938 οὐδενός,
1215 868 1222 939 Ι
1258 868 1287 922 ὃ
1325 867 1542 940 ταράξει
1579 871 1679 939 τὴν
1716 873 1903 924 πόλιν·

221 957 291 1011 ἂν
343 956 391 1011 δ’
432 958 757 1026 άπογνῶμεν
803 959 869 1011 τὰ
914 959 1110 1025 βελτίω
1157 955 1249 1011 καὶ
1295 959 1548 1027 λάβωμεν
1601 960 1781 1027 φόβον
1835 959 1901 1013 ὃν

152 1069 195 1102 10
219 1047 363 1110 εἰκὸς
423 1048 553 1110 τοὺς
611 1043 750 1116 ὑπὲρ
813 1047 996 1100 αὐτῶν
1055 1054 1168 1100 τῶν
1228 1045 1452 1116 ἐδαφῶν
1505 1049 1582 1110 εἰς
1633 1049 1903 1101 κίνδυνον

217 1137 475 1205 ἥκοντας,
521 1144 741 1205 πρῶτον
786 1135 888 1205 μὲν
934 1136 1162 1204 ἄμεινον
1205 1135 1330 1204 περὶ
1370 1145 1481 1188 τῶν
1523 1139 1730 1189 λοιπῶν
1767 1138 1902 1205 μετὰ

217 1225 417 1278 τούτου
456 1225 879 1291 βουλευσόμεθα
917 1231 1016 1277 τοῦ
1057 1223 1231 1286 δέους.
1301 1222 1484 1277 ἔπειτα
1522 1222 1611 1277 καὶ
1650 1223 1796 1278 τοῦτ’
1829 1224 1903 1278 ἂν

219 1318 350 1376 ἴσως
388 1311 610 1382 ἀρκέσαι
649 1319 723 1384 τῷ
757 1315 972 1381 βασιλεῖ
1008 1314 1172 1365 πόλιν
1211 1313 1486 1365 δοκοῦσαν
1526 1312 1612 1366 ἐπὶ
1658 1314 1899 1382 μεγάλου

217 1403 566 1470 φρονήματος
606 1395 747 1454 εἶναι
780 1401 928 1471 παρὰ
957 1401 1134 1454 πάντα
1164 1400 1263 1453 τὸν
1293 1403 1497 1470 χρόνον
1528 1399 1898 1471 ἐκπεπλῆχθαι

150 1512 191 1545 15
214 1491 306 1543 καὶ
342 1490 605 1557 ταπεινὴν
642 1488 930 1558 γεγονέναι
968 1487 1058 1542 καὶ
1096 1490 1391 1557 πιστεύειν,
1431 1490 1503 1552 ὡς
1542 1488 1836 1543 ἀπολεῖται.

327 1578 374 1630 6.
423 1578 637 1631 Πολλαὶ
675 1575 777 1644 μὲν
816 1573 919 1631 οὖν
958 1577 1040 1630 ἀεὶ
1079 1578 1168 1631 καὶ
1206 1578 1435 1646 μεγάλαι
1476 1577 1759 1647 συμφοραὶ
1797 1580 1902 1647 τὴν

214 1669 560 1737 ταλαίπωρον
597 1665 825 1735 ταυτηνὶ
871 1666 1178 1736 περιέσχον,
1223 1665 1315 1719 καὶ
1364 1671 1494 1729 ἴσως
1533 1667 1598 1719 οὐ
1639 1668 1772 1735 μετὰ
1811 1668 1896 1719 δε-

213 1753 346 1818 ξιῶν
399 1757 693 1824 συμβόλων
745 1754 774 1807 ὁ
818 1754 1095 1818 Σέλευκος
1148 1755 1320 1823 αὐτὴν
1375 1754 1561 1808 ε’ποίει.
1637 1763 1701 1825 τῇ
1755 1762 1901 1822 γοῦν

214 1844 443 1910 δυνάμει
481 1852 592 1896 τῶν
632 1847 868 1914 Περσῶν
907 1843 1013 1896 ἀπὸ
1053 1852 1165 1897 τῶν
1203 1841 1477 1912 ἡμετέρων
1515 1852 1697 1918 κακῶν
1737 1844 1894 1896 εὐδο-

141 1954 190 1986 εο
213 1940 395 2000 κιμεῖν
431 1930 687 2002 ὑπῆρξεν,
729 1932 909 2002 ὥσπερ
949 1935 1217 2002 παλαιστῇ
1257 1932 1354 1984 τὸν
1394 1932 1562 1984 αὐτὸν
1594 1931 1901 1985 ἀντίπαλον

213 2020 471 2082 πολλάκις
508 2022 883 2088 καταβαλόντι.
959 2022 1090 2073 πότε
1129 2021 1231 2088 γὰρ
1274 2020 1374 2072 οὐκ
1407 2019 1774 2090 ἐστράτευσαν
1805 2018 1893 2071 ἐπὶ

332 2198 386 2237 10
422 2193 586 2253 [Dem]
614 2208 649 2237 c.
668 2193 869 2250 Aristog.
895 2193 937 2236 Π
966 2208 1011 2249 p.
1039 2197 1137 2248 803,
1164 2197 1218 2236 28
1233 2207 1299 2249 sq.
1424 2198 1477 2237 18
1509 2195 1542 2237 t.
1568 2193 1587 2235 Ι
1611 2197 1712 2247 464,
1732 2197 1785 2236 13
1801 2207 1865 2248 sq.

331 2360 385 2398 10
425 2355 650 2412 ἐδάφων
681 2354 869 2399 κάλλιον
899 2352 928 2410 ἢ
961 2355 1185 2411 ἐδαφῶν
1218 2354 1285 2398 B²
1310 2354 1383 2409 (cf.
1407 2353 1566 2397 Thom.
1602 2354 1650 2396 M
1681 2370 1724 2410 p.
1746 2359 1843 2408 137,
1864 2359 1886 2397 1

213 2414 454 2470 ἐδάφων,
486 2416 570 2459 οὐκ
603 2415 828 2471 ἐδαφῶν
860 2416 970 2470 κτλ.)

328 2568 355 2605 4
387 2561 680 2606 πεπονθέναι
704 2562 788 2605 Mo
930 2566 956 2605 5
988 2561 1049 2611 ὡς
1080 2560 1243 2617 scripsi
1275 2574 1378 2603 cum
1411 2559 1566 2603 Gasda
1598 2574 1622 2604 e
1654 2561 1696 2603 V
1767 2557 1882 2609 ὥςθ’

210 2620 379 2674 reliqui
410 2620 519 2663 libri
552 2621 641 2663 edd
764 2625 785 2663 7
821 2619 930 2665 οὐδὲ
963 2621 1047 2664 Mo
1169 2624 1222 2663 10
1256 2619 1445 2674 ἐδαφῶν
1479 2633 1578 2663 corr
1610 2632 1665 2662 ex
1697 2617 1895 2674 ἐδάφωνῥ

212 2679 354 2731 MP³,
417 2679 463 2721 in
498 2679 688 2735 ἐδάφων
719 2679 777 2722 Ι3
845 2678 1035 2735 ἐδάφων
1067 2679 1116 2722 in
1148 2677 1336 2734 ἐδαφῶν
1369 2691 1469 2720 corr
1496 2678 1558 2723 0²
1626 2676 1816 2732 ἐδάφων
1840 2678 1885 2720 Β

211 2737 301 2780 edd
422 2742 477 2780 14
509 2738 588 2781 τὸν
615 2752 689 2781 om
714 2739 789 2782 UI
903 2743 955 2781 16
988 2738 1062 2781 ἀεὶ
1086 2751 1161 2780 om
1186 2739 1248 2781 M
1365 2741 1419 2780 18
1450 2745 1539 2780 τῶν
1571 2737 1692 2780 inter
1723 2736 1889 2788 δεξιῶν

211 2797 258 2839 et
290 2795 528 2853 συμβόλων
561 2797 645 2839 Mo
677 2798 724 2840 et
753 2797 802 2839 in
833 2810 909 2839 ras
932 2796 990 2839 12
1018 2798 1023 2851 Ι
1051 2794 1096 2853 γ’
1124 2793 1208 2840 οὖν
1232 2796 1276 2839 Α
1399 2800 1452 2838 19
1485 2795 1680 2852 δυνάμει
1710 2800 1763 2850 τῆ
1794 2801 1887 2838 τῶν

211 2857 295 2899 Mo
336 2859 342 2910 Ι
385 2855 644 2911 εὐδοκιμεῖν
676 2855 849 2911 ὑπῆρξε
881 2862 1035 2899 κακῶν
1068 2855 1142 2899 UI
1261 2859 1315 2898 21
1349 2853 1655 2912 καταβαλόντι
1687 2855 1721 2896 Ι
1746 2853 1826 2896 sed
1856 2854 1896 2911 βῐ

211 2916 257 2957 et
279 2916 302 2956 λ
333 2913 382 2956 in
412 2913 461 2956 in
485 2926 559 2955 ras
582 2913 652 2955 m³
678 2915 684 2969 Ι
714 2913 1005 2969 ἐστράτευσεν
1031 2914 1076 2956 Β
