2060 3162
0 1260 18 1524 .,.·⁴·÷m.}oeu.uv
18 1207 19 1210 „
22 1146 23 1150 „

710 172 938 217 LIBANII
970 172 1194 218 ORATIO
1227 173 1375 217 XVIII
1761 174 1865 226 251

174 308 370 371 θέντες
408 307 497 362 ἐπὶ
536 311 743 376 πολλῆς
781 315 881 362 τοῦ
921 309 1268 371 κωλύσοντος
1308 307 1550 378 ἐρημίας,
1590 308 1619 362 ὁ
1659 309 1762 378 γὰρ
1805 309 1872 377 δὴ

175 395 527 465 Μαγνέντιος
549 395 620 466 Υἐν
645 395 848 468 Ἰταλίᾳ
885 398 981 459 τὰς
1013 398 1276 465 δυνάμεις
1308 393 1435 466 εἶχε,
1467 400 1689 450 Μυσῶν
1720 398 1873 450 λείαν

175 484 493 555 ἐργάζονται
546 485 642 548 τὰς
696 485 1027 552 εὐδαίμονας
1081 487 1292 554 πόλεις,
1355 484 1446 538 καὶ
1500 485 1870 555 κατεσύροντο

176 570 279 642 μὲν
315 582 510 642 κῶμαι,
549 576 855 626 κατεσείετο
898 571 960 627 δὲ
990 575 1156 643 τείχη,
1196 575 1443 643 χρήματα
1483 570 1543 626 δὲ
1581 576 1742 642 ἤγετο
1782 572 1873 626 καὶ

176 671 433 730 γυναῖκες
471 660 563 714 καὶ
601 663 817 731 παῖδες,
856 662 947 715 καὶ
988 663 1041 715 οἱ
1081 663 1478 724 δουλεύσοντες
1516 662 1874 730 ἠκολούθουν

175 751 273 804 τὸν
312 750 497 803 αὑτῶν
541 754 786 804 πλοῦτον
834 752 891 804 οἶ
936 751 1229 819 δυστυχεῖς
1278 749 1364 803 ἐπὶ
1411 759 1524 803 τῶν
1563 751 1727 819 ὤμων
1778 749 1874 819 φέ-

176 858 385 908 ροντες,
427 839 455 892 ὁ
498 836 558 892 δὲ
597 839 664 892 οὐ
706 839 1016 908 δυνάμενος
1056 839 1347 892 δουλεύειν
1386 837 1477 891 καὶ
1509 847 1747 906 γυναῖκα
1785 839 1875 892 καὶ

174 926 461 997 θυγατέρα
507 927 645 997 ὁρᾶν
684 926 745 981 ἐν
786 928 948 998 ὕβρει
987 928 1174 980 κλάων
1212 926 1606 996 ἀπεσφάττετο,
1654 947 1876 996 μετενη-

177 1015 460 1084 νεγμένων
500 1013 561 1069 δὲ
602 1015 778 1069 ἐκεῖσε
816 1025 928 1069 τῶν
966 1015 1094 1087 παρ’
1126 1017 1258 1085 ἡμῖν
1298 1015 1529 1084 ἀγαθῶν
1562 1014 1877 1086 ἐγεώργουν

177 1105 230 1157 οἱ
269 1107 657 1174 κεκρατηκότες
704 1106 805 1174 τὴν
851 1103 1120 1174 ἡμετέραν
1166 1105 1268 1171 μὲν
1314 1113 1433 1167 ταῖς
1480 1105 1664 1157 αὑτῶν
1702 1107 1874 1174 χερσί,

176 1194 278 1261 τὴν
317 1193 378 1246 δὲ
418 1193 601 1246 αὑτῶν
639 1202 758 1257 ταῖς
795 1202 908 1246 τῶν
939 1192 1294 1263 εἰλημμένων.
1366 1192 1450 1246 35.
1488 1194 1493 1262 Ι
1530 1194 1584 1246 αἱ
1626 1192 1675 1245 δ’
1709 1189 1779 1246 αὖ
1815 1206 1966 1250 R534

181 1282 559 1350 διαφυγοῦσαι
612 1283 713 1351 τὴν
764 1283 972 1335 ἅλωσιν
1027 1283 1176 1351 ἰσχύι
1229 1291 1426 1351 τειχῶν
1476 1290 1581 1351 γῆν
1626 1279 1728 1351 μὲν
1774 1281 1877 1335 οὐκ

178 1366 330 1439 εἶχον
370 1371 514 1438 πλὴν
553 1371 749 1439 ὀλίγην
787 1371 1027 1440 κομιδῆ,·
1057 1374 1197 1443 λιμῷ
1233 1370 1294 1423 δὲ
1334 1370 1699 1439 ἀνηλίσκοντο
1738 1388 1875 1423 παν-

177 1459 270 1520 τὸς
310 1457 608 1526 ἁπτόμενοι
647 1467 748 1511 τοῦ
790 1458 1107 1528 δυναμένου
1146 1458 1389 1528 τρέφειν,
1430 1458 1532 1521 ἕως
1570 1460 1649 1521 εἰς
1679 1465 1874 1511 τοσοῦ-

176 1566 276 1599 τον
327 1546 592 1616 σωμάτων
642 1546 981 1615 κατέστησαν
1036 1547 1296 1616 ἀριθμόν,
1352 1547 1490 1599 ὥστε
1544 1547 1639 1609 τὰς
1687 1548 1876 1609 πόλεις

179 1635 347 1697 αὐτὰς
401 1635 606 1705 ἀγρούς
653 1655 710 1688 τε
759 1630 901 1688 εἶναι
951 1634 1042 1688 καὶ
1090 1638 1277 1698 πόλεις
1328 1635 1418 1687 καὶ
1471 1635 1532 1687 τὸ
1581 1639 1709 1688 εἴσω
1764 1643 1876 1691 τῶν

177 1726 490 1793 περιβόλων
523 1723 784 1791 ἀοίκητον
815 1723 1097 1794 ἀρκοῦσαν
1128 1726 1417 1792 γεωργίαν.
1479 1723 1568 1775 καὶ
1602 1724 1706 1792 γὰρ
1738 1724 1876 1790 βοῦς

179 1811 471 1880 ἐζεύγνυτο
504 1813 595 1864 καὶ
627 1814 867 1882 ἄροτρον
898 1813 1106 1865 εἵλκετο
1139 1810 1230 1864 καὶ
1263 1811 1477 1880 σπέρμα
1514 1812 1874 1879 κατεβάλλετο

179 1899 272 1952 καὶ
314 1898 470 1969 ἀνῄει
510 1901 735 1969 στάχυς,
775 1898 866 1953 καὶ
906 1901 1169 1970 θεριστὴς
1200 1898 1306 1953 καὶ
1347 1901 1512 1968 ἄλως,
1560 1897 1652 1953 καὶ
1698 1899 1877 1952 πάντα

302 2124 323 2161 1
353 2119 523 2178 [Dem]
538 2120 595 2163 de
609 2121 728 2175 synt.
746 2124 837 2173 §19
854 2124 1079 2175 p.171‚23
1180 2125 1205 2163 2
1232 2118 1289 2163 cf.
1309 2135 1352 2176 p.
1368 2123 1504 2173 2211
1607 2123 1632 2162 3
1658 2118 1781 2162 Socr.
1801 2118 1828 2162 l.
1844 2118 1873 2160 l.

243 2182 296 2221 15
330 2178 385 2222 cf.
419 2194 464 2235 p.
492 2184 560 2231 24,
583 2183 685 2235 lsq.
748 2179 898 2222 Amm.
925 2178 1031 2222 XVI
1055 2183 1096 2233 2,
1118 2183 1170 2222 12

303 2389 324 2426 1
352 2384 644 2436 κωλύσαντος
667 2384 768 2428 Mor
785 2384 909 2428 Fabr
1022 2389 1047 2427 4
1075 2382 1366 2429 κατεσείοντο
1387 2385 1430 2428 V
1451 2385 1457 2439 Ι
1486 2383 1537 2428 δὲ
1554 2384 1635 2441 (1)]
1663 2383 1721 2438 δὴ
1740 2384 1816 2428 La

182 2447 209 2484 5
245 2442 569 2493 δουλεύσοντες
600 2443 765 2500 scripsi
842 2443 1141 2495 δουλεύοντες
1173 2443 1542 2488 BMoLaMPU
1569 2442 1671 2486 Mor
1693 2443 1817 2486 Fabr

182 2501 480 2602 gova-show&
514 2502 553 2547 C
579 2502 661 2546 sed
693 2503 721 2560 β
751 2503 800 2545 in
825 2503 853 2546 δ
885 2516 986 2547 corr
1008 2517 1065 2556 m,
1091 2504 1219 2547 AVI
1246 2502 1328 2547 sed
1359 2502 1408 2545 in
1432 2502 1520 2546 hoc
1552 2503 1580 2559 β
1610 2501 1660 2544 in
1683 2514 1759 2544 ras
1791 2501 1873 2554 m²‚

226 2573 251 2603 e
311 2559 510 2604 fortasse
540 2563 647 2617 post
679 2560 725 2604 οἱ
756 2561 930 2605 excidit
962 2561 1130 2616 ἄνδρες
1310 2565 1336 2604 6
1376 2561 1529 2605 αὐτῶν
1563 2561 1791 2605 MoLaM
1829 2562 1876 2604 et

185 2629 239 2660 ex
272 2619 424 2662 αὑτῶν
457 2633 558 2663 corr
589 2619 661 2664 P²
784 2623 807 2662 7
842 2617 889 2663 δ’
924 2620 993 2664 Re
1021 2622 1027 2676 Ι
1055 2620 1114 2677 μὴ
1139 2621 1209 2677 Vl
1238 2620 1318 2663 καὶ
1349 2626 1548 2676 γυναῖκα
1580 2619 1630 2662 in
1661 2632 1795 2676 marg
1818 2618 1876 2662 Ι*

243 2681 270 2720 8
302 2675 476 2721 κλαίων
509 2678 600 2722 edd
746 2682 800 2721 10
831 2678 915 2734 τὴν
950 2677 1172 2735 ἡμετέραν
1203 2679 1329 2722 inser
1352 2680 1451 2723 Lay
1493 2681 1499 2735 Ι
1542 2677 1624 2734 μὲν
1657 2693 1731 2722 om
1755 2679 1831 2723 La
1866 2677 1871 2734 1

185 2735 340 2780 αὐτῶν
370 2735 481 2780 libri
513 2737 595 2780 sed
625 2737 675 2779 in
707 2737 860 2781 αὐτῶν
893 2751 995 2781 corr
1018 2739 1052 2781 Ι
1059 2738 1194 2792 ³La1³‚
1226 2737 1329 2781 Mor
1355 2737 1479 2781 Fabr
1523 2736 1716 2781 ἑαυτῶν
1747 2737 1815 2780 Re

187 2797 238 2835 11
274 2793 325 2838 δὲ
357 2795 511 2839 αὑτῶν
543 2795 709 2852 scripsi
771 2795 821 2840 δὲ
854 2796 1008 2840 αὐτῶν
1034 2798 1212 2841 MoIM
1218 2797 1262 2841 U
1318 2795 1365 2839 δ’
1390 2795 1567 2840 ἑαυτῶν
1595 2795 1722 2840 CAR
1735 2796 1819 2840 VP

192 2855 245 2893 13
278 2850 326 2895 δ’
354 2853 422 2897 Re
546 2858 599 2897 14
630 2853 863 2898 τοσούτων
891 2855 934 2897 V
1049 2860 1103 2900 15
1135 2854 1359 2912 σωμάτων
1391 2868 1466 2898 om
1492 2855 1537 2898 Β
1568 2854 1670 2899 Mor
1693 2854 1817 2897 Fabr

189 2913 243 2952 16
274 2917 366 2956 τῶν
397 2927 472 2955 om
496 2912 598 2956 Mor
620 2913 744 2956 Fabr
874 2917 927 2957 18
960 2914 1288 2971 συνεζεύγνυτο
1321 2914 1423 2957 Mor
1446 2914 1569 2957 Fabr
1706 2917 1758 2955 19
1791 2915 1874 2955 θε-

188 2969 342 3021 ριστὺς
372 2970 485 3014 olim
517 2971 621 3014 coni
648 2972 716 3014 Re

1900 1128 1943 1159 10

1899 1569 1940 1602 15
