2072 3162
245 103 313 156 78
774 102 1003 146 LIBANH
1032 101 1256 148 ORATIO
1286 102 1393 147 XIII

242 239 490 301 θνεῶτάς
527 258 585 291 τε
625 237 924 306 ἀνέστησας
961 238 1051 291 καὶ
1089 240 1367 305 βασιλείας
1402 239 1576 306 ὄνομα
1606 245 1730 307 νῦν,
1770 243 1920 309 εἴπερ

241 326 390 396 ποτέ,
428 326 771 396 προσέλαβεν
809 328 989 397 ἔργον.
1066 328 1228 395 δίκην
1271 324 1375 394 μὲν
1420 325 1630 398 ἐπράξω
1677 325 1806 398 παρ’
1842 322 1922 403 ᾧν

241 417 314 485 μὴ
353 417 544 483 λαβεῖν
583 415 792 483 ἄδικον,
833 415 1013 468 αἰτίαν
1050 412 1112 468 δὲ
1151 416 1253 468 οὐκ
1292 414 1589 485 ἐπήνεγκας
1628 408 1711 478 οἷς
1748 416 1923 484 ὑπῆρ-

242 524 336 573 χεν
372 503 727 572 ἀναχώρησις.
803 503 988 556 ἵππων
1034 503 1096 556 δὲ
1139 502 1230 556 καὶ
1270 503 1444 575 ὀρέων
1484 505 1745 573 διαδοχὰς
1781 501 1920 574 ὑπὲρ

199 613 218 646 5
242 595 514 660 μεγίστων
554 592 621 660 δὴ
660 592 722 644 τὸ
754 601 976 662 πρῶτον
1014 593 1287 655 συστάσας
1324 592 1645 661 τριβομένας
1683 595 1923 656 ἔπαυσας

241 680 350 733 ὑπὸ
389 689 501 733 τῶν
538 678 900 734 ἐλαυνόντων.
975 680 1064 734 43.
1104 681 1156 733 οἱ
1196 677 1257 733 δὲ
1295 690 1405 734 τῶν
1439 680 1624 735 ἐθνῶν
1662 682 1923 751 ἄρχοντες

240 768 348 823 ὑπὸ
381 770 675 837 λημμάτων
706 770 808 822 οὐκ
840 771 1119 839 ἄρχονται,
1151 772 1325 838 φόβος
1357 766 1418 823 δὲ
1448 768 1539 823 καὶ
1569 779 1725 840 τιμῆς
1753 769 1922 839 ἐλπίς,

241 858 273 927 ἡ
313 855 415 927 μὲν
454 858 720 927 ἐπεγείρει
757 859 895 929 πρὸς
935 858 1148 930 ἀρετήν,
1195 857 1224 912 ὁ
1264 859 1326 912 δὲ
1372 864 1541 929 εἴργει
1578 859 1923 929 πονηρευμά-

240 966 365 1000 των.
440 954 551 1000 πᾶν
589 943 690 1016 μὲν
740 946 999 1016 ἀνάλωμα
1043 947 1276 1017 μάταιον
1322 946 1664 1016 ἐκβέβληται,
1711 955 1815 1010 πᾶς
1861 944 1922 1000 δὲ

177 1056 219 1088 10
242 1037 413 1106 πόρος
452 1035 553 1088 οὐκ
593 1035 863 1107 εὐπρεπὴς
901 1035 1145 1105 λέλυται,
1195 1044 1341 1089 πᾶσα
1387 1033 1448 1089 δὲ
1495 1037 1650 1098 δόσις
1695 1036 1922 1104 εὔλογος

242 1126 532 1193 τετίμηται.
607 1126 779 1192 μόνος
809 1125 913 1195 γὰρ
955 1118 1126 1178 οἶσθα
1155 1128 1332 1187 καλῶς
1370 1125 1459 1178 καὶ
1492 1126 1690 1178 δοῦναι
1728 1122 1820 1177 καὶ
1850 1125 1923 1193 μὴ

243 1214 459 1281 δοῦναι,
507 1221 624 1276 τοῖς
668 1214 922 1283 μαχίμοις
965 1210 1067 1282 μὲν
1114 1214 1206 1266 δια
1255 1222 1366 1266 τῶν
1413 1214 1636 1281 δωρεῶν
1679 1231 1923 1282 παραμυ-

242 1302 520 1371 θούμενος
557 1304 689 1365 τοὺς
726 1304 955 1370 πόνους,
997 1307 1431 1369 θαυματοποιῶν
1470 1299 1533 1354 δὲ
1570 1301 1759 1371 τέχνας
1797 1302 1924 1354 οὔτε

242 1391 550 1453 καταλύσας
589 1391 716 1444 οὔτε
753 1391 1061 1460 θαυμάσας,
1099 1391 1160 1443 τὸ
1200 1387 1301 1458 μὲν
1333 1390 1398 1443 οὐ
1433 1398 1639 1443 σαυτοῦ
1671 1393 1923 1458 νομίζων,

178 1499 219 1532 15
242 1479 303 1531 τὸ
345 1475 406 1532 δὲ
453 1480 647 1548 δήμοις
692 1479 1011 1550 συμφέρειν.
1087 1478 1174 1532 44.
1226 1479 1458 1550 τράπεζα
1498 1477 1562 1532 δέ
1598 1493 1686 1531 σοι
1732 1482 1924 1548 μετρία

361 1644 386 1682 2
411 1639 541 1683 Dem.
568 1639 668 1683 adv.
686 1639 867 1696 Aphob.
897 1643 965 1694 §2
988 1654 1031 1697 p,
1052 1643 1153 1694 845,
1171 1644 1198 1683 4
1291 1643 1344 1683 15
1369 1639 1518 1682 Amm.
1536 1638 1677 1682 Marc.
1695 1638 1822 1683 XXV
1837 1643 1879 1694 4,
1897 1643 1923 1682 4

362 1777 387 1815 2
432 1771 616 1829 ἐπράξω
669 1771 770 1827 ἤτοι
801 1771 1054 1832 ἀπῄτησας,
1087 1772 1243 1831 ἔλαβες
1273 1772 1354 1816 καὶ
1376 1773 1515 1830 χωρὶς
1543 1770 1831 1828 προθέσεως·
1879 1770 1924 1816 οἱ

243 1831 294 1876 δὲ
329 1830 439 1888 μετὰ
469 1835 600 1885 προθ
626 1845 738 1882 σεως
779 1830 1037 1889 γράφοντες
1073 1838 1154 1888 τῆς
1186 1836 1264 1883 ἴις
1294 1830 1660 1888 ἁμαρτάνουσιν·
1709 1830 1790 1882 οὓς
1817 1828 1924 1875 τίνα

244 1889 303 1935 ἄν
334 1906 403 1940 τις
431 1890 659 1946 πράξαιτο
690 1889 1073 1946 πρεπωδεστέραν
1113 1888 1249 1947 δίκην
1282 1889 1310 1946 ἢ
1343 1889 1402 1946 ἣν
1435 1890 1567 1934 αὐτοὶ
1602 1887 1718 1934 καθ’
1748 1890 1924 1934 ἑαυτῶν

244 1948 513 2006 ἐργάζονται
543 1949 608 2000 εἰς
637 1948 695 1992 τὰ
724 1956 917 1993 τοιαῦτα
949 1946 1319 2007 ἀμαθαίνοντες;
1365 1949 1443 1993 καὶ
1481 1948 1621 1993 πάλιν
1660 1948 1923 2004 εἰσπράτ-

242 2023 325 2052 τει
362 2005 639 2065 τιμωρίαν
686 2006 789 2062 ἤτοι
827 2009 1018 2052 ἀπαιτεῖ
1052 2008 1133 2052 καὶ
1169 2015 1304 2052 τοῦτο
1343 2008 1464 2064 πλὴν
1505 2006 1795 2065 ἐνεργητικόν
1827 2009 1871 2052 V

245 2071 298 2110 11
337 2063 498 2125 οἶσθα]
524 2067 579 2111 οὐ
602 2072 685 2123 τῆς
707 2065 977 2124 “Ελληνικῆς
1000 2065 1273 2123 συνηθείας·
1307 2067 1412 2111 ἀντὶ
1441 2067 1606 2110 τούτου
1638 2066 1724 2123 γὰρ
1759 2062 1923 2117 οἶδας

242 2128 420 2177 καλῶς
451 2129 652 2171 δοῦναι
691 2126 785 2169 καὶ
817 2125 874 2183 μ“
917 2129 1130 2171 δοῦναι.
1193 2126 1244 2170 τὸ
1278 2125 1328 2169 δὲ
1362 2121 1534 2170 οἶσθα
1577 2123 1720 2175 οὕτως
1749 2123 1922 2183 λαμβά-

243 2201 372 2230 νεται
410 2183 775 2241 ἀπολελυμένως·
825 2142 998 2229 οῗσθα
1035 2184 1131 2229 τὸν
1172 2184 1353 2240 ἄνδρα
1399 2185 1478 2228 καὶ
1519 2179 1689 2228 οἶσθα
1726 2184 1785 2228 τὸ
1824 2191 1922 2228 τοῦ

244 2245 435 2296 δεῖνος
465 2242 625 2301 γένος
658 2245 702 2290 V

365 2381 387 2418 1
429 2375 452 2420 έ
480 2375 530 2420 in
561 2375 814 2433 ἀνέστησας
842 2376 893 2420 in
922 2390 998 2420 ras
1029 2375 1087 2420 1²
1236 2380 1261 2418 2
1302 2370 1336 2418 ὦ
1369 2374 1450 2418 sed
1481 2392 1508 2419 ν
1539 2387 1776 2431 suprapoe.
1806 2374 1863 2419 (1⁸

246 2438 271 2477 3
303 2452 331 2478 κ
356 2435 377 2479 ἐ
407 2435 457 2478 in
482 2436 567 2479 οὐκ
592 2435 849 2493 ἐπήνεγκας
878 2435 928 2478 in
950 2448 1026 2479 ras
1051 2433 1107 2479 ΙΞ
1139 2435 1223 2478 οὐκ
1248 2433 1503 2491 ἐπήνεγκας
1534 2446 1672 2490 supra
1697 2434 1779 2491 οὐχ
1804 2432 1921 2487 ὑπή-

244 2508 412 2549 νεγκας
441 2494 510 2538 ,Α2
522 2495 579 2538 0⁰
639 2495 723 2551 οὐχ
754 2495 1016 2551 ὑπήνεγκας
1048 2493 1199 2538 UBM
1312 2498 1340 2536 4
1372 2492 1421 2548 ὲρ
1453 2493 1502 2536 in
1532 2492 1646 2547 ὑπὲρ
1678 2491 1727 2534 in
1757 2505 1832 2535 ras
1863 2493 1898 2535 I
1905 2492 1922 2517 ²

306 2552 397 2596 ὑπὸ
423 2553 468 2597 U
581 2557 606 2596 5
630 2561 866 2609 τοπρῶτον
889 2555 973 2598 VB
1001 2556 1006 2610 Ι
1035 2552 1262 2604 συστάσας
1285 2552 1364 2595 καὶ
1387 2549 1658 2610 τριβομένας
1682 2551 1766 2595 Mo
1825 2567 1920 2606 τρι-

244 2609 442 2711 §imbuas
471 2625 547 2655 om
571 2612 616 2654 B
678 2612 777 2668 εἰκῆ
803 2611 1075 2670 τριβομένας
1097 2612 1166 2655 Re
1181 2611 1321 2654 Anim
1434 2615 1458 2653 7
1491 2627 1545 2667 γρ
1570 2608 1684 2665 ὑπὲρ
1715 2609 1763 2652 in
1787 2623 1921 2666 marg

295 2683 346 2712 or
387 2672 393 2726 Ι
436 2672 619 2724 „malim
651 2667 834 2715 οὐκέτ’ιι
866 2671 934 2714 Re
977 2673 982 2727 Ι
1025 2688 1075 2715 αι
1105 2671 1154 2714 in
1186 2670 1407 2729 ἄρχονται
1437 2669 1487 2712 in
1516 2682 1591 2712 ras
1623 2670 1658 2712 I
1663 2668 1680 2693 ²
1718 2670 1765 2711 et
1794 2669 1844 2711 in
1875 2684 1922 2720 ες

246 2740 346 2771 corr
383 2727 451 2772 A²
541 2728 733 2786 ἄρχοντε
775 2743 879 2773 cum
916 2743 1078 2774 rasura
1123 2729 1260 2772 unius
1302 2728 1488 2772 lifiterae
1537 2729 1582 2772 U
1630 2727 1635 2785 Ι
1685 2732 1738 2783 ῆς
1780 2740 1921 2783 supra

244 2793 387 2843 τιμῶν
406 2786 513 2831 Mo²
633 2791 658 2830 8
684 2786 730 2831 δ’
757 2788 826 2831 Re
947 2794 999 2832 11
1034 2805 1079 2832 οι
1102 2789 1151 2832 in
1175 2784 1319 2832 οἶσθα
1344 2800 1399 2831 ex
1421 2804 1450 2843 η
1476 2800 1576 2830 con·
1593 2785 1650 2829 1²
1683 2788 1689 2842 Ι
1726 2786 1864 2837 καλὸς
1887 2786 1924 2830 S

307 2850 362 2888 14
408 2845 667 2896 καταλύσας
698 2846 802 2891 οὔτε
832 2846 1084 2903 θαυμάσας
1114 2847 1278 2903 scripsi
1367 2844 1617 2896 κατέλυσας
1647 2842 1745 2889 οὔτ’
1775 2845 1920 2889 ἐθαύ-

246 2918 394 2960 μασας
423 2904 533 2947 libri
559 2905 649 2948 edd
771 2909 824 2949 15
858 2905 1092 2962 συμφέρον
1115 2906 1217 2950 Mor
