2060 3162
554 186 564 198 ,
647 144 875 187 LIBANH
906 107 1129 188 ORATIO
1163 143 1310 187 XVIII
1722 142 1830 195 333

137 282 370 337 «ἐκίνουν
407 288 636 350 ταμιεῖα,
675 277 1048 332 κατέσκαπτον
1087 277 1199 348 μετ’
1230 279 1419 349 ὀργῆς,
1457 281 1677 348 ἤσθιον,
1717 281 1831 332 ἔπι-

152 393 272 441 νον,
311 372 376 424 οὐ
416 371 525 439 μὴν
563 367 719 438 μέχρι
758 367 950 437 μέθης,
1001 368 1066 421 οὐ
1107 369 1211 438 γὰρ
1252 373 1338 421 εἴα
1375 376 1474 422 τοῦ
1515 369 1608 421 διά
1652 367 1834 436 μέθην

147 461 347 530 ἀρτίως
397 456 813 526 ἀποσφαγέντος
858 456 887 510 ὁ
934 459 1133 525 φόβος,
1191 456 1328 510 ἀλλὰ
1373 459 1473 526 τὴν
1519 455 1621 526 μὲν
1667 458 1835 511 δύνα-

149 570 247 618 μιν
285 555 558 616 συνεῖχον,
599 546 744 609 ὅπως
784 546 846 599 δὲ
879 544 971 598 καὶ
1002 548 1298 614 νήψουσιν,
1338 545 1626 599 ἐσκόπουν.
1689 547 1742 599 οἱ
1775 546 1836 598 δὲ

154 639 442 705 δυστυχεῖς
482 634 722 704 Ἀσύριοι
775 637 1072 705 πόρρωθεν
1125 635 1229 688 ἀπὸ
1283 645 1394 688 τῶν
1448 635 1596 705 ὀρῶν
1650 633 1838 704 ἑώρων
1886 655 1904 687 5

153 728 219 779 τὰ
258 734 418 794 σφῶν
457 725 641 778 αὐτῶν
671 725 826 792 κακά,
866 725 1166 794 φεύγοντες
1203 716 1391 791 μέντοι
1429 722 1519 777 καὶ
1550 725 1611 777 τὸ
1643 724 1840 777 πεδίον

145 815 465 877 ἐκλιπόντες
524 811 790 882 πολέμιόν
851 827 1012 881 σφισι
1072 814 1359 882 σύμμαχον
1420 813 1840 881 ἀντιστήσαντες

159 903 164 974 Ι
207 905 305 958 τὸν
340 903 587 970 ποταμὸν
622 902 798 964 οὕτως
829 901 1100 971 ἀπῆλθον.
1178 903 1300 954 222.
1340 910 1456 964 πῶς
1495 897 1599 955 οὖν
1636 911 1751 964 τοῖς
1782 914 1928 957 R597

148 993 254 1060 μὲν
292 991 602 1061 ἐπεκούρει,
651 999 768 1054 τοῖς
808 989 859 1043 δ’
890 990 1137 1060 ἐμάχετο;
1188 993 1361 1053 πολὺς
1407 990 1487 1043 ὢν
1532 990 1561 1043 ὁ
1603 991 1842 1058 ποταμὸς

155 1082 455 1154 Εὐφράτης
514 1079 606 1133 καὶ
666 1084 890 1133 πολλῶν
949 1089 1209 1147 ποταμῶν
1263 1078 1593 1149 ἀντίρροπος
1652 1080 1844 1149 μικρὸς
1868 1102 1911 1133 10

152 1171 258 1238 μὲν
297 1169 584 1238 οὐδέποτε,
639 1168 892 1237 μέγιστος
940 1165 1000 1221 δὲ
1047 1169 1211 1230 αὐτὸς
1258 1168 1430 1221 αὑτοῦ
1475 1170 1685 1236 γίνεται
1732 1177 1844 1221 τῶν

161 1261 371 1329 ἠρινῶν
424 1261 647 1328 ὄμβρων
702 1259 953 1311 λυόντων
1006 1259 1083 1320 εἰς
1135 1257 1288 1326 ὕδωρ
1342 1259 1443 1326 τὴν
1497 1256 1558 1310 ἐν
1589 1256 1847 1328 Ἀρμενίᾳ

160 1350 319 1417 χιόνα
357 1355 456 1400 τοῦ
496 1357 764 1416 χειμῶνος
803 1348 1285 1415 οἰκοδομηθεῖσαν,
1326 1348 1379 1399 οἱ
1411 1347 1473 1399 δὲ
1510 1347 1635 1414 περὶ
1676 1347 1847 1399 αὐτὸν

158 1435 395 1507 γεωργοὶ
457 1437 731 1506 διώρυχας
798 1433 966 1489 ἔνθεν
1026 1436 1118 1488 καὶ
1179 1438 1346 1488 ἔνθεν
1405 1435 1847 1503 κατατέμνοντες,

157 1527 336 1580 ὁπόσα
381 1527 679 1594 Αἰγύπτιοι
733 1531 809 1596 τῷ
856 1527 1068 1595 Νείλῳ,
1129 1533 1368 1593 χρῶνται
1415 1522 1512 1576 καὶ
1567 1520 1721 1577 οὗτοι
1776 1530 1850 1596 τῷ
1873 1544 1913 1576 15

155 1622 397 1687 ποταμῷ,
444 1615 534 1667 καὶ
573 1616 725 1667 ἔστιν
764 1612 975 1681 ἀμφοῖν
1021 1611 1049 1665 ὁ
1090 1613 1331 1682 γεωργὸς
1368 1613 1583 1681 κύριος,
1630 1614 1848 1683 εἰσδρα-

136 1713 284 1771 ·μεῖν
328 1724 384 1756 τε
430 1705 490 1756 τὸ
538 1703 692 1771 ὕδωρ
739 1700 829 1754 καὶ
876 1704 962 1770 μή.
1041 1701 1162 1753 223.
1217 1709 1316 1754 τοῦ
1371 1709 1608 1770 στρατοῦ
1655 1705 1849 1755 τοίνυν

162 1792 411 1854 ἐπιόντος
462 1790 681 1853 ἀνέντες
725 1791 903 1852 πάσας
953 1791 1206 1853 εἰσόδους
1251 1796 1326 1862 τῷ
1372 1791 1600 1863 ῥεύματι
1652 1790 1746 1852 τάς
1793 1810 1850 1842 τε

163 1882 437 1949 διώρυχας
498 1882 741 1948 ἔπλησαν
793 1880 884 1931 καὶ
946 1877 1017 1931 δι’
1057 1878 1283 1932 ἐκείνων
1343 1879 1444 1947 τὴν
1506 1880 1678 1947 ἄλλην
1732 1887 1850 1947 γῆν.

165 1966 326 2032 οὗτος
362 1971 593 2038 μόχθων
624 1967 856 2030 ἐκείνοις
894 1966 922 2020 ὁ
962 1969 1338 2036 χαλεπώτατος
1376 1969 1580 2030 παντὸς
1617 1968 1720 2036 μὲν
1749 1975 1849 2020 τοῦ
1876 1989 1918 2020 20

165 2059 518 2124 λιμνάζοντος
565 2061 898 2124 λυποῦντος,
947 2064 1048 2109 τοῦ
1097 2053 1158 2109 δὲ
1198 2055 1259 2109 ἐν
1296 2065 1416 2119 ταῖς
1462 2056 1691 2126 διώρυξι
1737 2064 1853 2119 τοῖς

163 2144 266 2214 μὲν
311 2148 388 2209 εἰς
428 2146 658 2216 στέρνον
703 2145 1126 2213 ἀναβαίνοντος,
1181 2154 1296 2208 τοῖς
1336 2144 1385 2197 δ’
1417 2147 1496 2208 εἰς
1534 2147 1852 2215 πρόσωπον,

273 2326 339 2424 ἕ2
387 2321 454 2424 τρῖ
487 2319 719 2375 στέρνον
767 2323 938 2378 μᾶλλον
983 2321 1033 2364 ἐν
1079 2324 1142 2381 τῷ
1189 2321 1515 2378 καταλογάδην
1560 2319 1677 2380 λόγῳ
1727 2319 1754 2376 ἢ
1802 2321 1853 2364 τὸ

167 2387 262 2436 στῆ
321 2397 378 2432 ος
457 2387 474 2405 ¹⁹

290 2541 312 2579 1
345 2544 510 2592 ταμεῖα
536 2536 664 2580 LaU
685 2535 786 2579 Mor
809 2536 878 2579 Re
1000 2540 1024 2578 3
1058 2534 1228 2591 ἀρτίως
1259 2550 1334 2579 om
1358 2536 1459 2579 Mor
1482 2536 1551 2579 Re
1671 2541 1698 2578 4
1733 2533 1858 2586 ὅπως

170 2595 221 2640 δὲ
255 2595 351 2653 καὶ]
380 2594 503 2646 ὅπως
533 2595 614 2639 καὶ
636 2594 739 2638 Mor
799 2595 878 2637 καὶ
910 2591 1035 2645 ὅπως
1058 2595 1181 2639 Fabr
1208 2597 1214 2651 Ι
1242 2594 1453 2650 νήφωσιν
1477 2595 1599 2638 Fabr
1719 2600 1745 2638 5
1778 2595 1857 2638 ἀσ-

172 2654 324 2710 σύριοι
348 2655 459 2699 LaI
484 2655 565 2698 sed
596 2653 645 2696 in
675 2653 765 2696 hoc
795 2653 924 2709 prius
957 2667 983 2696 σ
1013 2653 1138 2697 inser
1163 2654 1246 2709 m⁸‚
1279 2654 1370 2698 edd
1492 2659 1515 2697 7
1549 2651 1603 2698 ὃν
1635 2655 1743 2710 post
1772 2668 1857 2697 πο-

171 2712 324 2770 λέμιον
348 2713 646 2757 inserendum
669 2711 774 2756 coni
796 2712 866 2755 Re
893 2714 899 2769 Ι
926 2712 1282 2768 ἀπιστήσαντες
1303 2715 1338 2756 Ι
1363 2713 1444 2756 sed.
1467 2727 1593 2769 τιστη
1618 2713 1668 2756 in
1690 2726 1766 2756 ras
1791 2711 1860 2755 m²

234 2777 258 2815 9
293 2771 344 2816 δὲ
371 2773 415 2816 V
530 2777 582 2815 11
617 2769 661 2816 δ’
691 2771 760 2814 Re
787 2771 794 2828 Ι
822 2770 989 2815 ἑαυτοῦ
1014 2774 1125 2816 ΒΜ
1153 2774 1199 2816 et
1230 2786 1287 2815 ex
1310 2772 1454 2815 αὑτοῦ
1479 2786 1581 2816 corr
1597 2771 1654 2815 1²
1715 2772 1859 2815 αὐτοῦ

177 2841 260 2883 Mo
283 2838 384 2882 Mor
506 2843 558 2881 12
592 2834 788 2894 ἁρμενία
812 2838 847 2879 Ι
898 2832 1095 2894 ’ἁρμενία
1114 2839 1199 2882 Mo
1321 2841 1375 2880 13
1408 2832 1593 2892 „malim
1616 2838 1860 2881 ἀνοικοδο-

175 2900 434 2952 μηθεῖσαν“
466 2898 534 2941 Re
656 2901 711 2940 14
743 2894 1077 2954 ἀνατέμνοντες
1107 2897 1229 2940 Fabr
1365 2901 1419 2940 15
1452 2895 1622 2941 ὁπόσαι
1655 2897 1694 2941 G
1720 2896 1801 2939 sed
1836 2900 1858 2938 1

175 2955 250 2998 vel
275 2961 300 2998 2
325 2955 404 2999 litt
434 2958 541 3012 post
565 2973 581 2998 ι
613 2969 713 2999 eras
776 2954 926 3000 ὁπόσα
950 2954 1037 3012 γὰρ
1055 2957 1130 3000 La
1159 3019 1162 3021 ‚
1250 2961 1304 2999 21
1339 2953 1384 2999 δ’
1414 2955 1481 2999 Re
1509 2956 1515 3012 Ι
1543 2955 1761 3010 διώρυξιν
1787 2955 1862 2998 La
