2060 3162
239 115 349 170 260
731 117 961 160 LIBAMI
991 115 1215 161 ORATIO
1248 99 1397 162 §ivm

240 254 343 306 οὐκ
381 252 581 315 ἐῶντος
619 259 888 305 τοσοῦτον
936 241 1135 319 εἴποιμ’
1174 254 1259 321 ἄν,
1315 253 1398 306 ὅτι
1444 262 1619 306 τοῖσι
1666 253 1717 306 δ’
1756 255 1927 323 ἄφαρ

144 356 151 368 ‘
238 344 520 410 πόλεμος
559 342 850 408 γλυκίων
889 340 1091 409 γένετ’
1128 340 1162 410 ἢ
1202 343 1474 411 πρότερον
1512 343 1573 394 τὸ
1605 339 1778 411 μηδὲν
1807 361 1930 396 ποι-

241 439 337 482 εῖν.
415 429 501 481 54.
563 427 654 482 καὶ
710 427 890 482 ε’δόκει
946 430 1066 482 δεῖν
1118 429 1280 499 κέρας
1334 431 1435 499 μὲν
1490 429 1747 500 ἑκάτερον
1801 433 1931 494 τοὺς

243 517 436 580 ἱππέας
475 520 638 586 ἔχειν,
676 518 737 570 τὸ
778 517 948 584 μέσον
980 515 1042 570 δὲ
1081 513 1222 571 εἶναι
1260 528 1372 572 τῶν
1411 519 1670 587 ὁπλιτῶν,
1709 522 1839 582 τοὺς
1871 520 1933 572 δὲ

198 626 217 658 5
243 605 502 675 ἀμείνους
541 605 813 677 ἑκατέρων
851 607 1064 659 τούτων
1103 605 1165 659 ἐν
1195 614 1270 679 τῷ
1303 605 1461 679 δεξιῷ
1495 608 1618 677 περὶ
1650 609 1749 660 τὸν
1779 611 1930 676 βασι-

242 693 351 747 λέα.
427 692 519 747 καὶ
569 702 732 748 τοῦτο
784 696 897 747 ἔδει
942 695 1044 763 μὲν
1089 697 1219 758 τοὺς
1264 699 1560 763 πολεμίους
1611 697 1932 764 λανθάνειν,
1995 757 1997 759 ,

233 786 443 836 ’λαθεῖν
483 783 544 836 δὲ
583 783 685 836 οὐκ
725 789 907 837 εἴασεν
946 785 1269 853 αὐτομόλων
1306 793 1476 837 τινῶν
1507 786 1683 838 κακία.
1745 805 1933 853 γιγνο-

153 884 299 928 12541
353 871 518 940 μένης
568 869 630 924 δὲ
678 879 774 941 τῆς
829 872 1055 925 ἐκείνων
1119 871 1124 943 Ι
1191 874 1494 939 διαβάσεως
1543 873 1787 926 κωλύσαι
1833 870 1935 940 μὲν

238 958 368 1023 ἐξὸν
408 960 436 1012 ὁ
476 963 737 1028 βασιλεὺς
777 961 879 1014 οὐκ
919 959 1217 1030 ἐβουλήθη,
1258 960 1375 1013 ἀλλ’
1407 958 1538 1013 οὐδὲ
1575 961 1726 1030 μέρει
1765 968 1942 1033 μικρῷ

166 1070 220 1102 ‘10
243 1050 574 1119 προσπεσὼν
598 1048 960 1118 μαχέσασθαι,
993 1050 1097 1118 ἤδη
1131 1047 1193 1102 δὲ
1218 1051 1397 1102 ὄντων
1420 1051 1760 1120 τρισμυρίων
1783 1049 1935 1102 κατέ-

244 1140 423 1205 βαινε,
479 1137 614 1207 πρὶν
667 1137 1022 1205 ἐπιγενέσθαι
1068 1139 1332 1200 πολλάκις
1378 1139 1697 1200 τοσούτους·
1767 1137 1936 1206 ἐγνώ-

237 1240 414 1279 κεσαν
454 1227 576 1296 γάρ,
618 1228 689 1289 ὡς
728 1223 798 1294 ἧν
838 1226 1064 1279 ἀκούειν
1102 1226 1354 1295 ὕστερον,
1395 1226 1603 1295 μηδένα
1641 1236 1752 1279 τῶν
1781 1229 1937 1295 μαχί-

234 1335 364 1381 μων
411 1320 555 1368 οἴκοι
601 1315 803 1381 μένειν.
880 1314 965 1367 55.
1022 1316 1185 1384 ἄμφω
1232 1318 1427 1368 τοίνυν
1474 1313 1597 1377 ἄξια
1635 1316 1938 1383 θαυμάσαι,

237 1404 306 1455 -τὸ
345 1405 478 1471 μήτε
515 1413 633 1466 τοῖς
663 1404 899 1473 πρώτοις
946 1403 1251 1472 ἀπαντῆσαι
1298 1405 1430 1472 μήτε
1477 1412 1588 1456 πᾶν
1626 1404 1686 1456 τὸ
1725 1423 1938 1472 κεκινη-

172 1507 222 1544 '15
246 1491 416 1558 μένον
465 1490 754 1555 δέξασθαι·
810 1493 871 1544 τὸ
919 1489 1021 1559 μὲν
1058 1493 1164 1562 γὰρ
1204 1487 1274 1559 ἦν
1314 1493 1381 1545 οὐ
1427 1491 1589 1560 μέγα,
1636 1494 1697 1545 τὸ
1739 1489 1800 1544 δὲ
1838 1499 1938 1545 τοῦ

235 1583 509 1648 μεγίστου
559 1581 849 1649 κινδύνου,
899 1580 1098 1655 καὶτὸ
1151 1578 1251 1650 μὲν
1302 1588 1501 1649 μικροῦ
1538 1582 1653 1648 τὴν
1698 1582 1940 1649 γνώμην,

247 1670 308 1721 τὸ
350 1666 411 1721 δὲ
451 1669 762 1737 ἀλογίστου.
840 1670 932 1722 διὰ
979 1677 1144 1722 τοῦτο
1192 1671 1417 1731 πλείους
1455 1665 1557 1737 μὲν
1597 1665 1676 1722 ὧν
1714 1666 1811 1736 ἦγε
1849 1668 1941 1721 καὶ

246 1762 434 1829 πολλῷ
467 1778 577 1811 τινι
617 1761 1055 1828 περαιουμένους
1094 1757 1195 1810 οὐκ
1234 1754 1400 1827 εἶργε,
1446 1766 1511 1827 τῇ
1553 1755 1615 1809 δὲ
1655 1757 1838 1828 ε’φόδῷ
1878 1757 1939 1809 τὸ

249 1847 468 1908 τούτοις
501 1845 758 1916 ἐπιρρέον
791 1848 997 1914 ἔστησε.
1075 1845 1159 1898 56.
1193 1855 1309 1908 τοῖς
1340 1846 1642 1916 βαρβάροις
1673 1842 1734 1897 δὲ
1765 1845 1942 1896 πάντα

182 1953 227 1985 20
251 1933 618 2002 πεπυσμένοις
671 1935 732 1986 τὸ
778 1931 880 2000 μὲν
927 1935 1315 2004 ἀνδρειότερον
1361 1942 1457 2001 τῆς
1505 1942 1762 2002 στρατιᾶς
1807 1934 1943 2001 πρὸς

249 2022 311 2073 τὸ
350 2030 600 2090 κρεῖττον
639 2021 1006 2090 ἀντετέτακτο,
1053 2029 1128 2093 τῷ
1174 2021 1331 2093 δεξιῷ
1378 2019 1438 2074 δὲ
1477 2022 1609 2090 κέρᾳ
1655 2022 1942 2089 σύμμαχον

373 2215 395 2253 1
428 2210 479 2254 Π.
506 2212 535 2268 β
559 2214 643 2253 453
767 2214 791 2251 3
824 2210 974 2254 Amm.
1000 2209 1106 2253 XVI
1128 2214 1196 2263 12,
1218 2215 1240 2253 7
1267 2211 1313 2252 eb
1338 2214 1390 2252 21
1518 2213 1572 2251 10
1604 2209 1754 2252 Amm.
1780 2209 1809 2251 1.
1828 2209 1856 2252 l.
1885 2213 1940 2251 26

315 2273 368 2312 19
401 2270 550 2312 Amm.
576 2269 654 2312 1.1.
682 2274 736 2312 21

377 2451 399 2489 1
435 2445 611 2501 εἴποιμι
634 2446 677 2489 V
698 2448 703 2501 Ι
731 2452 849 2489 τοῖσι
882 2444 1046 2500 scripsi
1071 2458 1176 2487 cum
1199 2444 1323 2487 Fabr
1348 2458 1372 2487 e
1401 2445 1783 2488 VLaIMPBMo
1850 2450 1948 2494 τοῖς

254 2503 425 2559 reliqui
449 2504 557 2547 libri
581 2505 683 2548 Mor
705 2505 775 2547 Re
802 2504 807 2561 Ι
836 2503 886 2548 δὲ
911 2503 1013 2546 Mor
1029 2503 1097 2546 Re
1212 2508 1237 2546 2
1270 2501 1417 2559 γένετ’
1440 2503 1604 2559 scripsi
1628 2516 1653 2545 e
1677 2503 1790 2546 VLa
1852 2500 1947 2558 ἐγέ-

257 2578 361 2607 νετο
378 2564 435 2606 Μ
447 2563 570 2606 Fabr
630 2561 787 2620 γένετο
804 2562 975 2617 reliqui
991 2561 1103 2604 libri
1115 2562 1216 2605 Mor
1231 2562 1299 2605 Re
1393 2567 1416 2605 7
1444 2559 1488 2606 δ’
1506 2562 1574 2604 Re
1601 2562 1607 2619 Ι
1635 2558 1892 2616 κακουργία
1912 2561 1955 2603 V

260 2621 267 2680 Ι
303 2620 548 2678 γινομένης
574 2623 617 2665 V
790 2625 816 2663 8
851 2623 1052 2664 κωλῦσαι
1083 2621 1176 2663 ΙΜ
1210 2623 1258 2663 eb
1289 2634 1313 2663 e
1345 2620 1547 2664 κωλύσαι
1586 2633 1687 2662 corr
1710 2621 1756 2663 P
1796 2619 1853 2662 cf.
1887 2618 1949 2661 ad.

257 2681 291 2723 t.
316 2680 338 2722 I
370 2685 469 2736 272,
489 2686 514 2723 5
698 2684 723 2723 9
764 2680 977 2738 βασιλεὺς
1015 2679 1065 2722 δὲ
1109 2680 1193 2723 οὐκ
1226 2679 1300 2723 La
1323 2679 1446 2722 Fabr
1503 2682 1508 2733 Ι
1564 2676 1805 2735 ἠβουλήθη
1833 2677 1895 2719 M

261 2743 316 2781 17
350 2742 566 2783 διατοῦτο
586 2739 816 2783 BVIMP
840 2741 846 2794 Ι
873 2733 982 2794 ἦγεν
1007 2739 1083 2781 La
1110 2740 1115 2793 1
1143 2738 1223 2781 καὶ
1246 2738 1296 2780 in
1318 2751 1394 2781 ras
1418 2737 1477 2780 1²
1537 2751 1612 2779 om
1639 2738 1701 2779 M
1818 2739 1872 2778 18
1897 2732 1945 2778 δ’

242 2797 329 2840 >Re
473 2802 527 2840 20
561 2795 801 2853 στρατείας
831 2798 983 2841 LaIP
1012 2797 1093 2840 sed
1124 2797 1173 2839 in
1204 2796 1277 2839 his
1310 2797 1490 2839 duobus
1521 2795 1571 2837 in
1603 2801 1818 2849 στρατιᾶς
1850 2807 1950 2837 corr

242 2855 331 2898 2m²
452 2861 504 2898 21
540 2855 835 2900 ἀντιτέτακτο
861 2856 987 2899 ΡΠΙ
1010 2856 1091 2898 sed
1122 2855 1172 2898 in
1194 2856 1283 2899 hoc
1313 2871 1452 2898 τακτο
1484 2854 1533 2896 in
1556 2866 1631 2896 ras
1655 2852 1737 2907 111²,
1770 2853 1892 2895 Fabr

262 2913 515 2958 ἀντέτακτο
545 2916 606 2957 Μ
