2060 3162
213 545 235 575 4

257 121 366 174 400
789 120 1017 164 LIBANII
1049 120 1270 166 ORATIO
1302 121 1406 165 XIX

257 257 620 325 κατηνάγκαζε
666 255 902 324 βλέπειν,
950 256 1120 309 αὐτὸν
1159 254 1220 309 δὲ
1259 258 1359 310 οὐκ
1398 262 1483 311 εἴα
1530 256 1686 326 ῥῆξαι
1725 261 1934 328 φωνήν.

259 346 342 397 32.
399 346 565 414 ἀρχῆς
610 342 671 397 δὲ
720 346 791 413 μὴ
839 345 1175 413 φαινομένης
1219 346 1444 414 ἠρεμεῖν
1489 343 1559 415 ἦν
1599 346 1806 414 ἀνάγκη
1845 347 1934 399 καὶ

257 437 470 502 πλῆθος
508 435 685 496 ὄντας.
754 434 813 486 oc
846 436 1262 500 πολιτευόμενοι
1302 435 1362 487 δὲ
1399 437 1587 504 πόρρω
1626 442 1727 488 τοῦ
1767 442 1936 487 ταῦτα

258 519 398 590 ἦσαν
435 520 525 574 καὶ
571 523 829 591 πράττειν
873 521 964 574 καὶ
1012 522 1161 592 ὁρὸενγ
1193 521 1283 575 καὶ
1322 524 1653 586 καταδύντες
1699 524 1803 593 ὅπῃ
1842 524 1935 575 τύ·-

169 625 316 667 R640
371 629 520 679 χοιεν
571 609 799 672 ἑαυτοὺς
862 609 869 681 Ι
934 610 1194 675 διέσωζον
1241 612 1501 680 δεδιότες,
1554 613 1626 681 μὴ
1673 611 1937 681 φανέντες

258 699 517 752 ἕλκοιντο.
593 700 736 751 πολὺ
792 695 853 750 δὲ
907 698 1236 770 δεινοτέρων
1296 701 1474 753 ὄντων
1533 709 1645 753 τῶν
1697 717 1936 770 πεπραγ-

212 845 214 848 ,
257 787 439 856 μένων
484 786 701 840 ἐκεῖθεν
755 784 905 856 εἶχον
950 787 1183 854 εὔλογον
1235 789 1334 841 τὸν
1387 786 1475 841 ἐπὶ
1527 798 1642 851 τοῖς
1687 787 1936 841 ἐλάττοσι

192 1077 235 1108 10

193 1519 234 1551 15

259 878 452 945 φόβον.
528 878 657 938 τοὺς
717 877 820 945 γὰρ
885 875 1110 929 ἐκείνων
1171 876 1272 929 οὐκ
1327 876 1732 946 ἀπεσχημένους
1785 880 1937 939 τίνας

259 967 370 1018 ἔδει
415 967 657 1032 νομίζειν
702 964 763 1018 ἐν
808 975 924 1027 τοῖς
971 966 1155 1027 ἄλλοις
1202 967 1427 1018 ἔσεσθαι
1480 967 1572 1018 καὶ
1616 973 1786 1018 ταῦτα
1831 967 1934 1034 ἤδη

257 1055 431 1122 πυρὸς
493 1059 570 1115 εἴς
629 1072 778 1115 τινος
829 1062 960 1106 τῶν
995 1053 1383 1123 λαμπροτέρων
1438 1055 1617 1107 οἰκίαν
1678 1052 1937 1124 ἐμβεβλη-

259 1142 451 1211 μένου;
505 1138 574 1210 ἦν
621 1139 680 1194 δὲ
719 1142 905 1204 αὐτοῖς
953 1144 1096 1194 πολὺ
1135 1144 1337 1195 πλείων
1375 1151 1486 1195 τῶν
1523 1151 1717 1211 ψυχῶν
1754 1143 1787 1211 ’ἢ
1825 1151 1936 1195 τῶν

259 1232 449 1284 οἰκιῶν
487 1233 664 1298 λόγος.
741 1230 826 1282 33.
878 1230 1265 1300 διεσπαρμένοι
1303 1233 1497 1284 τοίνυν
1542 1232 1676 1283 κατὰ
1713 1231 1810 1283 τὸν
1849 1229 1939 1297 ἑμ-

258 1321 571 1372 πεπτωκότα
611 1321 790 1388 φόβον
820 1320 910 1371 καὶ
942 1319 1043 1371 οὐκ
1081 1317 1297 1388 ἔχοντες
1329 1320 1471 1372 ἰδεῖν
1501 1319 1772 1388 ἀλλήλους
1811 1317 1931 1372 οὐδ’

260 1409 434 1461 εἰπεῖν
475 1407 594 1460 οὐδ’
626 1407 858 1460 ἀκοῦσαι
903 1406 1027 1477 περὶ
1077 1417 1188 1460 τῶν
1225 1410 1513 1477 παρόντων
1551 1409 1642 1460 καὶ
1681 1408 1788 1476 ἅμα
1826 1417 1938 1461 τῶν

260 1496 674 1565 ἀγγελλομένων
725 1498 948 1558 πλείους
1000 1497 1314 1549 ποιούντων
1371 1499 1501 1559 τοὺς
1553 1505 1669 1558 ταῖς
1731 1498 1939 1549 εἰκόσιν

259 1584 621 1654 ἐπιθεμένους
660 1587 866 1638 ἔκειντο
907 1586 1191 1654 εὐχόμενοι
1229 1581 1330 1654 μὲν
1363 1588 1551 1653 λαβεῖν
1588 1586 1654 1638 τὰ
1691 1587 1937 1654 παρόντα

259 1674 438 1742 λύσιν,
476 1677 748 1744 προβῆναι
789 1671 850 1726 δὲ
889 1675 966 1736 εἰς
1005 1677 1170 1741 ἔργον
1208 1674 1309 1726 οὐκ
1349 1676 1575 1743 ἔχοντες.

379 1911 401 1948 1
436 1907 492 1950 cf.
527 1907 588 1951 Io.
616 1906 774 1963 Chrys.
799 1907 921 1951 hom.
940 1907 982 1950 II
1006 1923 1050 1964 p.
1070 1912 1124 1950 22
1142 1908 1179 1950 Β
1198 1922 1262 1964 sq.

380 2133 402 2171 1
428 2127 778 2184 κατηνάγκαζον
796 2129 905 2172 Bad
957 2127 1187 2200 ἠνάγκαζε
1203 2127 1270 2171 Re
1326 2124 1391 2177 εἷς
1408 2123 1480 2184 (ἧς
1499 2128 1543 2171 U
1562 2126 1666 2171 εἴσω
1684 2129 1772 2183 Ρα)
1827 2144 1935 2171 κατ-

263 2186 491 2243 ηνάγκαζε
536 2186 707 2243 reliqui
745 2186 855 2230 libri
894 2187 984 2230 edd
1041 2190 1046 2242 Ι
1105 2184 1149 2231 δ’
1171 2187 1238 2229 Re
1289 2187 1294 2244 Ι
1345 2179 1380 2246 ᾧ
1421 2192 1567 2230 ταῦτα
1615 2186 1663 2230 ἐν
1703 2185 1866 2244 ἡδονῇ,
1911 2185 1935 2231 ὃ

259 2253 350 2290 τῶν
382 2245 663 2303 γιγνομένων
695 2244 989 2290 καθέκαστον
1020 2244 1249 2301 ηνάγκαζε
1274 2232 1455 2303 βλέπειν
1480 2244 1584 2288 coni
1607 2244 1674 2288 Re
1796 2244 1913 2302 2μὴ

261 2306 315 2349 οὐ
340 2306 413 2349 Ρα
491 2305 534 2348 οἱ
558 2305 667 2348 Bad
693 2306 699 2360 Ι
728 2302 984 2372 φερομένης
1006 2304 1114 2348 Flor
1140 2306 1145 2360 Ι
1174 2320 1317 2354 ουτως
1348 2306 1455 2347 ante
1487 2303 1681 2378 ηρεμεῐν
1705 2305 1814 2348 Bad
1845 2304 1903 2348 ed

261 2365 342 2407 sed
372 2363 503 2407 uncis
535 2363 725 2407 inclusit
748 2363 815 2407 Re
845 2363 1138 2419 improbante
1162 2363 1213 2406 A.
1235 2363 1397 2407 Iahnio
1440 2365 1446 2419 Ι
1488 2381 1556 2437 ην
1577 2377 1632 2406 ex
1656 2380 1714 2419 ην
1747 2377 1848 2407 corr
1874 2363 1936 2407 0¹¹

320 2437 394 2466 om
426 2424 535 2467 Bad
565 2423 667 2466 Mor
845 2427 870 2465 3
903 2422 961 2478 δὴ
992 2421 1100 2465 Flor
1155 2423 1162 2478 Ι
1217 2420 1372 2477 πόρρω
1405 2438 1497 2466 που
1527 2416 1645 2478 ἦσαν
1676 2428 1758 2465 τοῦ
1790 2428 1935 2465 ταῦτα

261 2482 371 2525 Bad
401 2482 491 2525 edd
611 2487 638 2525 4
668 2481 749 2526 καὶ
780 2495 855 2525 om
879 2482 988 2525 Bad
1015 2483 1020 2537 Ι
1048 2479 1356 2553 συμπράττειν
1386 2483 1420 2524 Ι
1445 2482 1526 2524 sed
1558 2495 1646 2537 συμ
1675 2481 1799 2524 inser
1829 2480 1899 2522 m²
1925 2480 1930 2538 Ι

260 2541 542 2591 καταδύντες
572 2542 607 2584 I
646 2541 726 2584 sed
768 2541 875 2597 post
906 2557 933 2584 ν
969 2553 1044 2583 ras
1078 2545 1102 2582 2
1134 2540 1212 2583 litt
1269 2544 1274 2594 Ι
1334 2555 1423 2599 οπῃ
1463 2553 1518 2583 ex
1558 2538 1665 2584 ὅποι
1704 2553 1803 2582 corr
1835 2539 1880 2581 P

262 2643 381 2671 οπου
416 2629 458 2671 V
513 2644 620 2672 οποι
651 2630 814 2673 ΡαΤΒ
877 2643 994 2672 οπου
1026 2629 1135 2672 Bad
1165 2628 1267 2672 Mor
1385 2633 1410 2670 6
1441 2628 1601 2672 πολλοὶ
1636 2628 1676 2670 Τ
1700 2629 1706 2683 fl
1734 2625 1934 2670 δεινοτέ-

261 2685 796 2745 ρων-πεπραγμένων]
829 2684 1135 2742 δεινότερον
1123 2685 1177 2732 ὂν
1207 2688 1258 2731 τὸ
1291 2689 1383 2744 (om
1411 2688 1536 2743 Bad)
1607 2684 1933 2742 πεπραγμένον

261 2746 371 2790 Bad
394 2745 501 2788 Flor
622 2750 675 2788 10
706 2763 812 2790 τινα
841 2753 933 2789 τῶν
964 2746 1295 2802 λαμπροτάτων
1328 2747 1487 2790 οἰκιῶν
1511 2746 1621 2789 Bad
1647 2747 1652 2800 Ι
1680 2745 1933 2818 ἀναβεβλη-

261 2802 403 2859 μένου
435 2806 508 2848 Ρα
549 2807 554 2861 Ι
600 2810 652 2848 11
686 2803 731 2850 δ’
760 2805 828 2849 Re
870 2807 928 2860 Ι,
933 2807 1036 2859 ‚imo
1067 2819 1167 2850 vero
1199 2822 1253 2849 ου
1285 2805 1430 2849 πολὺ“
1462 2805 1530 2848 Re
1659 2807 1712 2846 12
1745 2802 1768 2846 ὁ
1801 2801 1935 2858 λόγος

261 2863 363 2906 Mor
483 2868 536 2906 13
565 2864 673 2907 οὐδὲ
704 2865 745 2908 Τ
861 2868 915 2906 14
939 2863 1049 2908 οὐδὲ
1072 2865 1115 2908 V
1229 2869 1282 2908 15
1305 2864 1412 2913 τοὺς
1435 2878 1510 2907 om
1533 2862 1634 2905 Mor
1756 2866 1808 2904 16
1835 2862 1934 2905 ἐπι-

261 2920 534 2978 τιθεμένους
565 2923 674 2967 Bad
796 2927 848 2965 17
882 2919 929 2966 δ’
957 2923 1025 2966 Re
1207 2952 1210 2957 -
