2054 3140
679 135 909 179 LIBANH
944 134 1168 180 ORATIO
1201 135 1285 178 ΧΠ
1762 136 1831 188 37

147 271 467 341 ἡττημένου,
518 271 547 324 ὁ
589 270 639 323 δ’
670 269 937 342 ἀπέρριψε
975 272 1076 340 τὴν
1116 270 1409 340 ἐπιστολὴν
1448 271 1836 342 ἀνδρειότερον

148 362 466 429 Διομήδους
505 361 693 413 δεινὸν
731 362 986 429 νομίζων,
1027 365 1084 412 εἴ
1114 380 1196 422 τις
1235 361 1478 428 ὀφείλων
1518 361 1674 423 δίκας
1708 360 1836 431 περὶ

148 451 409 503 σπονδῶν
458 447 773 512 διαλέξεται.
853 449 935 503 78.
997 450 1209 502 τούτων
1260 450 1321 502 δὲ
1367 450 1470 502 οὐκ
1519 448 1722 503 ἐλάττω
1768 451 1836 502 τὰ

146 540 283 608 πρὸς
327 541 458 601 τοὺς
502 539 736 606 ἥκοντας
786 539 935 608 παρὰ
986 547 1098 591 τῶν
1144 542 1409 606 Σκυθῶν,
1465 538 1561 601 οὓς
1615 538 1675 592 ἐν
1719 547 1837 602 τοῖς

148 628 333 698 ὅρκοις
370 626 946 697 ἀκριβολογουμένους
992 627 1179 695 λαβὼν
1224 626 1512 680 ἐκέλευσεν
1559 627 1832 681 ἀπελθόν·
1880 648 1899 681 5

146 735 240 778 τας
278 715 404 786 περὶ
443 715 685 785 πολέμου
726 723 969 783 σκοπεῖν,
1008 714 1100 768 καὶ
1140 717 1232 769 διὰ
1269 723 1484 786 μακροῦ
1525 717 1593 785 δὴ
1629 719 1834 787 χρόνου

141 803 398 874 Ῥωμαῖος
444 803 584 875 ἀνὴρ
632 805 891 873 ἠπείλησε
941 805 1216 877 βαρβάρῳ.
1296 805 1379 858 79.
1433 807 1614 858 πόθεν
1660 807 1728 875 δὴ
1774 806 1835 859 τὸ

146 901 246 946 τοῦ
306 893 550 961 πολέμου
600 892 607 965 Ι
656 893 1036 963 μεταπέπτωκε
1089 902 1326 963 πνεῦμα;
1387 893 1478 947 καὶ
1532 897 1590 947 τί
1638 896 1738 963 τὴν
1776 907 1925 951 R394

140 981 418 1052 Ῥωμαίων
455 983 628 1052 τύχην
666 982 1012 1051 ἐπανήγαγεν
1051 985 1128 1046 εἰς
1158 984 1220 1036 τὸ
1256 982 1474 1053 Πέρσας
1506 985 1728 1052 φοβεῖν;
1768 984 1835 1036 οὐ

146 1074 440 1141 πεζομαχία
477 1092 557 1134 τις
596 1070 715 1125 οὐδ’
756 1073 1086 1141 ἱππομαχίας
1123 1074 1293 1136 πόνος
1332 1071 1452 1125 οὐδ’
1494 1073 1681 1126 ὅπλων
1718 1092 1834 1126 και-
1860 1094 1903 1126 10

150 1163 311 1229 νότης
344 1158 463 1213 οὐδ’
497 1160 894 1230 ἐπιτεχνήσεων
925 1159 1156 1231 εὕρεσις,
1190 1159 1304 1213 ἀλλ’
1330 1162 1387 1214 αἱ
1410 1160 1614 1215 πυκναὶ
1638 1164 1837 1214 θυσίαι

149 1248 240 1302 καὶ
279 1251 340 1303 τὸ
382 1242 515 1318 αἷμα
553 1251 614 1303 τὸ
654 1251 798 1303 πολὺ
838 1250 928 1302 καὶ
968 1251 1020 1302 οἱ
1059 1259 1172 1302 τῶν
1211 1249 1521 1320 ἀρωμάτων,
1554 1249 1715 1320 ἀτμοὶ
1746 1251 1836 1304 καὶ

147 1344 300 1392 θεῶν
350 1337 616 1402 ἑστιάσεις
669 1339 761 1391 καὶ
815 1339 1095 1408 δαιμόνων
1148 1341 1279 1402 τοὺς
1328 1343 1625 1408 πολεμίους
1679 1339 1837 1393 συνέ-

150 1431 382 1480 στειλαν.
461 1427 546 1480 80.
587 1428 680 1480 διὰ
717 1435 882 1480 τοῦτο
923 1431 1100 1496 χαίρει
1139 1428 1479 1497 καλούμενος
1519 1430 1696 1499 ἱερεὺς
1734 1428 1836 1497 οὐχ

148 1511 313 1584 ἧττον
351 1515 384 1583 ἣ
423 1517 700 1585 βασιλεύς,
739 1516 828 1568 καὶ
868 1517 1112 1583 τοῦνομα
1150 1526 1267 1579 τοῖς
1306 1519 1488 1586 ἔργοις
1519 1520 1834 1585 συμβαίνει·
1860 1537 1902 1570 15

150 1603 223 1666 ὡς
261 1604 329 1656 οὐ
367 1606 576 1672 μᾶλλόν
614 1623 676 1672 γε
707 1603 966 1671 βασιλέας
998 1614 1114 1668 τοῖς
1144 1604 1271 1674 περὶ
1303 1606 1404 1673 τὴν
1436 1605 1611 1675 ἀρχὴν
1640 1605 1673 1674 ἢ
1706 1607 1837 1669 τοὺς

152 1693 316 1760 ἱερεῖς
363 1692 660 1760 ἁγιστείαις
704 1697 1005 1762 παρῆλθεν.
1083 1693 1149 1746 οὐ
1199 1692 1339 1762 λέγω
1387 1696 1518 1756 τοὺς
1563 1701 1671 1747 νῦν
1708 1696 1839 1757 τοὺς

151 1779 545 1851 ἀμβλυτέρους,
589 1781 726 1835 ἀλλὰ
763 1784 893 1844 τοὺς
930 1783 1099 1835 πάλαι
1136 1784 1267 1845 τοὺς
1305 1782 1367 1836 ἐν
1407 1783 1670 1855 Αἰγύπτῳ
1708 1785 1838 1845 τοὺς

151 1868 652 1938 ἀπηκριβωμένους.
729 1871 796 1924 οὐ
844 1872 948 1941 γὰρ
997 1873 1185 1940 νόμων
1236 1870 1498 1940 ἀνάγκαις
1550 1871 1839 1942 ὑπηρετῶν

150 1964 258 2010 νῦν
295 1954 396 2024 μὲν
442 1960 636 2028 ἔθυσε,
684 1967 791 2012 νῦν
831 1960 891 2012 δὲ
937 1957 1143 2029 ἔληξεν,
1190 1959 1307 2013 ἀλλ’
1347 1961 1532 2030 ὀρθῶς
1579 1962 1836 2030 εἰρῆσθαι
1860 1982 1904 2014 20

150 2048 390 2114 νομίζων
438 2049 500 2100 τὸ
549 2047 668 2101 δεῖν
715 2047 820 2102 ἀπὸ
868 2054 1020 2102 θεῶν
1066 2050 1332 2119 ἄρχεσθαι
1385 2048 1476 2102 καὶ
1523 2051 1703 2119 ἔργων
1746 2050 1837 2102 καὶ

154 2135 353 2203 λόγων,
392 2135 425 2188 ἃ
463 2138 593 2199 τοὺς
625 2138 827 2200 ἄλλους
859 2134 976 2191 οἶδε
1007 2147 1126 2201 ταῖς
1156 2141 1482 2207 νουμηνίαις
1513 2137 1837 2205 ἀναθέντας,

151 2222 314 2276 ταῦθ’
355 2223 582 2293 ἑκάστης
643 2226 844 2295 ἡμέρας
905 2221 1048 2280 εἶναι
1107 2230 1428 2296 πεποίηκεν,
1490 2228 1675 2297 αἵματι
1736 2224 1838 2296 μὲν

272 2389 297 2427 2
329 2384 381 2428 11.
415 2402 431 2428 ι
464 2389 516 2428 31
534 2400 598 2441 sq.
724 2390 779 2429 10
811 2386 954 2430 Thuc.
981 2387 1001 2428 Ι
1028 2391 1096 2442 71,
1124 2393 1148 2431 2

274 2538 296 2576 1
346 2530 371 2576 ὅ
412 2533 590 2578 VIBM
618 2535 666 2577 et
695 2535 742 2579 P
785 2534 865 2577 sed
904 2535 954 2578 in
992 2534 1080 2578 hoc
1119 2538 1284 2579 annisus
1329 2535 1378 2579 in
1409 2548 1484 2578 ras
1515 2534 1586 2578 m²
1677 2533 1701 2579 ὃ
1732 2537 1777 2578 A

153 2596 181 2633 4
226 2591 333 2647 περὶ
368 2592 406 2637 C
551 2596 577 2636 8
621 2608 732 2648 μετα
770 2593 818 2635 in
852 2592 1175 2648 μεταπέπτωκε
1213 2594 1262 2637 in
1292 2607 1369 2637 ras
1410 2593 1543 2639 U²1²
1585 2595 1591 2652 Ι
1632 2601 1748 2639 πνεῦ
1787 2594 1837 2638 in

151 2657 335 2706 πνεῦμα
366 2651 415 2694 in
438 2663 515 2694 ras
543 2649 600 2695 1²
720 2655 746 2694 9
779 2652 850 2710 τὸ]
882 2653 989 2702 τοὺς
1021 2653 1064 2697 U
1183 2657 1236 2696 10
1267 2651 1338 2703 τίς
1357 2654 1499 2698 ΙΒΜ
1618 2658 1671 2696 13
1703 2656 1837 2697 πολε-

154 2706 287 2764 μίους
319 2710 484 2766 scripsi
515 2723 539 2753 e
566 2711 650 2755 VB
683 2724 786 2754 cum
810 2711 878 2755 Re
901 2711 1055 2764 Anim,
1090 2711 1258 2765 Gasda‚
1293 2711 1465 2756 Cobeto
1495 2711 1727 2755 Mnem.V
1753 2717 1834 2755 111

152 2765 285 2822 (Con.
315 2770 416 2825 107>
447 2767 674 2826 πολέμους
702 2770 871 2825 reliqui
902 2770 1012 2813 libri
1045 2771 1136 2815 edd
1179 2772 1184 2829 Ι
1226 2769 1492 2816 ἀνέστειλαν
1523 2769 1670 2814 Cobet
1699 2771 1728 2814 1.
1747 2770 1776 2813 l.

158 2831 212 2868 14
244 2829 460 2871 διατοῦτο
491 2828 666 2872 APVI
781 2833 833 2872 17
860 2827 871 2843 ‘
911 2829 961 2872 in
992 2827 1245 2887 ἁγιστείαις
1275 2830 1322 2872 in
1354 2844 1430 2874 ras
1463 2829 1526 2874 Ρ3
1586 2828 1838 2887 ἁγιστείαις

166 2884 239 2928 UI
353 2890 408 2929 18
438 2887 546 2936 τοὺς
574 2887 704 2943 prius
737 2902 810 2930 om
845 2887 884 2931 Ο
909 2888 1021 2931 Fen·
1042 2889 1145 2932 Mor
1264 2895 1317 2932 21
1362 2891 1470 2945 post
1502 2889 1646 2945 ἔργων
1675 2901 1838 2932 rasura

158 2945 184 2984 6
215 2943 288 2986 vel
322 2948 346 2986 7
378 2944 641 2988 litterarum
672 2947 706 2988 Ι
822 2951 875 2989 22
911 2945 933 2991 ὃ
967 2949 1013 2991 Β
1040 2947 1046 3005 Ι
1075 2943 1183 2992 οἴδα
1208 2949 1254 2991 Β
