2060 3162
698 161 924 205 LIBANII
950 159 1178 205 «ORATIO
1211 160 1316 204 XIX
1739 161 1845 213 389

168 299 326 350 ε”λθοι
363 297 464 366 μὲν
503 298 572 349 ἄν
610 314 740 349 ποτε
779 297 867 349 καὶ
905 295 992 349 ἐπὶ
1032 298 1267 366 σμικρὰν
1298 299 1481 364 πόλιν,
1522 289 1607 359 αἶς
1639 295 1704 349 δέ
1731 295 1847 349 ἐστι

167 386 390 455 μεγέθη,
429 387 571 438 πολὺ
611 392 772 438 τοῦτο
813 384 874 438 ἐν
904 386 1142 447 ταύταις.
1222 386 1302 437 11.
1345 384 1448 438 κᾶν
1480 384 1722 456 ἐξετάζῃς
1753 393 1847 453 τῆς

162 473 435 541 Ῥωμαίων
481 476 759 542 βασιλείας
804 475 903 527 τὸν
949 476 1170 543 χρόνον,
1225 474 1316 526 καὶ
1362 474 1577 536 στάσεις
1623 473 1684 527 ἐν
1730 482 1850 536 ταῖς

167 563 515 631 τηλικαύταις
554 562 822 631 εὑρήσεις·
863 562 926 625 ἃς
961 563 1013 615 οἱ
1043 562 1144 629 μὲν
1176 563 1402 629 ἄμεινον
1434 572 1545 615 τῶν
1575 561 1847 630 βασιλέων

167 658 505 721 φρονοῦντες
562 652 886 720 συγγνώμης
938 649 1194 719 ἠξίωσαν,
1254 650 1377 720 παρ’
1419 650 1583 704 ἐνίων
1638 651 1699 704 δὲ
1746 651 1848 703 οὐκ
1895 671 1914 704 5

168 736 229 792 εὖ
279 739 732 808 βεβουλευμένων
780 735 962 807 ἦλθον
1008 738 1090 792 ἐπ’
1120 740 1289 802 αὐτὰς
1340 742 1518 808 ζημίαι
1565 743 1850 808 ζημιοῦσαι

167 828 257 881 καὶ
297 829 497 890 αὐτοὺς
534 831 663 891 τοὺς
704 831 1038 896 ζημιοῦντας.
1114 829 1250 897 πρὸς
1294 820 1398 897 γάρ
1438 834 1513 900 τῷ
1553 829 1619 880 τὰ
1666 828 1849 880 αὑτῶν

168 916 537 985 ἀσθενέστερα
567 926 748 970 ποιεῖν
776 915 896 970 οὐδ’
921 915 1125 970 εἰδέναι
1155 922 1308 979 θεοῖς
1341 916 1677 969 ἀκολουθεῖν
1709 917 1850 993 ὡμοῇ

167 1007 386 1073 λόγουν.
466 1007 548 1058 12.
602 1008 725 1058 τίνα
772 1007 875 1076 γὰρ
923 1007 991 1075 δὴ
1041 1007 1108 1058 τὰ
1159 1015 1270 1059 τῶν
1323 1011 1496 1070 θεῶν;
1551 1006 1848 1074 συγγνώμη

165 1103 279 1157 τοῖς
324 1092 449 1148 καθ’
482 1094 690 1164 ἡμέραν
730 1094 940 1164 ῥήματα
987 1093 1068 1147 ἐπ’
1103 1095 1304 1157 αὐτοὺς
1350 1094 1612 1163 άφιεῖσιν,
1665 1094 1797 1147 ὅταν
1840 1091 1917 1165 Ιιο
1999 1135 2001 1137 -

167 1203 219 1236 τι
265 1185 411 1252 παρὰ
466 1193 575 1236 τῶν
621 1185 954 1253 πραγμάτων
1008 1188 1300 1237 λυπῶνται.
1378 1185 1554 1236 καίτοι
1608 1186 1738 1235 πολ-
1790 1195 1938 1239 R630

168 1273 319 1334 λάκις
357 1271 515 1325 αὐτοὶ
562 1280 706 1342 σφᾶς
746 1273 946 1335 αὐτοὺς
985 1271 1378 1340 ἀπολλύουσιν,
1426 1270 1540 1325 ἀλλ’
1574 1272 1716 1338 ὅμως
1757 1286 1851 1324 συ-

167 1368 559 1429 κοφαντοῦσιν,
599 1363 655 1414 oc
692 1358 752 1414 δὲ
784 1361 1086 1430 ἀνέχονται.
1145 1361 1234 1414 καὶ
1273 1362 1366 1414 διὰ
1403 1368 1567 1414 τοῦτο
1607 1362 1750 1413 πολὺ
1787 1360 1849 1413 τὸ

167 1459 278 1501 τῶν
316 1449 630 1519 ἀνθρώπων
669 1449 844 1518 γένος,
885 1451 932 1502 εἰ
972 1449 1021 1502 δ’
1053 1450 1274 1502 εἵποντο
1305 1458 1475 1502 πᾶσιν
1506 1449 1851 1518 ἁμαρτήμασι

168 1539 332 1606 δίκαι,
372 1539 592 1608 σφόδρα
630 1538 700 1591 ἂν
739 1539 930 1606 ὀλίγον
961 1533 1030 1605 ἧν
1061 1540 1121 1591 τὸ
1161 1540 1483 1606 σωζόμενον.
1561 1537 1707 1600 ὅστις
1747 1533 1850 1590 οὖν
1875 1558 1916 1592 15

167 1625 404 1680 ἐοικέναι
436 1628 692 1695 βούλεται
723 1633 895 1695 θεοῖς,
936 1625 1117 1695 ἀφιεὶς
1152 1627 1412 1695 τιμωρίας
1432 1625 1678 1695 ’χαιρέτω
1717 1630 1851 1694 μᾶλ-

170 1720 269 1767 λον
314 1714 345 1782 ἢ
396 1716 704 1783 λαμβάνων.
785 1715 866 1767 13.
918 1709 960 1786 ᾧ
1005 1718 1239 1787 μεγίστῳ
1290 1713 1381 1767 καὶ
1429 1717 1558 1777 τοὺς
1583 1712 1852 1783 ’Έλληνας

168 1803 401 1871 εὑρίσκω
442 1812 553 1856 τῶν
583 1804 879 1873 βαρβάρων
912 1802 1290 1872 διαφέροντας.
1367 1804 1420 1856 οἱ
1455 1803 1555 1872 μέν
1594 1823 1656 1870 γε
1688 1803 1852 1871 ἐγγύς

171 1892 276 1944 εἰσι
327 1900 437 1943 τῶν
490 1894 708 1960 θηρίων
762 1891 1106 1960 ἀτιμάζοντες
1158 1890 1332 1961 ἔλεον,
1387 1893 1438 1945 οἱ
1494 1892 1554 1945 δὲ
1610 1891 1749 1955 ὀξεῖς
1794 1911 1851 1945 τε

196 2114 216 2154 t
248 2116 274 2153 4
278 2056 331 2154 287
348 2052 403 2154 021⁶.
423 2052 726 2106 t.1126‚10R
878 2057 932 2096 14
966 2053 1021 2095 cf.
1048 2058 1208 2109 1242ss,
1230 2056 1282 2096 19
1437 2057 1490 2095 16
1524 2052 1581 2096 ef.
1606 2067 1650 2109 p.
1677 2057 1777 2106 426,
1798 2056 1851 2095 10

170 2125 194 2154 e
337 2146 347 2164 ν

290 2265 311 2302 1
346 2258 516 2315 μικρὰν
550 2260 633 2303 VB
677 2262 681 2315 Ι
722 2256 766 2302 δ’
796 2259 864 2303 Re
907 2259 912 2317 Ι
955 2258 1006 2304 δὲ
1039 2259 1131 2304 ἔστι
1166 2260 1334 2303 MBad
1455 2264 1480 2302 2
1513 2257 1711 2315 μέγεθος
1742 2259 1852 2303 Bad

171 2318 259 2361 Sav
387 2323 412 2361 2
444 2318 560 2362 πολὺ
594 2344 648 2350 -
669 2318 888 2392 ταύταις]
922 2332 996 2362 om
1028 2319 1150 2373 Bad,
1185 2320 1293 2362 ante
1324 2323 1351 2362 4
1383 2317 1452 2372 ἃς,
1486 2320 1533 2362 et
1563 2318 1642 2361 καὶ
1673 2316 1853 2369 στάσεις

171 2404 225 2409 -
259 2376 465 2431 εὑρήσεις
496 2379 604 2421 ante
635 2375 725 2422 κᾶν
758 2377 940 2435 ἐξετάζῃ
945 2395 967 2427 ς
997 2377 1270 2421 collocanda
1301 2377 1483 2422 censuit
1508 2377 1701 2421 Boisson
1730 2380 1734 2431 Ι
1762 2374 1852 2420 κᾶν

172 2435 395 2508 ἐξετάζῃς]
431 2436 471 2479 εἰ
504 2435 729 2488 ἐξετάσεις
759 2437 870 2480 Bad
943 2435 1159 2494 ἐξετάσῃς
1188 2436 1291 2480 Mor
1410 2442 1436 2480 5
1470 2435 1514 2480 δ’
1542 2436 1610 2479 Re
1732 2440 1755 2478 7
1787 2438 1852 2495 τῷ

169 2495 245 2553 τὰ]
277 2511 335 2538 τα
364 2502 456 2539 τῶν
487 2497 560 2539 Ρα
602 2497 607 2550 Ι
649 2495 803 2540 αὑτῶν
835 2509 890 2540 ex
921 2495 1072 2539 αυτῶν
1105 2509 1207 2539 corr
1230 2496 1339 2540 Bad
1400 2495 1553 2538 αὐτῶν
1584 2481 1857 2539 ΑΡΡαΤΜ

230 2570 383 2597 αυτων
411 2555 455 2599 U
558 2558 584 2596 8
609 2553 874 2611 ὡμολόγουν
891 2555 1013 2608 Βαά,
1038 2556 1385 2613 διεβεβαιοῦντο
1409 2554 1458 2597 in
1474 2567 1607 2611 marg
1712 2558 1738 2597 9
1763 2553 1851 2610 γὰρ

172 2626 246 2656 om
271 2614 380 2657 Bad
404 2612 470 2668 (in
493 2625 568 2655 ras
589 2619 610 2656 1
634 2612 730 2669 litt)
763 2615 811 2656 et
839 2627 930 2670 γρ
912 2613 1013 2656 Mor
1037 2616 1046 2672 Ι
1073 2615 1103 2657 δ
1128 2627 1231 2657 cum
1254 2627 1329 2657 ras
1357 2618 1378 2655 1
1405 2612 1484 2655 litt
1515 2613 1558 2657 U
1675 2617 1729 2656 10
1755 2619 1853 2662 τοῖς

171 2671 228 2715 τὰ
260 2671 360 2715 Mor
410 2674 415 2727 Ι
466 2670 739 2727 καθημέραν
780 2672 974 2716 VBadB
1018 2674 1023 2728 Ι
1066 2673 1237 2722 αὐτοὺς
1265 2673 1300 2715 Ι
1333 2671 1414 2714 sed
1446 2672 1528 2722 οὺς
1557 2671 1607 2715 in
1637 2685 1714 2716 ras
1736 2670 1807 2714 m'
1841 2671 1847 2730 Ι

174 2728 242 2774 ὅτ’
271 2729 330 2774 ἂν
354 2732 398 2774 Α
580 2735 633 2772 12
667 2746 787 2786 ομως
817 2745 892 2774 om
915 2730 1016 2774 Mor
1059 2732 1140 2775 sed
1171 2748 1228 2803 γρ
1257 2731 1306 2773 in
1329 2742 1462 2787 marg
1503 2731 1510 2788 Ι
1552 2730 1597 2775 οἱ
1628 2747 1710 2787 μεν
1743 2731 1852 2773 ante

174 2796 546 2844 συκοφαντοῦσιν
577 2788 678 2832 Mor
700 2789 770 2832 Re
824 2788 974 2833 delevi
1096 2794 1148 2833 13
1182 2787 1228 2833 δ’
1250 2790 1316 2832 Re
1345 2790 1351 2846 Ι
1379 2791 1596 2833 ὃιατοῦτο
1627 2789 1812 2834 PVIM
1841 2788 1847 2847 Ι

174 2864 227 2903 γρ
244 2848 412 2892 τούτου
442 2848 492 2890 in
515 2860 649 2905 marg
671 2847 772 2891 Mor
894 2851 947 2890 16
980 2850 1089 2892 ante
1114 2847 1315 2894 ἐοικέναι
1345 2862 1420 2891 ras
1445 2853 1530 2892 6—
1535 2853 1558 2892 7
1584 2848 1664 2892 litt
1687 2850 1728 2901 Ι,
1760 2855 1851 2891 τῶν

172 2907 396 2950 τοιούτων
427 2908 539 2951 ΒΜ
677 2911 731 2949 18
764 2905 1075 2962 διαφέροντας
1103 2914 1195 2951 τῶν
1226 2906 1474 2965 βαρβάρων
1506 2908 1540 2950 Ι
1683 2911 1736 2950 19
1769 2906 1850 2949 τὸν

176 2964 300 3009 ἔλεον
332 2966 516 3009 PaBad
538 2965 639 3008 Mor
