2060 3162
199 136 305 188 388
679 133 687 142 ·
731 134 957 178 LIBANH
988 133 1210 179 ORATIO
1243 134 1347 178 XIX

198 270 344 324 τοῦτ’
376 271 674 339 ἀπεδείχθη
721 278 836 333 τοῖς
875 268 927 332 ἐξ
970 271 1121 338 ἱεροῦ
1161 268 1448 338 Νεμέσεως
1487 269 1676 338 ἑτέρου
1726 290 1878 339 γεγε-

199 359 467 428 νημένοις.

311 449 358 500 8.
412 447 521 499 Καὶ
562 448 633 510 ὡς
670 447 771 514 μὲν
811 447 876 500 οὐ
917 448 1071 522 δεινὰ
1108 448 1175 500 τὰ
1212 445 1335 515 περὶ
1374 448 1470 510 τὰς
1507 446 1768 517 ὑμετέρας
1805 450 1878 500 εἰ-

198 538 386 604 κόνας,
424 537 506 598 τίς
545 534 616 589 ἂν
654 535 924 600 ἀντείποι;
970 537 1052 598 τίς
1091 534 1138 588 δ’
1171 536 1272 588 οὐκ
1312 535 1381 589 ἂν
1419 538 1706 604 σκοτεινὴν
1745 535 1879 589 ἑκεί-

157 646 175 678 5
199 646 304 693 νην
342 626 631 693 προσείποι
669 626 770 692 τὴν
808 623 1036 693 ἡμε’ραν;
1085 621 1156 692 ἦν
1194 623 1278 692 δέ,
1320 621 1360 677 ὦ
1398 627 1643 692 βασιλεῦ,
1690 645 1880 691 μαινο-

199 713 365 783 μένης
425 714 654 781 πόλεως,
715 714 777 765 τὸ
841 711 888 765 δ’
929 712 1195 780 ἐκβάλλον
1254 721 1353 766 τοῦ
1415 722 1647 783 φρονεῖν
1707 710 1777 781 ἧν
1827 734 1880 766 τι

202 804 574 871 ἰσχυρότερον,
623 800 747 854 ὥστ’
779 803 827 854 εἰ
872 800 962 853 καὶ
1010 810 1359 871 συγχωρῆσαι
1408 803 1494 854 δεῖ
1537 809 1632 870 τῆς
1676 804 1882 865 πόλεως

201 890 409 958 ἁπάσης
456 886 597 943 εἶναι
642 890 703 942 τὸ
751 889 1010 958 ἀδίκημα,
1064 890 1165 958 τὴν
1211 889 1515 958 ἀπολογίαν
1561 889 1619 943 ἐκ
1663 898 1762 942 τοῦ
1802 910 1881 943 κι-

199 986 434 1041 νοῦντος
473 981 595 1047 ἔχει.
673 978 706 1030 ἃ
745 980 848 1048 γὰρ
890 979 992 1031 οὐκ
1032 977 1101 1032 ἂν
1136 980 1330 1048 ἔδρασε
1370 987 1674 1049 φρονοῦσα,
1713 987 1883 1032 ταῦτα

134 1090 177 1121 10
202 1066 400 1133 ἐτόλμα
452 1074 901 1136 παραφρονοῦσα.
980 1067 1026 1119 9.
1085 1068 1183 1120 τὸν
1237 1064 1298 1119 δὲ
1351 1074 1514 1120 τοῦτο
1564 1070 1884 1121 πεπονθότα

204 1157 507 1224 ἄνθρωπον
553 1155 620 1208 οὐ
667 1156 914 1220 κολάζειν
959 1158 1150 1224 νόμος,
1202 1154 1318 1208 ἀλλ’
1350 1154 1523 1208 ἐλεεῖν
1571 1155 1659 1208 καὶ
1698 1164 1884 1223 πειρᾶ-

114 1257 155 1300 R
180 1261 263 1300 629
314 1249 448 1296 σθαι
486 1242 647 1313 τέχνη
686 1252 750 1314 τῇ
789 1253 900 1318 τῶν
940 1245 1142 1313 ἰατρῶν
1198 1242 1204 1314 Ι
1261 1242 1629 1314 ἐπανορθοῦν.
1705 1245 1887 1307 οὐδεὶς

207 1333 268 1385 δὲ
306 1333 495 1384 τύπτει
533 1333 630 1385 τὸν
669 1335 1007 1401 μαινόμενον
1045 1329 1175 1385 οὐδὲ
1214 1334 1658 1400 ἔγκλημανόσου
1695 1335 1887 1386 ποιού-

201 1441 363 1490 μενος
411 1422 510 1489 τὴν
560 1422 731 1474 νόσον
781 1430 1086 1491 κακηγορεῖ.
1169 1429 1398 1474 νοσοῦσι
1449 1420 1538 1474 καὶ
1585 1425 1794 1490 πόλεις,
1843 1420 1885 1475 ὦ

136 1531 178 1563 15
202 1513 456 1578 βασιλεῦ,
508 1510 574 1562 τὰ
626 1510 687 1562 δὲ
735 1511 1013 1578 νοσήματα
1062 1511 1273 1563 τούτων
1321 1512 1574 1580 ταραχαί,
1624 1513 1885 1580 θόρυβος,

205 1598 373 1668 ὀργῆς
433 1599 761 1666 ἡττηθῆναι,
822 1600 888 1651 τὰ
948 1608 1060 1652 τῶν
1111 1598 1425 1667 ἡττημένων
1484 1599 1760 1667 ἁμαρτεῖν,
1821 1601 1887 1652 τὰ

204 1689 354 1758 νόμῳ
394 1686 742 1755 κεκωλυμένα
781 1686 992 1757 πρᾶξαι.
1026 1734 1030 1739 s
1074 1687 1155 1740 10.
1206 1686 1359 1740 τουτὶ
1399 1689 1502 1756 γὰρ
1552 1689 1606 1740 αἱ
1654 1689 1885 1753 στάσεις,

207 1774 267 1827 ἐν
305 1768 391 1838 αἷς
431 1776 671 1835 ἄλλατε
717 1778 894 1828 πολλὰ
941 1777 1095 1828 δεινὰ
1140 1775 1231 1829 καὶ
1279 1775 1487 1845 σφαγαὶ
1535 1777 1601 1829 οὐ
1647 1780 1888 1829 πολιτῶν

206 1866 394 1932 μόνον,
437 1862 551 1916 ἀλλ’
591 1865 696 1932 ἤδη
736 1865 824 1917 καὶ
866 1874 1153 1933 συγγενῶν
1191 1872 1286 1933 τῆς
1325 1863 1384 1917 ἐκ
1415 1873 1514 1918 τοῦ
1545 1871 1733 1932 θυμοῦ
1765 1867 1888 1932 βίας

140 1974 183 2005 20
209 1954 446 2020 νικώσης
492 1954 558 2005 τὰ
602 1954 749 2022 παρὰ
796 1961 891 2021 τῆς
945 1954 1176 2022 φύσεως.
1252 1952 1341 2006 καὶ
1396 1952 1549 2006 τουτὶ
1603 1954 1663 2005 τὸ
1719 1954 1889 2006 κακὸν

329 2125 382 2163 14
415 2120 533 2162 Plat.
559 2119 737 2163 Menex.
763 2134 808 2175 p.
828 2124 911 2163 243
931 2119 981 2163 E.
1044 2119 1155 2163 Xen.
1183 2120 1317 2163 Mem.
1343 2119 1407 2162 III
1432 2124 1471 2172 5,
1493 2124 1545 2162 18

329 2280 350 2317 1
384 2281 529 2318 ταῦτα
553 2273 655 2317 Mor
686 2275 732 2317 et
762 2273 812 2316 in
835 2287 967 2331 marg
998 2291 1052 2330 γρ
1072 2273 1160 2317 Sav
1186 2274 1192 2332 Ι
1219 2271 1477 2330 ἀπεδείχθη
1503 2275 1538 2317 Ι
1562 2273 1643 2316 sed
1676 2274 1697 2318 ἐ
1729 2287 1888 2330 supra-

207 2391 304 2433 pos.
330 2393 388 2420 m.
413 2390 502 2420 rec.
533 2378 538 2434 Ι
565 2348 786 2434 ἷῧΞςΒαιῖ
844 2384 941 2428 τοῖς
971 2376 1079 2420 Flor
1106 2379 1111 2432 Ι
1139 2375 1457 2433 γεγενημένοις
1487 2377 1597 2421 Bad
1629 2377 1709 2420 sed
1741 2393 1811 2428 οις
1840 2377 1888 2419 in

207 2449 283 2479 ras
462 2441 489 2478 4
533 2433 592 2480 ἂν
625 2439 686 2491 (1)
720 2449 795 2480 om
817 2436 919 2479 Mor
1097 2439 1122 2478 5
1166 2434 1253 2492 ἡμέ
1284 2453 1371 2490 ραν
1403 2437 1438 2479 Ι
1463 2436 1544 2479 sed
1575 2438 1681 2495 post
1712 2452 1732 2480 ε
1763 2450 1836 2479 ras
1862 2440 1887 2478 2

208 2494 288 2537 lisst
319 2496 366 2538 eb
397 2497 559 2538 acutus
579 2494 662 2538 'm²
702 2498 708 2552 Ι
751 2492 798 2540 δ’
825 2495 893 2538 Re
1027 2499 1051 2537 6
1083 2512 1137 2551 γρ
1164 2494 1397 2553 ἐκβάλλειν
1429 2495 1477 2537 in
1501 2508 1633 2551 marg
1656 2495 1757 2537 Mor
1798 2497 1803 2550 Ι
1845 2492 1890 2537 τί

208 2554 375 2603 PVIB
467 2568 540 2596 om
564 2555 675 2598 Bad
844 2558 867 2596 7
916 2552 1027 2596 ὥστε
1060 2554 1150 2596 edd
1199 2556 1204 2609 Ι
1256 2553 1438 2610 ἁπάσης
1467 2561 1547 2611 τῆς
1577 2552 1751 2604 πόλεως
1781 2553 1890 2596 Bad

268 2615 293 2654 9
327 2609 457 2655 ταῦτ’
495 2614 643 2659 VBad
765 2617 819 2656 13
851 2609 954 2656 οὐδ’
983 2613 1051 2656 Re
1079 2615 1084 2669 Ι
1114 2611 1281 2667 ,,νόσου
1307 2613 1569 2657 ἀεῖεκᾶκηι“
1601 2613 1669 2656 Re
1691 2611 1830 2654 Anim

212 2674 267 2714 14
304 2679 555 2727 κακηγορεῖ
583 2671 748 2729 scripsi
780 2672 967 2715 auctore
998 2671 1065 2714 Re
1148 2680 1395 2728 κατηγορεῖ
1422 2671 1531 2715 libri
1564 2671 1655 2715 edd
1695 2672 1701 2728 Ι
1744 2666 1778 2713 ὦ
1812 2684 1886 2713 om

211 2730 395 2773 PaBad
410 2729 511 2772 Mor
633 2735 686 2774 15
718 2730 770 2774 τὸ
800 2730 850 2775 δὲ
875 2728 1052 2786 νόσημα
1075 2730 1144 2789 V!
1172 2729 1371 2789 θόρυβοι
1395 2730 1502 2774 Flor
1623 2734 1676 2773 18
1707 2727 1765 2772 τὰ
1789 2727 1893 2772 Mor-
1941 2753 1946 2758 ·

215 2818 218 2875 Ι
255 2816 401 2860 πολλὰ
431 2818 511 2860 καὶ
545 2818 675 2862 δεινὰ
706 2819 816 2862 Βαά
847 2817 938 2862 edd
1010 2818 1143 2862 δεινὰ
1174 2819 1298 2862 inser
1321 2818 1379 2862 1²
1531 2822 1584 2861 19
1617 2804 1761 2872 μόνῗν
1786 2818 1830 2860 A

211 2875 365 2932 μόνων
396 2877 442 2920 P
471 2876 553 2920 sed
585 2893 608 2920 ο
642 2891 780 2933 supra
812 2895 846 2920 ω
880 2890 994 2931 erae,
1028 2878 1090 2920 M
1136 2881 1140 2931 Ι
1183 2875 1283 2920 ἀλλ’
1311 2876 1398 2932 ἤδη
1432 2877 1528 2933 καὶ]
1564 2875 1676 2919 ἀλλὰ
1707 2876 1786 2919 καὶ
1817 2877 1890 2920 Ρα

272 2939 327 2977 20
359 2936 487 2989 παρὰ
522 2949 661 2991 supra
691 2937 797 2990 περὶ
829 2936 889 2979 M
899 2936 916 2960 ²
943 2939 950 2992 Ι
975 2937 1104 2979 τουτὶ
1135 2936 1218 2992 μὲν
1252 2937 1360 2980 Bad
1385 2935 1473 2979 Sav
