2060 3162
225 144 337 196 554
742 143 965 188 LIBANI]
1003 143 1227 188 ORATIO
1258 144 1385 188 XXV

229 283 406 348 ζομεν,
455 279 571 332 ἀλλ’
603 280 736 333 ὅταν
781 279 813 348 ἢ
853 280 1250 348 θρασύνωνται
1296 279 1329 348 ἢ
1369 279 1677 333 κλέπτωσιν
1714 279 1747 347 ἢ
1788 282 1919 348 βλα-

226 369 478 422 κεύωσιν.
567 364 719 437 οἶμαι
781 365 850 420 δὲ·
897 366 959 420 ἐν
1012 374 1088 439 τῷ
1141 367 1300 437 μέχρι
1353 369 1517 437 τῆσδε
1569 376 1665 436 τῆς
1718 367 1920 438 ἡμέρας

227 459 409 528 χρόνῳ
455 459 598 509 πολὺ
645 460 872 519 πλείους
911 458 1141 510 οἰκετῶν
1186 455 1521 527 ἐλευθέρους
1566 456 1629 510 ἐν
1666 465 1730 527 τῇ
1771 464 1918 527 ψυχῇ

228 545 529 599 δεδωκέναι
573 547 677 614 τὴν
723 547 898 613 δίκην.
977 547 1025 599 εἰ
1073 542 1135 598 δὲ
1179 547 1312 614 ἡμῖν
1358 565 1416 599 τε
1462 544 1553 598 καὶ
1607 544 1732 612 μεθ’
1763 545 1920 614 ἡμῶν

180 656 202 686 5
228 629 397 697 αὖθις
444 635 775 688 δουλεύουσι
826 642 942 697 τοῖς
987 636 1201 703 νόμοις,
1255 638 1423 688 πλείω
1472 634 1646 702 λέγεις
1693 634 1921 688 ἐκείνων

228 724 506 792 δουλείαν,
547 723 670 793 οὐχὶ
709 724 885 777 τῶνδε
924 722 1266 792 ἐλευθερίαν.

138 824 180 867 R
203 824 317 868 1175
396 812 479 864 36.
522 815 818 876 Διελόντες
858 809 918 865 δὲ
957 812 1047 864 καὶ
1080 821 1191 865 τῶν
1223 811 1408 866 ἐθνῶν
1448 812 1613 883 χωρὶς
1646 814 1653 880 Ι
1688 811 1921 866 ἕκαστον

228 904 467 969 ζητῶμεν
522 899 583 954 ἐν
638 902 849 968 αὐτοῖς,
903 903 973 970 ἤν
1026 902 1137 954 πού
1191 921 1342 964 τινος
1397 901 1716 972 ἐλευθερίας
1767 907 1920 970 ἴχνος

227 991 542 1053 κατιδόντες
580 991 826 1058 ψεύστην
865 990 1113 1060 εὕρωμεν
1149 991 1248 1044 τὸν
1285 990 1612 1060 Εὐριπίδην.

160 1101 202 1132 ιο
339 1080 413 1132 Αἱ
459 1079 560 1146 μὲν
607 1081 675 1148 δὴ
722 1078 1039 1149 χειρουργοὶ
1078 1078 1262 1148 τέχναι
1310 1080 1371 1131 αἵ
1413 1098 1471 1131 τε
1522 1080 1682 1132 ἄλλαι
1733 1078 1824 1132 καὶ
1865 1081 1919 1133 οἱ

226 1169 323 1220 τὸν
370 1169 576 1237 χαλκὸν
616 1168 965 1236 ἐλαύνοντες,
1012 1168 1291 1238 ἄγρυπνοί
1326 1187 1382 1220 τε
1423 1168 1580 1220 αὐτοὶ
1620 1166 1710 1220 καὶ
1750 1167 1918 1238 ἀγρυ-

224 1258 390 1319 πνίας
452 1250 534 1318 οἷς
587 1260 965 1326 προσήκουσιν
1019 1262 1186 1310 αἴτιοι
1240 1258 1509 1320 διψῶντες
1562 1253 1664 1324 μὲν
1717 1256 1917 1326 ὕπνου,

226 1347 528 1414 φεύγοντες
568 1343 629 1399 δὲ
669 1341 736 1398 οὗ
779 1348 903 1399 λίαν
943 1345 1296 1414 ἐπιθυμοῦσι.
1371 1347 1429 1398 τί
1465 1341 1569 1398 οὖν
1607 1346 1674 1398 οὐ
1713 1345 1918 1398 καθεύ-

227 1435 413 1499 δουσι;
451 1436 535 1497 τίς
574 1435 778 1498 αὐτοὺς
817 1434 1111 1503 ἀφυπνίζει
1153 1435 1442 1503 δεσπότης;
1490 1435 1592 1487 οὐκ
1631 1433 1923 1504 ἐλεύθεροί

162 1545 204 1577 15
228 1542 285 1575 τε
330 1525 420 1577 καὶ
459 1522 514 1586 ἐξ,
555 1523 892 1594 ἐλευθέρων;
930 1525 987 1577 τί
1023 1524 1090 1591 δὴ
1128 1524 1405 1590 μαθόντες
1442 1525 1919 1594 ταλαιπωρότερον

227 1615 357 1677 ζῶσι
393 1622 506 1666 τῶν
545 1611 672 1682 παρ’
705 1613 837 1681 ἡμῖν
877 1614 1130 1678 οἰκετῶν;
1186 1613 1271 1666 37.
1312 1613 1438 1680 ὅτι,
1479 1621 1646 1682 φαῖεν
1685 1613 1770 1680 ἄν,
1811 1612 1919 1666 ἀν-

226 1701 509 1770 θρώπων
569 1701 685 1770 μὲν
739 1702 900 1771 ἡμᾶς
956 1700 1177 1764 οὐδεὶς
1239 1701 1544 1771 ἐώνηται,’
1603 1705 1795 1768 λιμοῦ
1850 1697 1918 1754 δὲ

227 1792 431 1857 φόβος
495 1790 523 1843 ὁ
593 1789 903 1859 ἡμέτερος
974 1791 1305 1859 δεσπότης.
1406 1787 1595 1852 οὗτος
1664 1790 1919 1843 κελεύει

226 1878 428 1931 νύκτα
483 1877 588 1931 καὶ
641 1879 886 1949 ἡμέραν
933 1882 1299 1932 κόπτεσθαι
1350 1879 1637 1932 ἀπειλῶν
1690 1878 1919 1948 ἀργοῖς

158 1990 203 2020 <20
227 1967 340 2019 τὸν
379 1973 716 2021 οἴκτιστον
753 1969 1063 2021 θάνατον.
1132 1969 1240 2021 ὑπὸ
1272 1969 1448 2040 τούτῳ
1482 1969 1550 2036 δὴ
1581 1974 1656 2040 τῷ
1683 1967 1916 2037 δεσπότῃ

226 2056 433 2118 πάντας
481 2054 582 2123 μὲν
629 2057 878 2126 εὑρήσεις
932 2058 1329 2125 δημιουργούς,
1383 2056 1590 2118 πάντας
1644 2056 1706 2109 δὲ
1750 2058 1918 2124 καπή-

227 2147 383 2210 λους,
447 2147 505 2197 οἳ
554 2143 866 2198 τὰ’κει’νων
920 2143 1052 2215 ἔργα
1106 2147 1515 2214 παραλαβόντες
1572 2143 1658 2196 ἐπὶ
1720 2144 1916 2212 πράσει

226 2233 515 2301 κάθηνται.

347 2354 403 2392 20
436 2349 521 2394 Od.
547 2318 583 2392 λ.
596 2354 680 2393 342

349 2459 374 2497 6
407 2452 621 2504 δουλείας
642 2453 745 2497 Mor
867 2458 890 2496 7
924 2451 1191 2501 διελθόντες
1224 2452 1307 2496 Mo
1331 2451 1434 2494 Mor
1468 2453 1474 2508 Ι
1514 2452 1670 2496 ἐθνῶν
1702 2453 1748 2496 Ρ
1777 2451 1859 2495 sed
1890 2469 1916 2496 ν
1923 2495 1942 2515 0

227 2515 290 2569 (1)
322 2527 537 2569 suprascr
559 2513 642 2567 ωδ,
677 2514 760 2557 Mo
792 2513 875 2556 sed
906 2529 933 2556 ν
965 2525 1066 2554 eras
1152 2511 1277 2555 ἐθῶν
1309 2512 1342 2555 Ι
1360 2510 1463 2553 Mor
1550 2513 1678 2555 θεῶν
1711 2511 1781 2564 V!
1811 2509 1916 2554 ἕκα-

227 2585 349 2615 στον.
379 2573 459 2617 C'A
580 2577 606 2616 8
639 2575 839 2628 ζητῶμεν
864 2573 910 2615 Ρ
939 2570 1021 2614 sed
1044 2570 1054 2585 ⁸
1098 2583 1238 2626 supra
1271 2586 1291 2614 ε
1323 2583 1424 2613 eras
1488 2573 1601 2626 ζητῶ
1634 2570 1716 2626 μὲν
1747 2570 1786 2614 Ο
1803 2569 1872 2612 Re
1907 2571 1911 2626 ,Ξ

228 2631 388 2681 αὑτοῖς
414 2632 451 2676 Ο
471 2631 539 2674 Re
567 2633 573 2687 Ι
601 2630 660 2686 ἥν
684 2630 775 2674 πού
800 2631 945 2688 τινος]
972 2627 1031 2685 ἢν
1054 2629 1293 2685 ποιητικὸς
1318 2631 1402 2673 Mo
1463 2626 1520 2684 ἢν
1548 2628 1791 2684 ποιητικὸν
1815 2627 1917 2672 Mor

289 2694 344 2733 10
377 2689 422 2733 οἱ
453 2690 523 2734 Re
606 2689 650 2734 οἱ
681 2689 763 2747 μὲν
796 2689 854 2747 δὴ
885 2686 1172 2748 χειροτέχναι
1204 2687 1256 2732 οἵ
1280 2705 1327 2732 τε
1362 2688 1489 2732 ἄλλοι
1522 2686 1667 2731 Cobet
1691 2687 1803 2732 Con.
1831 2691 1915 2730 123

290 2752 344 2791 12
376 2756 705 2803 προσοικοῦσιν
737 2763 878 2805 supra
909 2745 1222 2803 προσήκουσιν
1255 2747 1323 2792 B2
1354 2749 1401 2790 et
1432 2746 1546 2790 olim
1577 2747 1682 2790 coni
1710 2747 1791 2800 Re,
1822 2745 1917 2789 for-

228 2838 353 2880 tasse
384 2839 510 2880 recte
663 2842 715 2881 15
737 2823 983 2893 7ἷιῖῗιθόντες
1008 2837 1092 2880 Mo
1168 2834 1407 2887 παθόντες
1437 2835 1540 2878 Mor
1570 2834 1627 2878 cf.
1652 2834 1814 2878 Iacobs
1855 2833 1916 2876 ad

227 2894 444 2940 Philostr.
469 2896 613 2954 Imag.
639 2911 684 2953 p.
704 2900 789 2940 653
972 2899 1025 2938 17
1071 2895 1225 2946 οὐδεὶς
1255 2894 1376 2951 ἡμᾶς
1407 2894 1562 2943 οὐδεὶς
1587 2895 1671 2938 Mo
1762 2893 1917 2942 οὐδεὶς

228 2954 349 3010 ἡμᾶς
371 2955 439 2998 Re
562 2960 616 2998 22
649 2953 817 2999 κείνων
851 2955 935 2998 Mo
959 2954 1028 2999 Re
