2060 3162
261 112 369 165 408
792 113 1020 156 LIBANH
1051 112 1274 158 ORATIO
1306 113 1411 157 X1X

262 245 322 301 δὲ
360 249 489 310 τοὺς
527 246 589 300 ἐν
626 256 744 310 ταῖς
781 246 1066 311 ἐξουσίαις.
1143 250 1203 301 τὸ
1250 251 1353 319 γὰρ
1391 250 1568 303 πάντα
1609 258 1791 303 ποιεῖν
1830 249 1947 304 ε’πι-

260 337 565 406 τρεπούσης
612 344 706 404 τῆς
755 337 921 405 τύχης
967 334 1110 390 εἶναι
1154 338 1214 390 τὸ
1263 337 1559 407 ε’πισχῆσον
1605 337 1695 391 καὶ
1747 339 1942 392 διακω-

261 426 435 478 λύσον
487 424 624 492 μέγα
669 424 832 494 μέρος
881 427 959 487 εἰς
1005 425 1283 494 εὐφημίαν
1335 445 1392 479 τε
1436 427 1526 479 καὶ
1581 426 1763 490 δόξαν.
1839 422 1936 480 εἶτ’

261 513 484 566 ἀκούειν
530 514 655 583 περὶ
695 511 883 582 ἑτέρου
921 521 1092 567 ταῦτα
1138 518 1350 581 μᾶλλον
1389 514 1670 584 ἐθελήσεις
1708 515 1740 583 ἢ
1781 515 1943 586 παρέ-

215 623 235 655 5
259 622 377 671 χειν
426 610 542 665 τοῖς
591 602 910 672 ἀνθρώποις
959 603 1082 673 περὶ
1130 611 1363 656 σεαυτοῦ
1411 603 1613 672 λέγειν;
1667 605 1944 673 μηδαμῶς,

261 688 302 744 ὦ
341 700 578 759 γενναῖε,
617 689 811 759 μηδενὶ
850 699 945 759 τῆς
985 690 1229 744 ἐνταῦθα
1267 693 1577 762 παραχώρει
1615 694 1782 761 νίκης.

371 779 457 832 51.
498 778 654 832 Ἀλλὰ
691 780 827 849 πρὸς
863 788 979 842 τοῖς
1019 779 1326 850 εἰρημένοις
1361 782 1451 833 καὶ
1488 782 1613 850 περὶ
1651 783 1811 844 ποίας
1847 783 1943 834 πό-

259 873 395 930 λεως
426 868 454 921 ὁ
489 870 652 936 λόγος
683 867 816 936 ἐστι’,
856 870 1061 921 σκόπει.
1136 869 1368 935 μάλιστα
1403 866 1503 935 μὲν
1534 870 1637 937 γὰρ
1679 869 1947 938 οὐδεμίαν

259 956 586 1027 περιοπτέον
618 956 750 1009 οὐδὲ
779 958 880 1026 τὴν
913 959 1278 1026 σμικροτάτην
1310 957 1442 1010 οὐδὲ
1473 959 1573 1025 τὴν
1604 956 1665 1011 ἐν
1696 957 1941 1029 σκοπέλῳ

194 1067 237 1100 ιο
258 1044 530 1114 κειμένην.
607 1045 817 1114 ἁπάσης
867 1047 971 1114 γὰρ
1013 1046 1080 1114 δὴ
1119 1045 1268 1114 μέλει
1306 1051 1462 1108 θεοῖς
1499 1048 1593 1099 καί
1629 1047 1769 1099 εἰσιν
1808 1045 1942 1100 ἐκεί-

261 1155 376 1188 νων
414 1137 668 1203 κτήματα.
739 1139 883 1187 εἴποι
924 1133 973 1186 δ’
1004 1134 1075 1187 ὀὲν
1114 1140 1244 1197 ἴσως
1282 1155 1378 1202 τις,
1419 1135 1490 1197 ὡς
1530 1135 1596 1188 οὐ
1634 1136 1839 1203 μεγάλη
1877 1136 1946 1187 τὰ

259 1231 487 1276 τοιαῦτα
525 1226 698 1290 ζημία,
741 1224 921 1292 ὥσπερ
963 1222 1023 1276 έν
1063 1230 1207 1294 χορῷ
1240 1232 1338 1277 τοῦ
1372 1224 1720 1291 φαυλοτάτου
1753 1243 1943 1293 χορευ-

259 1319 358 1365 τοῦ
409 1321 738 1374 σιωπῶντος.
816 1311 902 1364 52.
957 1311 1073 1364 ἀλλ’
1106 1313 1173 1365 οὐ
1224 1313 1348 1382 περὶ
1401 1320 1497 1381 τῆς
1549 1313 1810 1381 ἡμετέρας
1859 1311 1944 1366 ἔνι

258 1400 325 1468 γέ
359 1421 412 1453 τι
450 1408 707 1454 τοιοῦτον
747 1402 922 1454 εἰπεῖν
961 1402 1087 1454 οὔτε
1127 1399 1536 1470 ἐνθυμηθῆναι,
1574 1401 1607 1469 ἣ
1646 1402 1782 1471 πρὸς
1820 1416 1945 1454 τοσ-

194 1510 235 1543 15
260 1497 427 1542 οῦτον
475 1486 576 1556 μὲν
622 1488 894 1543 ἐκτέταται
945 1497 1138 1557 μῆκος,
1194 1490 1265 1552 ὡς
1312 1491 1384 1558 μὴ
1431 1486 1574 1543 εἶναι
1635 1489 1832 1560 ῥᾴδιον
1886 1490 1944 1543 ἐκ

258 1583 450 1631 πυλῶν
496 1579 574 1640 εἰς
617 1579 792 1640 πύλας
837 1576 1043 1647 ἐλθεῖν,
1090 1579 1352 1646 τοιαύτην
1391 1579 1452 1631 δὲ
1491 1579 1579 1631 καὶ
1620 1579 1763 1631 οὕτω
1811 1583 1942 1632 πολ-

169 1678 211 1721 R
233 1683 317 1723 648
351 1668 453 1735 λὴν
490 1668 790 1736 περίκειται
830 1674 952 1735 γῆν,
992 1667 1129 1732 ὥστε
1164 1666 1170 1738 Ι
1205 1667 1382 1720 πάντα
1419 1667 1520 1734 μὲν
1559 1666 1766 1736 φέρειν,
1807 1668 1945 1738 αὐτῇ

260 1756 322 1808 δὲ
361 1755 622 1824 ἀποχρῆν.
699 1755 867 1824 πηγαὶ
907 1752 969 1808 δὲ
1008 1756 1073 1808 οὐ
1113 1754 1302 1825 μικραὶ
1344 1753 1445 1822 μὲν
1485 1757 1540 1808 αἱ
1580 1761 1707 1808 εἴσω
1747 1765 1946 1825 τειχῶν

379 1970 403 2007 9
452 1966 638 2022 Phocyl.
673 1966 726 2009 fr.
753 1971 778 2009 5
811 1967 899 2022 (ed.
924 1966 1096 2023 Bergk)
1141 1967 1266 2023 apud
1306 1967 1439 2011 Dion.
1467 1967 1622 2024 Chrys.
1665 1982 1727 2011 or.
1753 1967 1943 2011 XXXVI

259 2025 292 2067 t.
318 2025 359 2066 H
391 2040 434 2081 p.
462 2029 517 2068 80
535 2026 587 2068 R.
651 2025 874 2069 Themista.
901 2040 962 2069 or.
982 2026 1128 2070 XXIV
1155 2042 1199 2082 p.
1228 2030 1310 2070 307
1327 2041 1351 2070 ο

381 2230 401 2267 1
435 2231 537 2275 ταῖς
568 2238 643 2268 om
668 2225 826 2268 BadT
843 2224 944 2267 Mor
1093 2229 1118 2266 2
1151 2224 1221 2281 τὸ]
1248 2242 1302 2282 γρ
1326 2222 1370 2268 τί
1392 2224 1493 2268 Mor
1519 2226 1524 2280 Ι
1552 2224 1598 2267 τὲ
1632 2225 1710 2267 καὶ
1741 2225 1808 2282 ΤΙ
1837 2226 1940 2267 δια-

258 2285 463 2327 κωλῦσον
496 2283 558 2326 Μ
585 2283 642 2327 of.
676 2283 737 2326 ad
767 2284 846 2327 t.1
876 2298 921 2339 p.
947 2287 1047 2337 403,
1066 2287 1091 2325 3
1244 2289 1268 2327 3
1301 2282 1437 2339 γέρας
1466 2283 1574 2327 Flor
1596 2284 1697 2326 Mor
1739 2285 1744 2339 Ι
1786 2299 1833 2327 τε
1865 2298 1941 2327 om

261 2343 370 2386 Bad
394 2342 495 2385 Mor
521 2345 527 2398 Ι
556 2338 654 2386 εἶτα
678 2342 746 2385 Re
878 2346 905 2384 4
935 2341 1064 2397 παρὰ
1095 2348 1176 2385 τοῦ
1208 2341 1428 2398 ἡμετέρου
1460 2341 1616 2398 ἑτέρου
1640 2344 1714 2386 Ρα
1746 2343 1826 2386 sed
1857 2349 1941 2387 τοῦ

259 2400 479 2457 ἡμετέρου
519 2401 595 2445 del
651 2405 656 2457 Ι
715 2399 870 2456 ἑτέρου
910 2400 958 2443 in
988 2414 1121 2456 marg
1158 2401 1282 2444 inser
1304 2403 1349 2445 A
1406 2404 1412 2458 Ι
1470 2404 1638 2457 μᾶλλον
1677 2409 1822 2445 ταῦτα
1853 2403 1888 2445 Ι

260 2464 286 2503 5
319 2467 490 2504 σαυτοῦ
522 2460 588 2503 Re
628 2462 635 2516 Ι
673 2459 833 2517 λέγειν.
867 2459 934 2503 Re
977 2462 982 2513 Ι
1027 2461 1106 2502 καὶ
1139 2462 1247 2503 ante
1278 2461 1498 2517 μηδαμῶς
1529 2473 1629 2504 eras
1662 2463 1735 2504 Pa
1855 2464 1880 2502 8
1915 2459 1940 2503 ὃ

258 2517 392 2575 λόγος
431 2533 505 2562 om
538 2520 646 2563 Bad
676 2519 778 2563 Mor
834 2522 838 2574 Ι
897 2518 1005 2563 οὐδὲ
1046 2515 1156 2574 μίαν
1189 2521 1297 2563 AM
1383 2516 1610 2576 μηδεμίαν
1650 2520 1759 2563 Bad
1789 2518 1878 2562 edd

260 2581 285 2620 9
319 2577 595 2634 σμικρότητα
619 2577 726 2621 Flor
753 2580 758 2636 Ι
787 2575 931 2622 σκότω
956 2576 1057 2620 Mor
1178 2582 1231 2621 10
1264 2578 1347 2635 μὲν
1369 2580 1476 2634 post
1500 2577 1684 2634 ἁπάσης
1707 2578 1816 2621 Bad
1846 2579 1940 2632 (om

259 2635 383 2693 Flor)
424 2638 615 2690 „malim
646 2637 877 2680 ἁπασῶν“
908 2636 976 2679 Re
1034 2639 1039 2691 Ι
1099 2637 1155 2693 δὴ
1196 2651 1270 2680 om
1302 2638 1411 2681 Bad
1442 2637 1532 2680 edd
1714 2641 1765 2679 11
1815 2635 1938 2680 εἴποι

263 2695 426 2751 scripsi
490 2692 587 2740 εἷπε
613 2692 757 2751 (εἶπεν
782 2697 844 2751 Α)
875 2694 983 2738 libri
1009 2695 1098 2738 edd
1127 2698 1131 2752 Ι
1159 2695 1228 2748 τίς
1251 2698 1368 2740 ΙΤΒ
1393 2696 1500 2738 Flor
1622 2700 1674 2738 12
1708 2693 1856 2749 ὥσπερ
1881 2721 1939 2726 —-

262 2758 316 2796 13
364 2762 627 2805 σιωπῶντος
658 2755 773 2798 citat
803 2754 919 2797 Plan
950 2753 1158 2797 f01.103v
1340 2761 1393 2798 14
1423 2762 1613 2798 τοσοῦτο
1647 2754 1756 2797 Bad
1778 2753 1879 2796 Mor

262 2860 316 2899 15
348 2855 532 2900 τέταται
565 2858 675 2901 Bad
699 2857 800 2901 Mor
922 2862 974 2899 17
1010 2829 1169 2912 Ξῖἕέἴν
1194 2858 1304 2901 Bad
1363 2855 1542 2913 (φέρειν
1566 2856 1690 2913 Flor)
1718 2856 1724 2913 Ι
1753 2856 1868 2911 αὐτῆ
1894 2857 1942 2919 Ρ

260 2915 341 2959 sed
368 2912 380 2929 '
417 2929 473 2959 ex
497 2913 507 2929 ³
549 2929 649 2959 corr
672 2916 741 2959 m3
802 2917 917 2973 αὑτῇ
951 2916 1146 2960 VBadB
1269 2921 1322 2960 18
1355 2913 1402 2961 δ’
1431 2916 1535 2972 (bis)
1567 2915 1635 2959 Re
