2060 3162
679 131 908 174 LIBANII
939 130 1164 176 ORATIO
1195 130 1346 176 XVIII
1729 133 1835 184 271

150 267 235 320 81.
274 266 401 321 ὥστ’
431 272 488 321 εἴ
532 286 613 329 τις
659 267 908 335 οἰκιστὴν
952 268 1147 335 καλοίη
1194 275 1305 319 τῶν
1351 269 1566 320 πόλεων
1611 265 1840 321 ἐκείνων

148 357 246 409 τὸν
285 357 463 424 ἄνδρα
511 362 728 422 τοῦτον,
781 355 883 408 οὐκ
934 354 1003 408 ἂν
1050 355 1366 426 ἁμαρτάνοι.
1443 356 1539 418 τὰς
1583 353 1686 424 μὲν
1731 358 1836 425 γὰρ

147 446 368 515 ἤγειρεν
405 443 716 513 οἰχομένας,
762 452 881 506 ταῖς
928 440 989 496 δὲ
1026 452 1228 513 μικροῦ
1275 443 1670 511 κεκενωμέναις
1707 449 1838 506 τοὺς

148 534 436 602 οἰκήτορας
473 531 720 585 ἀπέσωσε
769 530 861 584 καὶ
898 533 961 585 τὸ
1001 531 1190 600 μηκέτι
1228 533 1328 585 τὸν
1369 538 1494 585 ἴσον
1533 534 1836 601 φοβεῖσθαι

148 623 330 690 φόβον
370 619 664 674 ἀπέδωκεν.
741 621 949 674 οὔκουν
988 619 1172 683 οὐδεὶς
1204 623 1283 673 ἔτι
1314 621 1613 690 βαρβάρων
1643 630 1837 691 χειμῶ-
1884 641 1903 674 5

146 730 242 772 νος
282 709 614 771 ἐπελθόντος
653 707 742 762 ἐπὶ
772 710 868 772 τὰς
900 710 1164 772 εἰωθυίας
1205 711 1453 779 λῃστείας
1492 709 1832 779 ἐξέπλευσεν,

146 797 263 850 ἀλλ’
294 803 436 850 οἴκοι
482 797 741 866 μένοντες
787 799 853 850 τὰ
893 797 1077 850 αὐτῶν
1115 799 1321 866 ἤσθιον
1354 798 1469 858 ,οὐκ
1510 799 1659 851 αἰδοῖ
1706 813 1836 852 συν-

143 891 336 953 θηκῶν
380 890 593 954 μᾶλλον
637 885 670 954 ἢ
736 884 743 958 Ι
808 888 965 958 φόβῳ
1011 885 1274 955 πολέμου,
1325 884 1442 940 ἐπεὶ
1489 885 1579 939 καὶ
1625 895 1739 950 τοῖς
1777 900 1924 944 R549

144 975 296 1027 οὔπω
365 976 625 1027 σπονδῶν
686 977 1004 1044 τετυχηκόσι
1065 976 1126 1028 τὸ
1187 976 1652 1044 προσδοκώμενον
1713 975 1837 1039 δέος

143 1063 433 1131 ἡσυχάζειν
470 1060 719 1134 παρῄνει.
1861 1088 1905 1119 10

254 1151 339 1204 82.
409 1154 544 1205 Τίνα
598 1153 666 1220 δὴ
713 1152 781 1204 τὰ
828 1150 915 1205 ἐπὶ
965 1160 1060 1222 τῆς
1113 1153 1365 1221 ἡσυχίας;
1419 1153 1521 1221 τὴν
1574 1155 1836 1223 μεγίστην

141 1249 252 1292 τῶν
289 1239 399 1292 ὑπὸ
438 1241 538 1293 τὸν
575 1240 735 1308 ἥλιον
766 1248 942 1308 νῆσον
979 1241 1051 1309 ἣν
1090 1240 1329 1303 ὠκεανὸς
1366 1238 1495 1310 ἔχει,
1534 1249 1651 1304 τοῖς
1686 1246 1835 1310 λογι-

143 1336 300 1396 σμοῖς
346 1327 488 1399 ἑώρα
534 1327 626 1381 καὶ
672 1328 870 1398 πέμπει
917 1330 983 1398 δὴ
1032 1331 1288 1398 λογιστὰς
1337 1338 1433 1398 τῆς
1479 1330 1749 1399 δαπάνης,
1799 1330 1834 1398 ἣ

140 1417 387 1484 τοῦνομα
430 1413 532 1484 μὲν
577 1413 648 1485 ἦν
695 1420 1080 1488 στρατιωτική,
1134 1424 1208 1490 τῷ
1254 1419 1316 1471 δὲ
1363 1420 1504 1490 ἔργῳ
1558 1420 1835 1488 πρόσοδος

139 1514 253 1559 τῶν
297 1503 634 1574 ἡγουμένων.
710 1505 802 1559 καὶ
848 1509 979 1569 τοὺς
1024 1507 1126 1574 μὲν
1164 1514 1334 1559 ταῦτα
1381 1506 1712 1569 ἀδικοῦντας
1750 1507 1833 1559 δι-
1858 1527 1900 1561 15

140 1595 330 1656 καίους
380 1592 652 1663 ἐποίησεν,
698 1593 888 1663 ἕτερον
927 1592 990 1647 δὲ
1027 1598 1213 1666 πολλῷ
1245 1598 1431 1663 μεῖζον
1470 1593 1557 1647 καὶ
1599 1595 1833 1663 μάλιστα

142 1681 411 1744 Γαλάταις
442 1683 731 1752 σωτήριον.
802 1683 887 1735 83.
928 1691 1027 1735 τοῦ
1061 1685 1218 1736 σίτου
1251 1685 1355 1752 γὰρ
1389 1682 1495 1735 ἀπὸ
1528 1691 1623 1751 τῆς
1655 1685 1831 1751 νήσου

140 1770 307 1822 πάλαι
355 1779 661 1838 φοιτῶντος
709 1772 842 1838 μετὰ
891 1772 993 1839 τὴν
1030 1772 1314 1824 θάλατταν
1365 1772 1457 1825 διὰ
1503 1779 1602 1824 τοῦ
1637 1769 1831 1840 Ῥήνου

141 1858 229 1910 καὶ
268 1867 381 1910 τῶν
427 1859 723 1927 βαρβάρων
770 1858 947 1912 οὐκέτ’
986 1858 1276 1930 ἐπειδήπερ
1325 1861 1575 1929 ἴσχυσαν,
1623 1859 1832 1929 ἐπιτρε-

141 1947 362 1998 πόντων
400 1944 629 2009 ὁλκάδες
676 1948 731 2000 αῑ
777 1947 945 2000 πάλαι
992 1945 1094 2015 μὲν
1139 1948 1562 2015 ἀνειλκυσμέναι
1608 1949 1830 2002 κατεσά-
1855 1973 1899 2004 20

140 2048 337 2102 πησαν,
377 2033 557 2103 ὀλίγαι
597 2032 656 2088 δὲ
697 2038 911 2105 ἔπλεον,
959 2032 1038 2090 ὧν
1077 2035 1138 2090 ἐν
1178 2036 1357 2105 λιμέσι
1397 2038 1495 2089 τὸν
1535 2038 1710 2106 γόμον
1750 2035 1831 2100 ἐξ-

145 2121 490 2192 αιρουμένων
529 2122 733 2191 ἀμάξας
771 2123 937 2194 ἐχρῆν
984 2123 1108 2178 ἀντὶ
1154 2133 1254 2178 τοῦ
1292 2133 1542 2192 ποταμοῦ
1588 2132 1662 2197 τῷ
1697 2127 1831 2197 σίτῳ

140 2210 419 2278 γενέσθαι,
458 2210 548 2264 καὶ
587 2213 648 2265 τὸ
687 2221 909 2282 πρᾶγμα
947 2209 1018 2281 ἦν
1056 2213 1088 2282 ἡ
1121 2215 1346 2282 μεγίστη
1381 2214 1613 2283 δαπάνη.
1674 2212 1822 2266 τοῦτ’

260 2331 311 2368 11
347 2325 510 2369 Zosim.
537 2326 600 2369 HI
624 2332 650 2371 5

259 2477 284 2515 3
316 2434 408 2518 7(ng
443 2474 487 2517 V
655 2478 683 2517 4
716 2470 816 2519 ἶσον
850 2476 965 2520 VLa
1145 2481 1170 2519 5
1205 2475 1270 2519 ἔτι
1301 2483 1394 2520 τῶν
1427 2474 1676 2551 βαρβάρων
1702 2476 1770 2519 Re

143 2535 166 2573 7
200 2531 353 2576 αὑτῶν
385 2532 431 2575 Ρ
458 2531 541 2575 sed
573 2532 681 2587 spir.
708 2546 803 2589 asp.
838 2534 887 2576 in
918 2547 993 2577 ras
1024 2533 1094 2578 m²
1163 2541 1316 2578 αυτῶν
1349 2535 1393 2579 U
1453 2535 1607 2579 αὐτῶν
1639 2536 1702 2578 Μ
1728 2534 1830 2578 Mor

140 2589 263 2633 Fabr
367 2595 392 2634 9
419 2588 541 2648 δέος]
567 2591 725 2635 δεινὸν
742 2597 762 2635 ‘?
870 2596 923 2636 11
950 2593 1004 2638 δὲ
1029 2593 1152 2636 Fabr
1259 2598 1313 2636 12
1338 2600 1509 2643 τοῖςὴ
1527 2592 1647 2648 ἑώρα
1670 2593 1829 2636 labem

142 2650 499 2693 contraxerunt?
609 2653 661 2692 13
686 2648 850 2722 λόγους
872 2651 974 2695 Μοι·
999 2653 1069 2708 (γρ
1093 2651 1313 2708 λογάριον
1336 2651 1385 2695 in
1402 2654 1552 2709 marg)
1576 2651 1643 2695 Re
1672 2652 1678 2710 Ι
1705 2644 1734 2710 ᾗ
1759 2652 1827 2696 Re

202 2711 256 2751 14
289 2707 593 2765 στρατιωτικά
616 2709 691 2752 La
730 2711 736 2763 Ι
775 2705 822 2752 δ’
851 2709 919 2753 Re
1042 2714 1096 2753 16
1128 2710 1322 2766 μάλιστα
1355 2725 1429 2754 om
1453 2713 1499 2755 B
1623 2714 1676 2753 18
1708 2710 1827 2754 κατὰ

143 2763 346 2810 Sintenis
469 2770 522 2809 19
548 2767 633 2810 οὐκ
659 2768 703 2811 V
723 2769 729 2823 Ι
758 2769 866 2811 ante
884 2766 1083 2840 ἴσχυσαν
1106 2782 1270 2813 rasura
1293 2774 1319 2844 3
1337 2769 1417 2812 litt
1432 2771 1478 2814 B
1506 2770 1512 2825 Ι
1540 2769 1625 2814 οὐκ
1650 2769 1826 2823 ἐπιτρε-

142 2822 326 2869 πόντων
358 2826 435 2870 La
615 2829 669 2868 21
709 2833 802 2870 τῶν
843 2824 997 2881 γόμων
1029 2829 1091 2872 Μ
1126 2830 1173 2871 et
1211 2841 1237 2871 e
1272 2828 1356 2872 τὸν
1395 2826 1540 2885 γόμον
1579 2841 1680 2871 corr
1710 2827 1768 2871 1²

143 2885 198 2923 22
230 2881 411 2938 ἁμάξας
442 2885 576 2928 ΒΜο
588 2884 678 2928 VU
703 2884 805 2928 Mor
835 2883 959 2927 Fabr
990 2887 1036 2928 et
1068 2899 1124 2929 ex
1155 2885 1336 2941 ἀμάξας
1367 2900 1468 2930 corr
1451 2844 1568 2930 μὈΡἏ
1627 2885 1829 2942 ἁμάξαις

145 2940 206 2983 Μ
225 2940 306 2983 sed
330 2958 386 2991 ας
409 2954 635 2998 suprascr.
654 2942 723 2984 m'
748 2942 804 2986 cf.
830 2957 874 2998 p.
894 2947 965 2997 93,
978 2948 1014 2986 1.
1043 2948 1142 2998 290,
1154 2950 1179 2988 5
1291 2950 1346 2988 23
1370 2952 1506 2989 τοῦτο
1530 2945 1715 2988 PLaM
1735 2943 1827 2986 edd
