2060 3162
688 144 916 189 LIBANII
947 143 1172 188 ORATIO
1205 143 1332 189 XXV
1739 145 1848 197 545

149 281 244 335 καὶ
296 282 433 351 πρὸς
479 282 747 349 ἅπαντας,
802 281 1054 348 καθάπερ
1104 280 1265 350 λέβης
1311 279 1661 350 ἐπειγόμενος
1713 279 1848 348 πυρὶ

149 374 354 443 πολλῷ,
392 370 482 423 καὶ
520 370 718 440 μικρὸν
757 369 944 439 ἀπέχει
975 370 1144 432 κυνὸς
1181 369 1556 432 ὑλακτοῦντος
1596 370 1851 438 διακενῆς

152 461 373 530 ε’μβοῶν
411 479 468 512 τε
513 458 605 512 καὶ
643 459 908 528 ὑβριστὴς
947 460 1283 528 φαινόμενος
1334 457 1424 511 καὶ
1463 460 1717 526 πλήττων
1756 458 1849 528 ῥή-

147 563 324 616 μασιν
354 549 456 602 οὐκ
489 548 753 616 ἀνεκτοῖς,
794 548 932 601 ὅθεν
971 548 1117 620 αὐτῷ
1151 547 1233 600 ἀεὶ
1266 548 1327 600 τὸ
1359 546 1532 600 πλέον
1570 546 1850 615 πολέμιον.

158 638 240 690 17.
273 637 653 708 παραινέσεων
685 637 747 690 δὲ
775 637 1124 706 ἀκροώμενος
1157 636 1507 705 ληγέμεναι
1541 638 1574 689 δ
1585 633 1610 689 ὲ
1641 641 1850 705 θυμοῦ,
1899 655 1918 688 5

150 727 537 796 χαλεπωτάτου
569 729 894 795 νοσήματος,
935 728 1106 796 ὄφρα
1147 739 1215 778 σε
1246 729 1496 793 μᾶλλον
1534 723 1707 778 τίωσ’
1739 725 1849 778 ἀν-

150 817 440 885 θρώπων
476 812 637 885 ἠμὲν
674 815 815 869 νέοι
853 815 968 884 ἠδὲ
1008 814 1590 885 γέροντες-,ἐπαινεῖ
1620 811 1723 883 μὲν
1754 815 1852 867 τὸν

154 905 480 974 σύμβουλον
517 904 608 958 καὶ
649 904 825 974 φησὶν
865 905 967 958 οὐκ
1000 906 1176 967 ἄλλως
1207 907 1478 973 ποιήσειν,
1520 903 1853 972 ἐμπεσόντος

152 991 218 1046 δὲ
270 1002 370 1047 τοῦ
426 996 700 1048 δεσπότου
762 995 930 1048 πάλιν
973 992 1324 1062 Ἀγαμέμνων
1377 995 1587 1061 γίνεται
1642 993 1732 1045 καὶ
1786 993 1853 1045 τὰ

148 1080 323 1136 ἔνδον
360 1084 450 1136 καὶ
490 1085 622 1146 τοὺς
661 1083 1007 1152 ὀφθαλμούς.
1085 1084 1235 1136 ὄσσε
1284 1082 1357 1136 δέ
1393 1083 1454 1135 οἱ
1500 1080 1658 1152 πυρὶ
1699 1085 1853 1150 λαμ-
1878 1101 1920 1133 10

150 1174 474 1226 πετόωντι
528 1171 765 1241 ἐΐκτην.
844 1172 905 1226 ἐν
952 1165 994 1244 ᾧ
1041 1173 1108 1241 δὴ
1155 1173 1256 1241 τὴν
1297 1173 1559 1225 δουλείαν
1597 1170 1855 1239 ὁμολογεῖ

152 1260 247 1314 καὶ
289 1261 389 1330 οὐχ
430 1254 548 1324 οἷός
583 1261 644 1315 τέ
681 1260 831 1314 ἐστιν
871 1263 1005 1314 ἄλλο
1036 1282 1089 1314 τι
1123 1262 1263 1331 δρᾶν
1296 1260 1328 1329 ἢ
1361 1260 1391 1313 ὅ
1423 1280 1475 1313 τι
1508 1259 1578 1312 ἂν
1610 1259 1639 1312 ὁ
1672 1259 1855 1327 θυμὸς

153 1349 523 1421 παραγγέλλῃ.
604 1350 685 1403 18.
743 1352 943 1413 δοῦλος
990 1350 1051 1402 δὲ
1097 1346 1167 1418 ἦν
1217 1348 1582 1419 Ἀγαμέμνων,
1637 1349 1800 1417 ἡνίκα
1844 1348 1850 1417 Ι

152 1446 328 1491 ταῦτα
366 1438 679 1505 ἐπεπόνθει,
719 1439 808 1491 καὶ
849 1439 897 1491 εἰ
936 1440 1157 1507 σφόδρα
1196 1437 1300 1490 ἀπὸ
1334 1437 1591 1500 Πέλοπος
1627 1444 1729 1490 τοῦ
1761 1449 1803 1492 Β,
1826 1448 1944 1492 1168

166 1527 450 1579 Ταντάλου
491 1533 591 1578 τοῦ
624 1527 764 1589 Διὸς
802 1527 891 1579 καὶ
933 1528 982 1579 εἰ
1023 1535 1303 1595 σκῆπτρον
1333 1523 1404 1595 ἧν
1436 1526 1583 1598 αὐτῷ
1618 1527 1854 1579 παλαιόν
1879 1546 1920 1578 1⁵

157 1634 215 1668 τε
254 1614 345 1668 καὶ
387 1614 439 1679 ἐξ
481 1616 727 1685 οὐρανοῦ
768 1616 858 1668 καὶ
897 1623 992 1684 τῆς
1024 1613 1335 1684 “Ηφαίστου
1379 1617 1575 1685 χειρός.
1653 1616 1855 1677 δοῦλος

154 1705 221 1757 δὲ
259 1700 330 1772 ἦν
367 1705 458 1757 καὶ
498 1703 771 1773 Ἀχιλλεὺς
812 1705 887 1767 εἰς
920 1704 1116 1771 ὅμοιον
1146 1705 1335 1771 θυμὸν
1374 1703 1626 1773 ἐμπεσὼν
1664 1704 1754 1756 καὶ
1795 1703 1857 1757 έν

153 1791 417 1864 ἐκκλησία
448 1793 583 1863 μέσῃ
610 1794 910 1862 στρατηγὸς
934 1795 1070 1846 κατὰ
1094 1793 1362 1862 βασιλέως
1392 1792 1568 1846 ἕλκων
1591 1794 1652 1846 τὸ
1678 1791 1855 1862 ξίφος,

158 1882 249 1934 καὶ
306 1881 335 1935 ὁ
382 1883 478 1945 τὰς
524 1883 731 1945 πολλὰς
779 1885 967 1944 πόλεις
1014 1882 1223 1945 ἐκείνας
1276 1884 1551 1950 καθελών,
1607 1882 1856 1935 δώδεκα

151 1970 274 2037 μὲν
325 1974 446 2023 σὺν
499 1975 719 2039 νηυσί,
773 1973 958 2035 πεζὸς
1009 1970 1057 2023 δ’
1090 1970 1346 2040 ἕνδεκα,
1400 1972 1496 2034 τάς
1545 1991 1603 2024 τε
1651 1972 1856 2039 σκηνὰς
1880 1992 1924 2022 20

156 2058 512 2128 ε’μπεπληκὼς
566 2061 924 2128 αἰχμαλώτων
977 2061 1246 2129 σωμάτων
1302 2060 1467 2124 αὐτὸς
1517 2061 1857 2130 αἰχμάλωτος

159 2150 323 2216 ἤγετο
362 2147 452 2201 καὶ
492 2150 670 2202 πάντα
717 2148 784 2202 ὃν
824 2148 1010 2218 ἐμήνιε
1048 2151 1253 2218 χρόνον
1292 2150 1395 2202 οὐκ
1434 2146 1504 2218 ἦν
1544 2148 1854 2217 ἐλεύθερος.

276 2237 356 2291 19.
408 2236 462 2289 Ὁ
495 2238 556 2290 δὲ
596 2239 663 2306 δὴ
704 2240 1034 2307 φιλόκυβος,
1087 2236 1128 2292 ὦ
1168 2239 1304 2309 πρὸς
1343 2240 1507 2307 Διός,
1560 2234 1666 2306 ἆρα
1705 2236 1855 2291 ἐλεύ-

281 2403 306 2441 5
338 2397 389 2441 11.
417 2415 433 2441 ι
458 2403 620 2454 257sq.
747 2403 800 2442 10
832 2399 883 2443 11.
911 2416 941 2442 α
969 2403 1052 2442 104
1185 2403 1238 2442 15
1270 2398 1321 2443 ΙΙ.
1348 2400 1378 2458 β
1403 2404 1484 2442 101
1499 2413 1563 2454 sq.
1718 2403 1770 2442 18
1803 2398 1853 2441 11.

156 2474 192 2499 α
220 2460 303 2500 194
428 2463 480 2500 19
513 2457 564 2500 Il.
592 2475 606 2500 ι
633 2462 719 2501 328
733 2472 799 2513 sq.
925 2463 978 2501 21
1012 2458 1141 2502 Dem.
1169 2458 1299 2515 Lepfi.
1326 2474 1370 2515 p.
1397 2462 1499 2513 480,
1519 2462 1572 2501 10

282 2610 307 2648 2
340 2606 422 2648 διὰ
453 2611 590 2661 κενῆς
620 2605 687 2647 Re
832 2612 858 2649 4
890 2606 942 2650 τὸ
974 2606 1113 2650 πλέον
1146 2606 1195 2649 in
1228 2605 1542 2662 suspicionem
1573 2605 1757 2649 vocavit
1787 2605 1854 2648 Re

162 2665 214 2707 affl
238 2663 296 2707 cf.
320 2679 364 2721 p.
390 2669 491 2720 476,
513 2669 566 2708 10
599 2666 646 2707 et
669 2664 813 2708 Thuo.
831 2665 896 2708 IV
912 2669 983 2718 86,
1002 2669 1026 2709 3
1149 2671 1174 2708 5
1208 2665 1260 2708 δὲ
1286 2665 1367 2723 (1)]
1398 2681 1445 2708 τε
1473 2665 1541 2709 Re
1665 2669 1688 2708 7
1723 2665 1854 2710 ἐπαι-

163 2730 236 2768 νεῖ
258 2749 312 2756 -
340 2727 365 2766 8
390 2722 601 2778 ποιήσειν
623 2724 675 2767 in
698 2737 832 2781 marg
851 2723 957 2769 Mo'
1078 2728 1103 2766 9
1127 2722 1333 2781 γίγνεται
1356 2725 1391 2767 Ι
1507 2728 1562 2767 10
1585 2722 1855 2780 λαμπετόων

161 2798 207 2825 τι
240 2784 325 2826 Mo
357 2782 438 2825 sed
468 2799 513 2826 τι
543 2783 592 2826 in
617 2797 751 2839 marg
773 2782 843 2825 m²
980 2789 1031 2827 11
1070 2781 1226 2839 ἐίκτην
1259 2810 1314 2815 -
1350 2788 1403 2826 12
1435 2799 1485 2828 τε
1515 2783 1565 2827 in
1588 2797 1723 2840 marg
1750 2782 1855 2826 Mo²

226 2846 278 2884 12
305 2841 384 2884 καὶ
401 2839 545 2901 <ὅτι>
564 2842 678 2899 οὐχ’.)
705 2845 711 2898 Ι
741 2841 810 2886 ὅτι
827 2843 942 2887 ΙΜο
1063 2847 1119 2885 20
1144 2842 1226 2893 τὰς
1250 2841 1302 2886 δὲ
1327 2842 1395 2885 Re
1517 2847 1573 2886 23
1591 2840 1717 2887 Ὁ-
1734 2841 1850 2885 ἐλεύ-

161 2902 307 2955 θερος
333 2914 514 2944 versum
546 2901 816 2946 comoediae
838 2901 1027 2945 Atticae
1050 2897 1086 2944 ὦ
1111 2901 1265 2944 deleto
1298 2903 1346 2945 et
1378 2897 1453 2956 ἆρ’
1482 2902 1687 2958 reposito
1714 2913 1853 2956 agno-

160 2958 254 3002 scit
285 2959 489 3003 Kockius
521 2959 550 3003 l.
569 2959 599 3003 1.
629 2965 741 3003 1512
792 2963 798 3016 1
849 2959 906 3016 δὴ
940 2974 1017 3003 om
1040 2960 1143 3003 Mor
1168 2963 1176 3016 Ι
1203 2958 1268 3003 ὢν
1299 2960 1401 3003 Mor
1428 2963 1434 3017 Ι
1462 2960 1555 3016 ἄρα
1589 2961 1634 3005 U

254 3040 452 3074 Lamnus
477 3042 534 3074 ed.
559 3042 759 3075 Foerste
771 3052 797 3074 r.
842 3042 888 3073 Π.
1533 3039 1587 3078 35
