<?xml version="1.0" encoding="UTF-8"?>
<!DOCTYPE html PUBLIC "-//W3C//DTD XHTML 1.0 Transitional//EN"
    "http://www.w3.org/TR/xhtml1/DTD/xhtml1-transitional.dtd">
<html xmlns="http://www.w3.org/1999/xhtml" xml:lang="en" lang="en">
 <head>
  <title>
</title>
<meta http-equiv="Content-Type" content="text/html;charset=utf-8" />
  <meta name='ocr-system' content='tesseract 3.04.00' />
  <meta name='ocr-capabilities' content='ocr_page ocr_carea ocr_par ocr_line ocrx_word'/>
</head>
<body>
  <div class='ocr_page' id='page_1' title='image "./operarecensuitri02libauoft_0169.png"; bbox 0 0 2060 3162; ppageno 0'>
   <div class='ocr_carea' id='block_1_1' title="bbox 612 165 1766 221">
    <p class='ocr_par' dir='ltr' id='par_1_1' title="bbox 612 165 1766 221">
     <span class='ocr_line' id='line_1_1' title="bbox 612 165 1766 221; baseline 0.002 -11"><span class='ocrx_word' id='word_1_1' title='bbox 612 166 839 211; x_wconf 84' lang='lat' dir='ltr'>LIBANII</span> <span class='ocrx_word' id='word_1_2' title='bbox 870 165 1093 211; x_wconf 86' lang='lat' dir='ltr'><strong>ORATIO</strong></span> <span class='ocrx_word' id='word_1_3' title='bbox 1125 167 1231 211; x_wconf 93' lang='lat' dir='ltr'>XVI</span> <span class='ocrx_word' id='word_1_4' title='bbox 1661 167 1766 221; x_wconf 85' lang='lat'>159</span> 
     </span>
    </p>
   </div>
   <div class='ocr_carea' id='block_1_2' title="bbox 68 307 1767 2513">
    <p class='ocr_par' dir='ltr' id='par_1_2' title="bbox 73 307 1767 1185">
     <span class='ocr_line' id='line_1_2' title="bbox 193 307 1763 371; baseline 0.001 -16"><span class='ocrx_word' id='word_1_5' title='bbox 193 307 415 355; x_wconf 91' lang='lat' dir='ltr'>Primum</span> <span class='ocrx_word' id='word_1_6' title='bbox 440 307 599 355; x_wconf 87' lang='lat' dir='ltr'>oratio</span> <span class='ocrx_word' id='word_1_7' title='bbox 630 307 764 370; x_wconf 85' lang='lat' dir='ltr'>typis</span> <span class='ocrx_word' id='word_1_8' title='bbox 786 307 1025 355; x_wconf 87' lang='lat' dir='ltr'>mandata</span> <span class='ocrx_word' id='word_1_9' title='bbox 1056 309 1130 356; x_wconf 89' lang='lat' dir='ltr'>est</span> <span class='ocrx_word' id='word_1_10' title='bbox 1152 307 1432 371; x_wconf 88' lang='lat' dir='ltr'>Hamburgi</span> <span class='ocrx_word' id='word_1_11' title='bbox 1463 323 1591 356; x_wconf 92' lang='lat' dir='ltr'>anno</span> <span class='ocrx_word' id='word_1_12' title='bbox 1624 309 1763 356; x_wconf 89' lang='lat'>1715</span> 
     </span>
     <span class='ocr_line' id='line_1_3' title="bbox 82 380 1767 446; baseline 0.001 -18"><span class='ocrx_word' id='word_1_13' title='bbox 82 397 112 428; x_wconf 91' lang='lat' dir='ltr'>a</span> <span class='ocrx_word' id='word_1_14' title='bbox 151 381 426 429; x_wconf 83' lang='lat' dir='ltr'>Fabricio</span> <span class='ocrx_word' id='word_1_15' title='bbox 473 381 601 428; x_wconf 93' lang='lat' dir='ltr'>Bibl.</span> <span class='ocrx_word' id='word_1_16' title='bbox 635 398 706 445; x_wconf 89' lang='lat' dir='ltr'>gr.</span> <span class='ocrx_word' id='word_1_17' title='bbox 730 380 829 428; x_wconf 91' lang='lat' dir='ltr'>VII</span> <span class='ocrx_word' id='word_1_18' title='bbox 867 398 912 443; x_wconf 88' lang='lat' dir='ltr'>p.</span> <span class='ocrx_word' id='word_1_19' title='bbox 949 382 1237 430; x_wconf 83' lang='lat'>207—223</span> <span class='ocrx_word' id='word_1_20' title='bbox 1288 398 1344 428; x_wconf 86' lang='lat' dir='ltr'>ex</span> <span class='ocrx_word' id='word_1_21' title='bbox 1392 382 1676 446; x_wconf 90' lang='lat' dir='ltr'>apographo</span> <span class='ocrx_word' id='word_1_22' title='bbox 1717 386 1767 430; x_wconf 89' lang='lat' dir='ltr'>et</span> 
     </span>
     <span class='ocr_line' id='line_1_4' title="bbox 83 453 1767 520; baseline 0.002 -19"><span class='ocrx_word' id='word_1_23' title='bbox 83 470 190 501; x_wconf 92' lang='lat' dir='ltr'>cum</span> <span class='ocrx_word' id='word_1_24' title='bbox 229 456 450 503; x_wconf 82' lang='lat' dir='ltr'>versione</span> <span class='ocrx_word' id='word_1_25' title='bbox 488 455 649 502; x_wconf 90' lang='lat' dir='ltr'>latina</span> <span class='ocrx_word' id='word_1_26' title='bbox 688 453 955 502; x_wconf 83' lang='lat' dir='ltr'>Godofredi</span> <span class='ocrx_word' id='word_1_27' title='bbox 996 453 1222 502; x_wconf 88' lang='lat' dir='ltr'>Olearii</span> <span class='ocrx_word' id='word_1_28' title='bbox 1262 471 1438 517; x_wconf 91' lang='lat' dir='ltr'>parum</span> <span class='ocrx_word' id='word_1_29' title='bbox 1476 458 1668 520; x_wconf 88' lang='lat' dir='ltr'>integre</span> <span class='ocrx_word' id='word_1_30' title='bbox 1717 460 1767 504; x_wconf 90' lang='lat' dir='ltr'>et</span> 
     </span>
     <span class='ocr_line' id='line_1_5' title="bbox 81 529 1764 592; baseline 0.002 -17"><span class='ocrx_word' id='word_1_31' title='bbox 81 529 309 576; x_wconf 84' lang='lat' dir='ltr'><strong>mendose</strong></span> <span class='ocrx_word' id='word_1_32' title='bbox 348 529 627 590; x_wconf 85' lang='lat' dir='ltr'>admodum,</span> <span class='ocrx_word' id='word_1_33' title='bbox 667 529 903 591; x_wconf 90' lang='lat' dir='ltr'>quoniam</span> <span class='ocrx_word' id='word_1_34' title='bbox 933 529 1043 577; x_wconf 91' lang='lat' dir='ltr'>fons</span> <span class='ocrx_word' id='word_1_35' title='bbox 1076 529 1364 592; x_wconf 83' lang='lat' dir='ltr'>apographi,</span> <span class='ocrx_word' id='word_1_36' title='bbox 1404 530 1553 578; x_wconf 81' lang='lat' dir='ltr'>codex</span> <span class='ocrx_word' id='word_1_37' title='bbox 1583 531 1764 579; x_wconf 87' lang='lat' dir='ltr'>Baroe-</span> 
     </span>
     <span class='ocr_line' id='line_1_6' title="bbox 81 602 1765 666; baseline 0.002 -17"><span class='ocrx_word' id='word_1_38' title='bbox 81 604 266 662; x_wconf 82' lang='lat' dir='ltr'>cianus,</span> <span class='ocrx_word' id='word_1_39' title='bbox 297 618 498 651; x_wconf 89' lang='lat' dir='ltr'>mancus</span> <span class='ocrx_word' id='word_1_40' title='bbox 531 604 605 650; x_wconf 90' lang='lat' dir='ltr'>est</span> <span class='ocrx_word' id='word_1_41' title='bbox 637 605 687 650; x_wconf 91' lang='lat' dir='ltr'>et</span> <span class='ocrx_word' id='word_1_42' title='bbox 716 603 887 651; x_wconf 88' lang='lat' dir='ltr'>multis</span> <span class='ocrx_word' id='word_1_43' title='bbox 917 602 1114 651; x_wconf 91' lang='lat' dir='ltr'>laborat</span> <span class='ocrx_word' id='word_1_44' title='bbox 1137 604 1275 651; x_wconf 79' lang='lat' dir='ltr'>vitiis</span> <span class='ocrx_word' id='word_1_45' title='bbox 1307 619 1464 665; x_wconf 92' lang='lat' dir='ltr'>neque</span> <span class='ocrx_word' id='word_1_46' title='bbox 1493 604 1765 666; x_wconf 84' lang='lat' dir='ltr'>Fabricius,</span> 
     </span>
     <span class='ocr_line' id='line_1_7' title="bbox 81 676 1762 740; baseline 0.002 -17"><span class='ocrx_word' id='word_1_47' title='bbox 81 676 131 723; x_wconf 90' lang='lat' dir='ltr'>id</span> <span class='ocrx_word' id='word_1_48' title='bbox 171 676 300 738; x_wconf 89' lang='lat' dir='ltr'>quod</span> <span class='ocrx_word' id='word_1_49' title='bbox 338 676 440 723; x_wconf 84' lang='lat' dir='ltr'>fere</span> <span class='ocrx_word' id='word_1_50' title='bbox 479 676 625 725; x_wconf 85' lang='lat' dir='ltr'>facile</span> <span class='ocrx_word' id='word_1_51' title='bbox 663 677 771 725; x_wconf 90' lang='lat' dir='ltr'>fieri</span> <span class='ocrx_word' id='word_1_52' title='bbox 809 677 1027 738; x_wconf 89' lang='lat' dir='ltr'>poterat,</span> <span class='ocrx_word' id='word_1_53' title='bbox 1066 677 1142 725; x_wconf 90' lang='lat' dir='ltr'>his</span> <span class='ocrx_word' id='word_1_54' title='bbox 1180 677 1414 726; x_wconf 88' lang='lat' dir='ltr'>tollendis</span> <span class='ocrx_word' id='word_1_55' title='bbox 1453 678 1611 725; x_wconf 91' lang='lat' dir='ltr'>ullam</span> <span class='ocrx_word' id='word_1_56' title='bbox 1650 694 1762 740; x_wconf 91' lang='lat' dir='ltr'>ope-</span> 
     </span>
     <span class='ocr_line' id='line_1_8' title="bbox 78 750 1763 813; baseline 0.003 -17"><span class='ocrx_word' id='word_1_57' title='bbox 78 765 184 797; x_wconf 88' lang='lat' dir='ltr'>ram</span> <span class='ocrx_word' id='word_1_58' title='bbox 233 750 486 813; x_wconf 73' lang='lat' dir='ltr'>impendit..</span> <span class='ocrx_word' id='word_1_59' title='bbox 574 750 669 798; x_wconf 84' lang='lat' dir='ltr'>Sed</span> <span class='ocrx_word' id='word_1_60' title='bbox 714 751 835 798; x_wconf 91' lang='lat' dir='ltr'>haec</span> <span class='ocrx_word' id='word_1_61' title='bbox 889 751 1142 813; x_wconf 87' lang='lat' dir='ltr'>splendere</span> <span class='ocrx_word' id='word_1_62' title='bbox 1191 752 1431 800; x_wconf 83' lang='lat' dir='ltr'>censen-da</span> <span class='ocrx_word' id='word_1_63' title='bbox 1486 754 1560 799; x_wconf 86' lang='lat' dir='ltr'>est</span> <span class='ocrx_word' id='word_1_64' title='bbox 1610 752 1763 801; x_wconf 86' lang='lat' dir='ltr'>editio</span> 
     </span>
     <span class='ocr_line' id='line_1_9' title="bbox 77 823 1763 888; baseline 0.002 -17"><span class='ocrx_word' id='word_1_65' title='bbox 77 839 193 885; x_wconf 88' lang='lat' dir='ltr'>prae</span> <span class='ocrx_word' id='word_1_66' title='bbox 242 823 336 872; x_wconf 89' lang='lat' dir='ltr'>fine</span> <span class='ocrx_word' id='word_1_67' title='bbox 394 824 632 872; x_wconf 88' lang='lat' dir='ltr'>orationis</span> <span class='ocrx_word' id='word_1_68' title='bbox 696 827 781 886; x_wconf 87' lang='lat' dir='ltr'>qui</span> <span class='ocrx_word' id='word_1_69' title='bbox 836 824 888 871; x_wconf 92' lang='lat' dir='ltr'>in</span> <span class='ocrx_word' id='word_1_70' title='bbox 938 825 1027 872; x_wconf 90' lang='lat' dir='ltr'>illa</span> <span class='ocrx_word' id='word_1_71' title='bbox 1078 825 1406 886; x_wconf 87' lang='lat' dir='ltr'>desideratur,</span> <span class='ocrx_word' id='word_1_72' title='bbox 1458 842 1486 872; x_wconf 85' lang='lat' dir='ltr'>a</span> <span class='ocrx_word' id='word_1_73' title='bbox 1532 825 1763 888; x_wconf 89' lang='lat' dir='ltr'>Philippo</span> 
     </span>
     <span class='ocr_line' id='line_1_10' title="bbox 75 896 1762 960; baseline 0.002 -16"><span class='ocrx_word' id='word_1_74' title='bbox 75 896 313 960; x_wconf 87' lang='lat' dir='ltr'>Angelico</span> <span class='ocrx_word' id='word_1_75' title='bbox 337 898 660 946; x_wconf 90' lang='lat' dir='ltr'>Becchetto</span> <span class='ocrx_word' id='word_1_76' title='bbox 692 899 993 947; x_wconf 87' lang='lat' dir='ltr'>Bononiensi</span> <span class='ocrx_word' id='word_1_77' title='bbox 1023 900 1157 947; x_wconf 89' lang='lat' dir='ltr'>foras</span> <span class='ocrx_word' id='word_1_78' title='bbox 1188 900 1338 948; x_wconf 88' lang='lat' dir='ltr'>misso</span> <span class='ocrx_word' id='word_1_79' title='bbox 1371 901 1420 947; x_wconf 85' lang='lat' dir='ltr'>et</span> <span class='ocrx_word' id='word_1_80' title='bbox 1443 899 1597 947; x_wconf 88' lang='lat' dir='ltr'>latine</span> <span class='ocrx_word' id='word_1_81' title='bbox 1621 916 1762 948; x_wconf 86' lang='lat' dir='ltr'>verso</span> 
     </span>
     <span class='ocr_line' id='line_1_11' title="bbox 78 971 1764 1022; baseline 0.002 -5"><span class='ocrx_word' id='word_1_82' title='bbox 78 971 130 1018; x_wconf 91' lang='lat' dir='ltr'>in</span> <span class='ocrx_word' id='word_1_83' title='bbox 160 971 420 1020; x_wconf 86' lang='lat' dir='ltr'>Amadutii</span> <span class='ocrx_word' id='word_1_84' title='bbox 450 972 718 1021; x_wconf 89' lang='lat' dir='ltr'>Anecdotis</span> <span class='ocrx_word' id='word_1_85' title='bbox 750 973 1007 1021; x_wconf 87' lang='lat' dir='ltr'>litterariis</span> <span class='ocrx_word' id='word_1_86' title='bbox 1040 989 1097 1020; x_wconf 83' lang='lat' dir='ltr'>ex</span> <span class='ocrx_word' id='word_1_87' title='bbox 1126 973 1241 1021; x_wconf 90' lang='lat' dir='ltr'>Mss.</span> <span class='ocrx_word' id='word_1_88' title='bbox 1268 972 1404 1021; x_wconf 88' lang='lat' dir='ltr'>codd.</span> <span class='ocrx_word' id='word_1_89' title='bbox 1438 974 1589 1022; x_wconf 90' lang='lat' dir='ltr'>erutis</span> <span class='ocrx_word' id='word_1_90' title='bbox 1621 975 1717 1022; x_wconf 86' lang='lat' dir='ltr'>vol.</span> <span class='ocrx_word' id='word_1_91' title='bbox 1740 974 1764 1021; x_wconf 92' lang='lat' dir='ltr'>I</span> 
     </span>
     <span class='ocr_line' id='line_1_12' title="bbox 74 1045 1764 1109; baseline 0.002 -18"><span class='ocrx_word' id='word_1_92' title='bbox 74 1045 259 1092; x_wconf 86' lang='lat' dir='ltr'>Romae</span> <span class='ocrx_word' id='word_1_93' title='bbox 295 1048 434 1094; x_wconf 89' lang='lat'>1773</span> <span class='ocrx_word' id='word_1_94' title='bbox 468 1065 514 1109; x_wconf 90' lang='lat' dir='ltr'>p.</span> <span class='ocrx_word' id='word_1_95' title='bbox 543 1049 737 1095; x_wconf 83' lang='lat'>9—22.</span> <span class='ocrx_word' id='word_1_96' title='bbox 813 1047 974 1095; x_wconf 91' lang='lat' dir='ltr'>Malus</span> <span class='ocrx_word' id='word_1_97' title='bbox 1019 1048 1118 1094; x_wconf 86' lang='lat' dir='ltr'>fuit</span> <span class='ocrx_word' id='word_1_98' title='bbox 1156 1047 1306 1095; x_wconf 85' lang='lat' dir='ltr'>codex</span> <span class='ocrx_word' id='word_1_99' title='bbox 1353 1063 1497 1109; x_wconf 90' lang='lat' dir='ltr'>quem</span> <span class='ocrx_word' id='word_1_100' title='bbox 1538 1047 1764 1096; x_wconf 90' lang='lat' dir='ltr'>adhibuit</span> 
     </span>
     <span class='ocr_line' id='line_1_13' title="bbox 73 1118 1760 1185; baseline 0.002 -19"><span class='ocrx_word' id='word_1_101' title='bbox 73 1118 434 1169; x_wconf 75' lang='lat' dir='ltr'>Laurentianus</span> <span class='ocrx_word' id='word_1_102' title='bbox 451 1121 639 1168; x_wconf 91' lang='lat' dir='ltr'>XXXII</span> <span class='ocrx_word' id='word_1_103' title='bbox 653 1122 736 1182; x_wconf 90' lang='lat'>13,</span> <span class='ocrx_word' id='word_1_104' title='bbox 759 1121 899 1182; x_wconf 90' lang='lat' dir='ltr'>peior</span> <span class='ocrx_word' id='word_1_105' title='bbox 921 1123 1077 1184; x_wconf 89' lang='lat' dir='ltr'>ipsius</span> <span class='ocrx_word' id='word_1_106' title='bbox 1093 1122 1293 1185; x_wconf 86' lang='lat' dir='ltr'>linguae</span> <span class='ocrx_word' id='word_1_107' title='bbox 1318 1137 1522 1185; x_wconf 84' lang='lat' dir='ltr'>graecae</span> <span class='ocrx_word' id='word_1_108' title='bbox 1541 1123 1760 1170; x_wconf 88' lang='lat' dir='ltr'>scientia.</span> 
     </span>
    </p>

    <p class='ocr_par' dir='ltr' id='par_1_3' title="bbox 68 1193 1761 2130">
     <span class='ocr_line' id='line_1_14' title="bbox 183 1193 1757 1257; baseline 0.002 -17"><span class='ocrx_word' id='word_1_109' title='bbox 183 1193 412 1242; x_wconf 85' lang='lat' dir='ltr'>Reiskius</span> <span class='ocrx_word' id='word_1_110' title='bbox 443 1197 709 1257; x_wconf 72' lang='lat' dir='ltr'>postquam</span> <span class='ocrx_word' id='word_1_111' title='bbox 739 1195 902 1243; x_wconf 86' lang='lat' dir='ltr'>multa</span> <span class='ocrx_word' id='word_1_112' title='bbox 931 1194 1055 1243; x_wconf 86' lang='lat' dir='ltr'>vitia</span> <span class='ocrx_word' id='word_1_113' title='bbox 1088 1195 1319 1244; x_wconf 75' lang='lat' dir='ltr'>editionis</span> <span class='ocrx_word' id='word_1_114' title='bbox 1343 1195 1664 1244; x_wconf 85' lang='lat' dir='ltr'>Fabricianae</span> <span class='ocrx_word' id='word_1_115' title='bbox 1694 1223 1757 1230; x_wconf 91' lang='lat'><strong>—</strong></span> 
     </span>
     <span class='ocr_line' id='line_1_15' title="bbox 74 1266 1761 1332; baseline 0.003 -19"><span class='ocrx_word' id='word_1_116' title='bbox 74 1266 424 1315; x_wconf 89' lang='lat' dir='ltr'>Becchettiana</span> <span class='ocrx_word' id='word_1_117' title='bbox 464 1270 509 1316; x_wconf 87' lang='lat' dir='ltr'>ei</span> <span class='ocrx_word' id='word_1_118' title='bbox 546 1271 720 1332; x_wconf 91' lang='lat' dir='ltr'>ignota</span> <span class='ocrx_word' id='word_1_119' title='bbox 749 1270 935 1317; x_wconf 88' lang='lat' dir='ltr'>mansit</span> <span class='ocrx_word' id='word_1_120' title='bbox 964 1296 1038 1303; x_wconf 91' lang='lat'>—-</span> <span class='ocrx_word' id='word_1_121' title='bbox 1069 1270 1390 1318; x_wconf 89' lang='lat' dir='ltr'>coniectando</span> <span class='ocrx_word' id='word_1_122' title='bbox 1430 1267 1619 1318; x_wconf 79' lang='grc' dir='ltr'><em>ἀκονιτὶ</em></span> <span class='ocrx_word' id='word_1_123' title='bbox 1658 1285 1761 1318; x_wconf 86' lang='lat' dir='ltr'>sus-</span> 
     </span>
     <span class='ocr_line' id='line_1_16' title="bbox 72 1340 1760 1407; baseline 0.004 -21"><span class='ocrx_word' id='word_1_124' title='bbox 72 1341 193 1388; x_wconf 89' lang='lat' dir='ltr'>tulit</span> <span class='ocrx_word' id='word_1_125' title='bbox 229 1340 392 1389; x_wconf 86' lang='lat' dir='ltr'>Anim.</span> <span class='ocrx_word' id='word_1_126' title='bbox 409 1342 456 1388; x_wconf 88' lang='lat' dir='ltr'><strong>V</strong></span> <span class='ocrx_word' id='word_1_127' title='bbox 483 1344 787 1404; x_wconf 89' lang='lat'>109—111,</span> <span class='ocrx_word' id='word_1_128' title='bbox 828 1343 1064 1392; x_wconf 88' lang='lat' dir='ltr'>orationis</span> <span class='ocrx_word' id='word_1_129' title='bbox 1108 1345 1332 1407; x_wconf 76' lang='lat' dir='ltr'>integrae</span> <span class='ocrx_word' id='word_1_130' title='bbox 1372 1360 1429 1391; x_wconf 85' lang='lat' dir='ltr'>ex</span> <span class='ocrx_word' id='word_1_131' title='bbox 1466 1343 1760 1407; x_wconf 88' lang='lat' dir='ltr'>Augustano</span> 
     </span>
     <span class='ocr_line' id='line_1_17' title="bbox 78 1407 1759 1483; baseline 0.002 -21"><span class='ocrx_word' id='word_1_132' title='bbox 78 1407 166 1480; x_wconf 91' lang='lat' dir='ltr'>(A)</span> <span class='ocrx_word' id='word_1_133' title='bbox 200 1414 488 1478; x_wconf 86' lang='lat' dir='ltr'>descriptae,</span> <span class='ocrx_word' id='word_1_134' title='bbox 520 1432 630 1464; x_wconf 89' lang='lat' dir='ltr'>cum</span> <span class='ocrx_word' id='word_1_135' title='bbox 660 1417 944 1465; x_wconf 89' lang='lat' dir='ltr'>Monacensi</span> <span class='ocrx_word' id='word_1_136' title='bbox 969 1410 1105 1483; x_wconf 84' lang='lat' dir='ltr'>(Mo)</span> <span class='ocrx_word' id='word_1_137' title='bbox 1139 1418 1364 1478; x_wconf 86' lang='lat' dir='ltr'>collatae,</span> <span class='ocrx_word' id='word_1_138' title='bbox 1396 1418 1554 1466; x_wconf 92' lang='lat' dir='ltr'>denuo</span> <span class='ocrx_word' id='word_1_139' title='bbox 1591 1417 1759 1466; x_wconf 87' lang='lat' dir='ltr'>critice</span> 
     </span>
     <span class='ocr_line' id='line_1_18' title="bbox 74 1490 1759 1554; baseline 0.002 -19"><span class='ocrx_word' id='word_1_140' title='bbox 74 1490 405 1549; x_wconf 88' lang='lat' dir='ltr'>pertractatae</span> <span class='ocrx_word' id='word_1_141' title='bbox 445 1490 710 1538; x_wconf 89' lang='lat' dir='ltr'>editionem</span> <span class='ocrx_word' id='word_1_142' title='bbox 748 1493 1080 1554; x_wconf 85' lang='lat' dir='ltr'>praeparavit,</span> <span class='ocrx_word' id='word_1_143' title='bbox 1121 1507 1270 1553; x_wconf 91' lang='lat' dir='ltr'>quam</span> <span class='ocrx_word' id='word_1_144' title='bbox 1309 1507 1364 1538; x_wconf 91' lang='lat' dir='ltr'>eo</span> <span class='ocrx_word' id='word_1_145' title='bbox 1396 1494 1591 1540; x_wconf 87' lang='lat' dir='ltr'>mortuo</span> <span class='ocrx_word' id='word_1_146' title='bbox 1622 1492 1759 1539; x_wconf 87' lang='lat' dir='ltr'>Reis-</span> 
     </span>
     <span class='ocr_line' id='line_1_19' title="bbox 72 1561 1758 1628; baseline 0.004 -21"><span class='ocrx_word' id='word_1_147' title='bbox 72 1561 158 1608; x_wconf 87' lang='lat' dir='ltr'>kia</span> <span class='ocrx_word' id='word_1_148' title='bbox 190 1563 322 1611; x_wconf 89' lang='lat' dir='ltr'>foras</span> <span class='ocrx_word' id='word_1_149' title='bbox 353 1564 491 1612; x_wconf 89' lang='lat' dir='ltr'>misit</span> <span class='ocrx_word' id='word_1_150' title='bbox 520 1565 658 1626; x_wconf 88' lang='lat' dir='ltr'>prius</span> <span class='ocrx_word' id='word_1_151' title='bbox 682 1564 978 1628; x_wconf 87' lang='lat' dir='ltr'>Altenburgi</span> <span class='ocrx_word' id='word_1_152' title='bbox 1006 1566 1146 1612; x_wconf 82' lang='lat'>1784</span> <span class='ocrx_word' id='word_1_153' title='bbox 1171 1582 1217 1626; x_wconf 92' lang='lat' dir='ltr'>p.</span> <span class='ocrx_word' id='word_1_154' title='bbox 1245 1566 1554 1628; x_wconf 83' lang='lat'>213—222,</span> <span class='ocrx_word' id='word_1_155' title='bbox 1578 1565 1758 1614; x_wconf 91' lang='lat' dir='ltr'>iterum</span> 
     </span>
     <span class='ocr_line' id='line_1_20' title="bbox 71 1627 1759 1701; baseline 0.004 -21"><span class='ocrx_word' id='word_1_156' title='bbox 71 1634 254 1682; x_wconf 90' lang='lat' dir='ltr'>ibidem</span> <span class='ocrx_word' id='word_1_157' title='bbox 297 1627 432 1684; x_wconf 88' lang='grc'><strong>1791</strong></span> <span class='ocrx_word' id='word_1_158' title='bbox 483 1638 578 1685; x_wconf 84' lang='lat' dir='ltr'>vol.</span> <span class='ocrx_word' id='word_1_159' title='bbox 618 1637 643 1684; x_wconf 97' lang='lat' dir='ltr'>I</span> <span class='ocrx_word' id='word_1_160' title='bbox 687 1654 733 1699; x_wconf 92' lang='lat' dir='ltr'>p.</span> <span class='ocrx_word' id='word_1_161' title='bbox 775 1638 1080 1686; x_wconf 85' lang='lat'>484—506.</span> <span class='ocrx_word' id='word_1_162' title='bbox 1157 1637 1299 1686; x_wconf 91' lang='lat' dir='ltr'>Hanc</span> <span class='ocrx_word' id='word_1_163' title='bbox 1348 1655 1478 1686; x_wconf 89' lang='lat' dir='ltr'>mere</span> <span class='ocrx_word' id='word_1_164' title='bbox 1524 1640 1759 1701; x_wconf 88' lang='lat' dir='ltr'>repetivit</span> 
     </span>
     <span class='ocr_line' id='line_1_21' title="bbox 72 1705 1757 1778; baseline 0.003 -23"><span class='ocrx_word' id='word_1_165' title='bbox 72 1709 411 1759; x_wconf 91' lang='lat' dir='ltr'>Monnerius</span> <span class='ocrx_word' id='word_1_166' title='bbox 449 1728 495 1773; x_wconf 90' lang='lat' dir='ltr'>p.</span> <span class='ocrx_word' id='word_1_167' title='bbox 532 1705 858 1778; x_wconf 83' lang='lat'>64-—103‚¹)</span> <span class='ocrx_word' id='word_1_168' title='bbox 911 1713 969 1759; x_wconf 92' lang='lat' dir='ltr'>ut</span> <span class='ocrx_word' id='word_1_169' title='bbox 1012 1728 1074 1760; x_wconf 91' lang='lat' dir='ltr'>ne</span> <span class='ocrx_word' id='word_1_170' title='bbox 1113 1713 1295 1760; x_wconf 88' lang='lat' dir='ltr'>omissa</span> <span class='ocrx_word' id='word_1_171' title='bbox 1334 1712 1531 1775; x_wconf 89' lang='lat' dir='ltr'>quidem</span> <span class='ocrx_word' id='word_1_172' title='bbox 1577 1714 1630 1760; x_wconf 90' lang='lat' dir='ltr'>in</span> <span class='ocrx_word' id='word_1_173' title='bbox 1668 1713 1757 1760; x_wconf 88' lang='grc'><strong>1113</strong></span> 
     </span>
     <span class='ocr_line' id='line_1_22' title="bbox 72 1783 1756 1848; baseline 0.004 -19"><span class='ocrx_word' id='word_1_174' title='bbox 72 1783 316 1830; x_wconf 89' lang='lat' dir='ltr'>vocabula</span> <span class='ocrx_word' id='word_1_175' title='bbox 362 1801 386 1832; x_wconf 93' lang='lat' dir='ltr'>e</span> <span class='ocrx_word' id='word_1_176' title='bbox 432 1785 726 1833; x_wconf 84' lang='lat' dir='ltr'>Fabriciana</span> <span class='ocrx_word' id='word_1_177' title='bbox 778 1788 1059 1847; x_wconf 87' lang='lat' dir='ltr'>reponeret,</span> <span class='ocrx_word' id='word_1_178' title='bbox 1114 1786 1155 1834; x_wconf 88' lang='lat' dir='ltr'>si</span> <span class='ocrx_word' id='word_1_179' title='bbox 1200 1802 1316 1834; x_wconf 85' lang='lat' dir='ltr'>vero</span> <span class='ocrx_word' id='word_1_180' title='bbox 1364 1786 1483 1848; x_wconf 90' lang='lat' dir='ltr'>quid</span> <span class='ocrx_word' id='word_1_181' title='bbox 1527 1789 1756 1848; x_wconf 85' lang='lat' dir='ltr'>mutavit,</span> 
     </span>
     <span class='ocr_line' id='line_1_23' title="bbox 72 1860 1754 1924; baseline 0.003 -21"><span class='ocrx_word' id='word_1_182' title='bbox 72 1861 417 1919; x_wconf 86' lang='lat' dir='ltr'>corrumperet,</span> <span class='ocrx_word' id='word_1_183' title='bbox 449 1861 506 1906; x_wconf 93' lang='lat' dir='ltr'>ut</span> <span class='ocrx_word' id='word_1_184' title='bbox 529 1860 944 1923; x_wconf 80' lang='grc' dir='ltr'><em>συμβουληθῆναι</em></span> <span class='ocrx_word' id='word_1_185' title='bbox 966 1862 1018 1906; x_wconf 86' lang='grc'>111</span> <span class='ocrx_word' id='word_1_186' title='bbox 1043 1860 1481 1924; x_wconf 79' lang='grc' dir='ltr'><em>συμβουλευθῆναι</em></span> <span class='ocrx_word' id='word_1_187' title='bbox 1503 1878 1550 1922; x_wconf 92' lang='lat' dir='ltr'>p.</span> <span class='ocrx_word' id='word_1_188' title='bbox 1568 1863 1687 1924; x_wconf 85' lang='lat'>169,</span> <span class='ocrx_word' id='word_1_189' title='bbox 1708 1863 1754 1909; x_wconf 90' lang='lat'>9.</span> 
     </span>
     <span class='ocr_line' id='line_1_24' title="bbox 69 1929 1753 1998; baseline 0.004 -22"><span class='ocrx_word' id='word_1_190' title='bbox 69 1929 226 1978; x_wconf 86' lang='lat' dir='ltr'>Nulla</span> <span class='ocrx_word' id='word_1_191' title='bbox 262 1932 418 1995; x_wconf 91' lang='lat' dir='ltr'>igitur</span> <span class='ocrx_word' id='word_1_192' title='bbox 457 1933 560 1980; x_wconf 88' lang='lat' dir='ltr'>eius</span> <span class='ocrx_word' id='word_1_193' title='bbox 598 1934 727 1981; x_wconf 89' lang='lat' dir='ltr'>ratio</span> <span class='ocrx_word' id='word_1_194' title='bbox 766 1933 991 1981; x_wconf 90' lang='lat' dir='ltr'>habenda</span> <span class='ocrx_word' id='word_1_195' title='bbox 1031 1935 1156 1996; x_wconf 82' lang='lat' dir='ltr'>erat3</span> <span class='ocrx_word' id='word_1_196' title='bbox 1196 1934 1470 1982; x_wconf 86' lang='lat' dir='ltr'>versionem</span> <span class='ocrx_word' id='word_1_197' title='bbox 1500 1950 1617 1983; x_wconf 85' lang='lat' dir='ltr'>vero</span> <span class='ocrx_word' id='word_1_198' title='bbox 1650 1935 1753 1998; x_wconf 84' lang='lat' dir='ltr'>gal-</span> 
     </span>
     <span class='ocr_line' id='line_1_25' title="bbox 68 2003 1754 2072; baseline 0.005 -23"><span class='ocrx_word' id='word_1_199' title='bbox 68 2003 214 2051; x_wconf 90' lang='lat' dir='ltr'>licam</span> <span class='ocrx_word' id='word_1_200' title='bbox 257 2006 481 2066; x_wconf 87' lang='lat' dir='ltr'>quamvis</span> <span class='ocrx_word' id='word_1_201' title='bbox 528 2007 647 2055; x_wconf 86' lang='lat' dir='ltr'>satis</span> <span class='ocrx_word' id='word_1_202' title='bbox 694 2007 900 2055; x_wconf 88' lang='lat' dir='ltr'>liberam</span> <span class='ocrx_word' id='word_1_203' title='bbox 946 2010 1113 2055; x_wconf 86' lang='lat' dir='ltr'>tamen</span> <span class='ocrx_word' id='word_1_204' title='bbox 1160 2008 1434 2072; x_wconf 81' lang='lat' dir='ltr'>elegantem</span> <span class='ocrx_word' id='word_1_205' title='bbox 1488 2008 1754 2057; x_wconf 90' lang='lat' dir='ltr'>admodum</span> 
     </span>
     <span class='ocr_line' id='line_1_26' title="bbox 68 2076 969 2130; baseline 0.007 -7"><span class='ocrx_word' id='word_1_206' title='bbox 68 2076 240 2126; x_wconf 90' lang='lat' dir='ltr'>lubens</span> <span class='ocrx_word' id='word_1_207' title='bbox 279 2080 453 2128; x_wconf 87' lang='lat' dir='ltr'>merito</span> <span class='ocrx_word' id='word_1_208' title='bbox 492 2080 793 2128; x_wconf 88' lang='lat' dir='ltr'>laudandam</span> <span class='ocrx_word' id='word_1_209' title='bbox 831 2080 969 2130; x_wconf 89' lang='lat' dir='ltr'>duco.</span> 
     </span>
    </p>

    <p class='ocr_par' dir='ltr' id='par_1_4' title="bbox 70 2151 1752 2297">
     <span class='ocr_line' id='line_1_27' title="bbox 177 2151 1749 2220; baseline 0.003 -21"><span class='ocrx_word' id='word_1_210' title='bbox 177 2151 530 2201; x_wconf 89' lang='lat' dir='ltr'>Boissonadius</span> <span class='ocrx_word' id='word_1_211' title='bbox 554 2155 681 2202; x_wconf 90' lang='lat' dir='ltr'>nihil</span> <span class='ocrx_word' id='word_1_212' title='bbox 703 2155 799 2203; x_wconf 91' lang='lat' dir='ltr'>nisi</span> <span class='ocrx_word' id='word_1_213' title='bbox 822 2156 1058 2203; x_wconf 88' lang='lat' dir='ltr'>lectiones</span> <span class='ocrx_word' id='word_1_214' title='bbox 1083 2155 1263 2204; x_wconf 89' lang='lat' dir='ltr'>codicis</span> <span class='ocrx_word' id='word_1_215' title='bbox 1280 2156 1494 2204; x_wconf 86' lang='lat' dir='ltr'>Parisini</span> <span class='ocrx_word' id='word_1_216' title='bbox 1517 2173 1588 2220; x_wconf 88' lang='lat' dir='ltr'>gr.</span> <span class='ocrx_word' id='word_1_217' title='bbox 1609 2158 1749 2204; x_wconf 88' lang='lat'>3017</span> 
     </span>
     <span class='ocr_line' id='line_1_28' title="bbox 70 2224 1752 2297; baseline 0.004 -26"><span class='ocrx_word' id='word_1_218' title='bbox 70 2225 284 2288; x_wconf 84' lang='lat' dir='ltr'>margini</span> <span class='ocrx_word' id='word_1_219' title='bbox 323 2227 553 2276; x_wconf 91' lang='lat' dir='ltr'>editionis</span> <span class='ocrx_word' id='word_1_220' title='bbox 584 2229 877 2277; x_wconf 86' lang='lat' dir='ltr'>Reiskianae</span> <span class='ocrx_word' id='word_1_221' title='bbox 914 2245 1069 2292; x_wconf 92' lang='lat' dir='ltr'>usque</span> <span class='ocrx_word' id='word_1_222' title='bbox 1109 2230 1171 2277; x_wconf 87' lang='lat' dir='ltr'>ad</span> <span class='ocrx_word' id='word_1_223' title='bbox 1210 2247 1257 2291; x_wconf 92' lang='lat' dir='ltr'>p.</span> <span class='ocrx_word' id='word_1_224' title='bbox 1284 2231 1387 2278; x_wconf 57' lang='lat'>4829</span> <span class='ocrx_word' id='word_1_225' title='bbox 1424 2230 1696 2292; x_wconf 86' lang='lat' dir='ltr'>adscripsit.</span> <span class='ocrx_word' id='word_1_226' title='bbox 1709 2224 1752 2297; x_wconf 74' lang='lat'>²)</span> 
     </span>
    </p>

    <p class='ocr_par' dir='ltr' id='par_1_5' title="bbox 69 2299 1752 2513">
     <span class='ocr_line' id='line_1_29' title="bbox 176 2299 1751 2366; baseline 0.004 -20"><span class='ocrx_word' id='word_1_227' title='bbox 176 2299 316 2348; x_wconf 90' lang='lat' dir='ltr'>Vitia</span> <span class='ocrx_word' id='word_1_228' title='bbox 366 2318 490 2363; x_wconf 89' lang='lat' dir='ltr'>quae</span> <span class='ocrx_word' id='word_1_229' title='bbox 538 2304 684 2365; x_wconf 92' lang='lat' dir='ltr'>culpa</span> <span class='ocrx_word' id='word_1_230' title='bbox 729 2319 827 2350; x_wconf 94' lang='lat' dir='ltr'>non</span> <span class='ocrx_word' id='word_1_231' title='bbox 866 2305 1027 2352; x_wconf 89' lang='lat' dir='ltr'>minus</span> <span class='ocrx_word' id='word_1_232' title='bbox 1067 2304 1289 2352; x_wconf 89' lang='lat' dir='ltr'>codicum</span> <span class='ocrx_word' id='word_1_233' title='bbox 1335 2319 1484 2366; x_wconf 91' lang='lat' dir='ltr'>quam</span> <span class='ocrx_word' id='word_1_234' title='bbox 1522 2305 1751 2352; x_wconf 89' lang='lat' dir='ltr'>Reiskiae</span> 
     </span>
     <span class='ocr_line' id='line_1_30' title="bbox 69 2373 1752 2440; baseline 0.004 -22"><span class='ocrx_word' id='word_1_235' title='bbox 69 2373 217 2420; x_wconf 86' lang='lat' dir='ltr'>etiam</span> <span class='ocrx_word' id='word_1_236' title='bbox 255 2376 307 2421; x_wconf 93' lang='lat' dir='ltr'>in</span> <span class='ocrx_word' id='word_1_237' title='bbox 344 2375 471 2423; x_wconf 90' lang='lat' dir='ltr'>hane</span> <span class='ocrx_word' id='word_1_238' title='bbox 517 2376 781 2425; x_wconf 91' lang='lat' dir='ltr'>editionem</span> <span class='ocrx_word' id='word_1_239' title='bbox 827 2377 1147 2439; x_wconf 88' lang='lat' dir='ltr'>irrepserant,</span> <span class='ocrx_word' id='word_1_240' title='bbox 1194 2394 1219 2426; x_wconf 93' lang='lat' dir='ltr'>e</span> <span class='ocrx_word' id='word_1_241' title='bbox 1256 2380 1397 2440; x_wconf 87' lang='lat' dir='ltr'>parte</span> <span class='ocrx_word' id='word_1_242' title='bbox 1445 2378 1752 2426; x_wconf 85' lang='lat' dir='ltr'>sustulerunt</span> 
     </span>
     <span class='ocr_line' id='line_1_31' title="bbox 70 2443 1747 2513; baseline 0.005 -21"><span class='ocrx_word' id='word_1_243' title='bbox 70 2443 293 2509; x_wconf 84' lang='lat' dir='ltr'>Cobetus,</span> <span class='ocrx_word' id='word_1_244' title='bbox 335 2447 564 2511; x_wconf 85' lang='lat' dir='ltr'>Sintenis,</span> <span class='ocrx_word' id='word_1_245' title='bbox 605 2444 832 2513; x_wconf 65' lang='lat' dir='ltr'>Gasdass),</span> <span class='ocrx_word' id='word_1_246' title='bbox 873 2453 956 2512; x_wconf 91' lang='lat' dir='ltr'>qui</span> <span class='ocrx_word' id='word_1_247' title='bbox 996 2447 1182 2500; x_wconf 87' lang='lat' dir='ltr'>codices</span> <span class='ocrx_word' id='word_1_248' title='bbox 1221 2450 1270 2499; x_wconf 83' lang='lat' dir='ltr'><strong><em>A</em></strong></span> <span class='ocrx_word' id='word_1_249' title='bbox 1311 2454 1360 2499; x_wconf 91' lang='lat' dir='ltr'>et</span> <span class='ocrx_word' id='word_1_250' title='bbox 1386 2453 1430 2500; x_wconf 88' lang='lat' dir='ltr'><strong><em>V</em></strong></span> <span class='ocrx_word' id='word_1_251' title='bbox 1461 2452 1747 2501; x_wconf 82' lang='lat' dir='ltr'>contulerat.</span> 
     </span>
    </p>
   </div>
   <div class='ocr_carea' id='block_1_3' title="bbox 64 2545 418 2553">
    <p class='ocr_par' dir='ltr' id='par_1_6' title="bbox 64 2545 418 2553">
     <span class='ocr_line' id='line_1_32' title="bbox 64 2545 418 2553; baseline 0 609"><span class='ocrx_word' id='word_1_252' title='bbox 64 2545 418 2553; x_wconf 95' lang='lat' dir='ltr'> </span> 
     </span>
    </p>
   </div>
   <div class='ocr_carea' id='block_1_4' title="bbox 185 2602 1181 2780">
    <p class='ocr_par' dir='ltr' id='par_1_7' title="bbox 185 2602 1181 2788">
     <span class='ocr_line' id='line_1_33' title="bbox 187 2602 659 2659; baseline 0.008 -15"><span class='ocrx_word' id='word_1_253' title='bbox 187 2603 228 2657; x_wconf 90' lang='lat'>1)</span> <span class='ocrx_word' id='word_1_254' title='bbox 260 2602 379 2647; x_wconf 92' lang='lat' dir='ltr'>Vide</span> <span class='ocrx_word' id='word_1_255' title='bbox 410 2605 442 2646; x_wconf 88' lang='lat' dir='ltr'>t.</span> <span class='ocrx_word' id='word_1_256' title='bbox 468 2603 488 2646; x_wconf 95' lang='grc' dir='ltr'><strong>Ι</strong></span> <span class='ocrx_word' id='word_1_257' title='bbox 518 2618 562 2659; x_wconf 91' lang='lat' dir='ltr'>p.</span> <span class='ocrx_word' id='word_1_258' title='bbox 592 2609 659 2648; x_wconf 89' lang='lat'>15.</span> 
     </span>
     <span class='ocr_line' id='line_1_34' title="bbox 185 2660 595 2719; baseline 0.007 -16"><span class='ocrx_word' id='word_1_259' title='bbox 185 2663 227 2718; x_wconf 86' lang='lat'>2)</span> <span class='ocrx_word' id='word_1_260' title='bbox 260 2660 324 2704; x_wconf 86' lang='lat' dir='ltr'>Cf.</span> <span class='ocrx_word' id='word_1_261' title='bbox 357 2664 389 2706; x_wconf 93' lang='lat' dir='ltr'>t.</span> <span class='ocrx_word' id='word_1_262' title='bbox 411 2662 432 2704; x_wconf 96' lang='lat' dir='ltr'>I</span> <span class='ocrx_word' id='word_1_263' title='bbox 462 2678 506 2719; x_wconf 90' lang='lat' dir='ltr'>p.</span> <span class='ocrx_word' id='word_1_264' title='bbox 528 2667 595 2706; x_wconf 88' lang='grc'>78.</span> 
     </span>
     <span class='ocr_line' id='line_1_35' title="bbox 185 2718 1181 2780; baseline 0.003 -17"><span class='ocrx_word' id='word_1_265' title='bbox 185 2719 227 2774; x_wconf 84' lang='grc'>3)</span> <span class='ocrx_word' id='word_1_266' title='bbox 258 2718 374 2780; x_wconf 84' lang='lat' dir='ltr'>Krit.</span> <span class='ocrx_word' id='word_1_267' title='bbox 401 2721 541 2765; x_wconf 90' lang='lat' dir='ltr'>Beitr.</span> <span class='ocrx_word' id='word_1_268' title='bbox 576 2737 631 2764; x_wconf 88' lang='lat' dir='ltr'>zu</span> <span class='ocrx_word' id='word_1_269' title='bbox 662 2722 824 2765; x_wconf 88' lang='lat' dir='ltr'>Liban.</span> <span class='ocrx_word' id='word_1_270' title='bbox 850 2722 893 2771; x_wconf 88' lang='grc' dir='ltr'>Π</span> <span class='ocrx_word' id='word_1_271' title='bbox 921 2738 966 2779; x_wconf 91' lang='lat' dir='ltr'>p.</span> <span class='ocrx_word' id='word_1_272' title='bbox 995 2728 1181 2768; x_wconf 89' lang='lat'>10—11.</span> 
     </span>
    </p>
   </div>
   <div class='ocr_carea' id='block_1_5' title="bbox 727 2857 886 2866">
    <p class='ocr_par' dir='ltr' id='par_1_8' title="bbox 727 2857 886 2866">
     <span class='ocr_line' id='line_1_36' title="bbox 727 2857 886 2866; baseline 0 0"><span class='ocrx_word' id='word_1_273' title='bbox 727 2857 886 2866; x_wconf 95' lang='lat' dir='ltr'> </span> 
     </span>
    </p>
   </div>
   <div class='ocr_carea' id='block_1_6' title="bbox 887 2859 1080 2866">
    <p class='ocr_par' dir='ltr' id='par_1_9' title="bbox 887 2859 1080 2866">
     <span class='ocr_line' id='line_1_37' title="bbox 887 2859 1080 2866; baseline 0 296"><span class='ocrx_word' id='word_1_274' title='bbox 887 2859 1080 2866; x_wconf 95' lang='lat' dir='ltr'> </span> 
     </span>
    </p>
   </div>
  </div>
 </body>
</html>
