2060 3162
257 143 368 199 524
783 143 1012 189 LIBANH
1043 144 1268 189 ORATIO
1299 145 1448 190 XXIV

255 282 347 334 καὶ
387 282 454 349 νὴ
497 284 611 333 Δία
651 300 712 348 γε
751 281 841 334 καὶ
888 289 1006 344 ταῖς
1046 279 1122 334 δι’
1151 280 1392 335 ἀπειλῶν
1431 281 1693 351 ἀνάγκαις
1739 283 1812 351 μὴ
1851 281 1951 336 ἐᾶν

258 378 486 423 σιωπᾶν.
565 370 652 422 23.
706 370 755 422 εἰ
800 377 973 422 ταῦτα
1018 368 1144 438 παρ’
1176 370 1335 439 ὑμῶν
1383 369 1655 439 ἐγίγνετο,
1709 373 1951 434 πολλοὺς

257 458 327 511 ἂν
378 463 547 527 εἴχετε
600 460 731 521 τοὺς
778 461 1048 527 βοῶντας,
1102 461 1233 521 τοὺς
1280 458 1567 527 λέγοντας,
1619 461 1751 521 τοὺς
1797 459 1952 524 &offois

256 562 513 615 σκοντας,
560 550 642 610 τίς
689 547 719 600 ὁ
759 546 1091 616 ἀρχιτέκτων
1136 555 1236 600 τοῦ
1285 549 1492 616 φόνου,
1539 550 1620 611 τίς
1660 548 1689 601 ὁ
1736 557 1956 618 πρῶτος

212 656 232 689 5
258 636 498 698 ἀκούσας
545 643 735 704 τοῦτο,
785 638 932 688 τίσιν
988 635 1017 689 ὁ
1065 638 1280 699 κτείνας
1335 635 1637 704 ἀνεπείσθη
1695 639 1899 704 λόγοις,
1942 634 1947 708 Ι

165 737 273 781 RII
290 741 345 780 49
394 723 482 778 ἐπὶ
520 727 674 796 πόσῳ
713 731 916 797 μισθῷ,
955 728 1100 788 τίνες
1140 726 1193 778 οἱ
1233 726 1567 794 συνειδότες,
1606 734 1702 778 ποῖ
1738 726 1955 795 τρώσας

256 812 592 883 ἀπεχώρησε,
641 815 788 876 τίνες
834 813 981 886 αὐτῷ
1031 813 1300 867 συνέπιον
1348 813 1440 866 καὶ
1491 815 1955 868 συνεπαιώνισαν.

258 902 344 955 24.
383 902 543 970 ὑμῶν
580 899 683 970 μὲν
734 904 838 972 γὰρ
889 902 1273 972 ἡσυχαζόντων
1323 902 1412 956 καὶ
1459 911 1574 965 τοῖς
1622 903 1957 972 δυναμένοις

258 992 483 1044 διώκειν
523 991 764 1060 ἀσφαλὲς
814 990 1071 1060 ἐφαίνετο
1111 993 1173 1045 τὸ
1212 988 1387 1060 μηδὲν
1426 979 1624 1060 λέγειν,
1672 991 1953 1061 κεκινημέ-

194 1102 236 1134 10
260 1100 376 1132 νων
416 1080 478 1132 δὲ
515 1089 627 1133 τῶν
673 1079 948 1147 βασιλέων
995 1079 1086 1133 καὶ
1124 1090 1238 1134 τῶν
1275 1079 1561 1150 ἀρχόντων
1611 1081 1956 1148 δηλούντων,

259 1169 332 1231 ὡς
379 1168 446 1221 οὐ
487 1171 781 1237 στήσονται
823 1172 1138 1237 ζητοῦντες,
1189 1169 1375 1238 μέχρις
1422 1168 1492 1221 ἂν
1531 1170 1610 1231 εἰς
1657 1178 1776 1237 φῶς
1814 1171 1954 1239 ἔλθῃ

258 1258 325 1309 τὰ
374 1257 746 1326 κεκρυμμένα,
800 1257 1002 1327 ταχέως
1050 1260 1128 1320 εἰς
1175 1268 1294 1325 φῶς
1340 1255 1566 1324 ἔμελλεν
1613 1256 1783 1325 ἥξειν,
1838 1256 1956 1311 ἐπεὶ

258 1344 350 1398 καὶ
391 1353 498 1398 νῦν
543 1342 687 1414 ἦσαν
725 1348 779 1399 οἱ
818 1345 879 1399 ἐν
919 1349 1146 1414 γωνίαις
1193 1346 1470 1414 λέγοντες,
1524 1347 1671 1409 ὅπως
1709 1346 1856 1399 ἅπαν
1893 1347 1954 1399 τὸ

261 1435 443 1504 δρᾶμα
497 1434 792 1504 συνετέθη·
857 1438 912 1488 οἳ
972 1439 1179 1504 πολλῆς
1240 1434 1494 1502 ἐνόμιζον
1556 1430 1699 1488 εἶναι
1760 1436 1960 1501 μανίας

194 1545 236 1578 15
262 1516 345 1586 οἷς
390 1524 625 1590 μάλιστα
670 1532 951 1594 προσῆκεν
997 1524 1326 1593 ἀγανακτεῖν
1379 1525 1575 1592 ἥκιστα
1624 1531 1788 1577 τοῦτο
1834 1542 1958 1576 ποι-

263 1613 481 1665 ούντων
543 1611 761 1681 ἑτέρους
816 1621 961 1683 σφᾶς
1017 1614 1219 1676 αὐτοὺς
1277 1614 1355 1675 εἰς
1414 1613 1705 1683 πράγματα
1758 1611 1957 1681 ἐμβάλ-

262 1705 380 1753 λειν
435 1701 536 1753 οὐκ
591 1702 804 1764 εἰδότας
857 1701 974 1770 μέν,
1030 1707 1086 1754 εἴ
1133 1722 1244 1754 τινι
1298 1695 1647 1771 χαριοῦνται,
1707 1703 1960 1764 δεδιότας

263 1790 324 1842 δὲ
385 1791 458 1858 μὴ
519 1791 610 1842 καὶ
673 1792 830 1858 ζημία
891 1790 1277 1859 προσγένηται.
1362 1789 1448 1842 25.
1510 1791 1614 1858 ἤδη
1677 1809 1760 1852 τις
1810 1790 1959 1843 ὁδοι-

383 1949 409 1986 4
451 1943 579 1986 Dem.
607 1958 669 1988 or.
698 1948 752 1987 56
784 1959 830 2000 p.
860 1949 987 1998 1286,
1009 1949 1063 1987 10
1249 1948 1272 1987 7
1313 1943 1443 1987 Dem.
1472 1958 1535 1987 or.
1565 1948 1618 1987 19
1651 1959 1694 1999 p.
1723 1947 1823 1997 380,
1842 1948 1896 1986 27

266 2005 320 2044 18
354 2002 409 2046 cf.
443 2003 586 2046 Ant-h.
611 2003 708 2046 Pal.
728 2003 814 2046 VH
840 2008 924 2046 745

384 2148 410 2186 4
455 2142 479 2186 ὁ
514 2141 792 2200 ἀρχιτέκτων
825 2150 906 2186 τοῦ
940 2142 1110 2200 φόνου]
1146 2140 1323 2195 ξενίζον
1355 2143 1436 2185 καὶ
1467 2139 1593 2186 τοῦτ’
1617 2142 1764 2185 εἰπεῖν
1800 2143 1862 2185 Vr
1894 2142 1961 2198 (et

265 2202 371 2245 vat..
399 2204 472 2258 82)
656 2206 710 2245 18
741 2202 794 2246 τὸ
828 2201 932 2257 ἤδη
965 2209 1102 2245 τοῦτο
1137 2202 1240 2245 ἀντὶ
1270 2209 1353 2244 τοῦ
1386 2201 1519 2244 ποτὲ
1552 2200 1820 2256 ἀσήμαντον
1851 2201 1958 2256 ὡρι-

270 2259 439 2317 σμένου
471 2259 658 2318 χρόνου,
699 2262 760 2312 ὡς
791 2259 986 2310 δικαίως
1025 2259 1084 2303 ἂν
1115 2261 1571 2317 παραλαμβάνεσθαι
1612 2261 1725 2304 αὐτὸ
1757 2260 1838 2303 καὶ
1868 2259 1958 2314 πρὸ

267 2321 381 2364 ἐτῶν
421 2318 673 2372 ἑξακοσίων
712 2320 792 2363 καὶ
829 2318 1058 2364 πλειόνων
1099 2319 1164 2363 ἔτι
1206 2320 1268 2362 Vr
1314 2321 1378 2376 (et
1410 2318 1513 2362 Vat.
1541 2322 1598 2362 82
1638 2319 1719 2374 qui
1760 2318 1835 2362 ἐπὶ
1874 2333 1958 2375 pro

266 2379 358 2434 πρὸ
389 2379 600 2436 praebet)
1607 2411 1646 2416 1,
1926 2409 1959 2416 Δ,

388 2518 412 2555 2
446 2511 575 2568 ἡμῶν
608 2515 722 2557 ΒαΙ
748 2511 803 2556 Ol
829 2511 951 2555 Fabr
985 2511 992 2569 Ι
1029 2509 1201 2567 ἐγίνετο
1237 2511 1279 2554 V
1425 2515 1449 2554 3
1483 2510 1625 2568 εἴχετε
1658 2510 1823 2567 scripsi
1854 2525 1958 2553 cum

271 2570 445 2615 Cobeto
478 2572 506 2614 1.
527 2572 555 2615 l.
620 2571 763 2616 εἴδετε
794 2570 905 2614 libri
936 2571 1027 2615 edd
1067 2574 1072 2625 Ι
1112 2571 1320 2627 βοῶντας
1351 2597 1406 2601 —-
1439 2570 1548 2620 τοὺς
1579 2571 1640 2627 (3)
1672 2570 1722 2613 in
1745 2583 1879 2626 marg
1901 2567 1960 2613 I²

330 2635 357 2672 4
389 2631 579 2685 πρώτως
603 2633 716 2674 ΒαΙ
831 2635 856 2673 5
892 2630 1077 2685 „malim
1099 2636 1265 2672 τοῦτον
1291 2628 1480 2685 (Anim)‚
1511 2629 1705 2673 τούτου“
1741 2629 1805 2685 (in
1829 2628 1959 2683 edit.)

270 2689 337 2732 Re
502 2695 525 2732 7
574 2689 949 2734 συνεπαιώνισαν
985 2689 1022 2733 G
1050 2688 1130 2731 sed
1163 2706 1196 2731 ω
1230 2688 1279 2730 in
1312 2706 1341 2731 α
1375 2701 1477 2731 corr
1506 2702 1548 2743 s,
1590 2689 1634 2732 V
1666 2688 1748 2731 sed
1779 2705 1814 2730 ω
1846 2687 1895 2729 in
1927 2703 1958 2728 α

271 2762 371 2791 corr
405 2748 460 2791 cf.
486 2763 530 2804 p.
552 2752 652 2803 218,
672 2753 739 2793 15.
775 2752 875 2802 258,
895 2751 949 2790 10
1065 2751 1090 2789 8
1116 2746 1245 2803 ἡμῶν
1270 2748 1385 2791 ΒαΙ
1402 2746 1458 2790 Ol
1474 2747 1597 2791 Fabr
1623 2749 1629 2803 Ι
1657 2747 1739 2804 μὲν
1762 2747 1887 2789 inser
1903 2745 1962 2789 1⁸

332 2841 356 2878 9
390 2836 702 2893 κεκινημένων
739 2839 809 2872 ως
843 2837 886 2880 V
1002 2840 1053 2878 11
1090 2809 1220 2879 ἔλθόι
1255 2837 1298 2879 V
1415 2840 1468 2879 13
1506 2833 1565 2878 ἂν
1598 2834 1725 2878 ἅπαν
1758 2833 1815 2877 Ol
1837 2832 1962 2876 Fabr

332 2900 387 2938 14
419 2895 590 2951 πολλὴν
622 2899 669 2939 et
701 2893 876 2951 μανίαν
908 2894 964 2937 Ol
988 2894 1113 2937 Fabr
1154 2897 1159 2950 Ι
1203 2891 1326 2938 εἶναι
1357 2895 1483 2938 inser
1505 2895 1540 2936 I
1547 2894 1564 2918 2
1686 2897 1740 2936 15
1785 2892 1960 2936 τούτων

270 2955 349 2998 Βα
392 2956 397 3010 Ι
439 2961 694 3006 ποιοῦντας
727 2955 771 2998 V
917 2959 970 2996 16
1003 2960 1192 3009 πρᾶγμα
1219 2953 1275 2996 Ol
1429 2958 1482 2996 17
1515 2949 1585 3003 τίς
1619 2952 1863 2997 OABBaI
