2054 3140
187 102 258 154 42
742 102 969 146 LIBANH
1000 100 1222 146 ORATIO
1255 103 1340 146 XII

187 239 317 301 τοὺς
370 236 419 291 δ’
459 233 527 291 αὖ
583 239 930 307 φιλοσόφους
981 245 1046 308 τῇ
1102 237 1381 310 ῥητορεία,
1435 247 1500 309 τῇ
1555 241 1770 308 ποιήσει
1813 239 1875 293 δὲ

189 325 560 396 ἀμφοτέρους,
606 326 787 396 ὥσπερ
828 321 897 378 αὖ
937 328 1068 388 τοὺς
1105 328 1333 395 ποιητὰς
1371 326 1701 398 ἀμφοτέροις
1739 326 1874 381 ἐκεί-

187 436 306 478 νοις
343 413 435 468 καὶ
481 416 549 483 νὴ
589 417 702 468 Δία
748 434 810 483 γε
854 414 1064 478 πάντας
1103 415 1202 478 οὓς
1248 417 1405 485 ἔφην,
1457 415 1668 488 θατέρᾳ
1715 424 1873 487 φωνῇ

187 505 486 557 τελεώτατα
523 502 748 574 ἐχούσῃ,
800 502 939 572 λέγω
989 500 1049 556 δὲ
1101 503 1202 556 οὐκ
1249 504 1414 567 αὐτὸς
1459 503 1682 574 ἐπαΐων,
1738 505 1876 558 ἀλλά

143 611 163 644 5
188 612 252 660 με
291 591 547 645 πέπεικεν
585 592 613 645 ὁ
655 593 1040 662 Καρχηδόνιος
1085 590 1309 656 ἐκεῖνος.
1385 593 1470 646 93.
1525 593 1650 647 ὥστ’
1691 599 1748 647 εἴ
1787 608 1874 647 σοι

188 683 520 750 συμβεβήκει
565 689 735 734 ταῦτα
779 687 1078 750 κεκτῆσθαι
1124 683 1406 749 βασιλείας
1454 683 1604 751 ἄνευ,
1650 686 1877 745 πολλοῖς

187 769 258 823 ἂν
287 768 561 837 βασιλέων
593 768 896 837 ἐπιθυμίαν
926 769 1190 840 παρέσχες
1223 771 1290 823 τὰ
1319 768 1421 839 μὲν
1445 770 1629 824 αὑτῶν
1660 773 1875 839 δοῦναι,

185 859 252 911 τὰ
291 858 353 911 δὲ
392 859 461 911 σὰ
499 860 708 927 λαβεῖν,
754 859 845 912 καὶ
884 859 935 911 εἴ
970 857 1037 927 γε’
1070 877 1184 922 πως
1223 858 1357 928 ἐνῆν
1395 874 1484 913 σοι
1524 859 1654 913 δέκα
1701 861 1875 928 γλώσ-

187 961 309 1010 σαις
346 945 643 1016 ἐκπέμπειν
681 950 893 1016 φωνήν,
941 944 1110 1001 οὐδὲν
1149 947 1218 1001 ἂν
1257 947 1416 1001 ἐδέου
1467 958 1579 1002 τῶν
1617 946 1743 1019 περὶ
1780 949 1876 1012 τὰς

121 1056 163 1088 10
188 1035 475 1099 ἐπιστολὰς
525 1036 838 1105 συμμάχων.
916 1037 1003 1091 94.
1063 1037 1295 1100 τούτους
1346 1038 1413 1106 δὴ
1459 1039 1590 1100 τοὺς
1636 1039 1876 1100 πολλοὺς

187 1123 279 1178 καὶ
315 1127 518 1188 καλοὺς
555 1123 647 1178 καὶ
687 1128 974 1188 ποικίλους
1014 1128 1214 1194 λόγους
1253 1126 1319 1179 οὐ
1359 1125 1752 1196 πρεσβυτέροις
1782 1133 1878 1194 τῆς

188 1213 353 1283 ἀρχῆς
403 1215 594 1282 μόνοις
646 1213 851 1283 ἐκτήσω
906 1217 1124 1282 πόνοις,
1181 1213 1299 1268 ἀλλ’
1338 1214 1600 1286 ἐτήρησας
1652 1212 1733 1267 ἔτι
1786 1214 1876 1268 καὶ

186 1310 295 1356 νῦν
331 1303 432 1371 τὴν
470 1299 609 1370 ὑπὲρ
650 1303 834 1356 αὐτῶν
873 1302 1202 1372 ἀγρυπνίαν.
1278 1304 1367 1356 καὶ
1417 1304 1519 1356 οὐκ
1569 1304 1878 1372 ἠνάγκασεν

187 1392 219 1460 ἡ
260 1393 509 1460 βασιλεία
547 1396 768 1443 κεῖσθαι
807 1391 1007 1458 μάταια
1045 1393 1111 1444 τὰ
1149 1394 1361 1461 βιβλία,
1410 1390 1526 1444 ἀλλ’
1564 1393 1597 1461 ἡ
1636 1392 1737 1459 μὲν
1775 1389 1875 1455 νὺξ

121 1501 163 1534 15
188 1479 276 1534 ἐπὶ
322 1488 418 1549 τῆς
467 1481 685 1550 πρώτης
736 1481 814 1532 ἔτι
861 1481 1078 1550 μοίρας,
1136 1483 1205 1533 σὺ
1254 1477 1315 1533 δὲ
1361 1478 1512 1551 ᾄδεις
1557 1483 1701 1533 πολὺ
1747 1482 1878 1550 πρό-

99 1581 245 1625 R401
278 1588 434 1639 τερος
472 1578 584 1622 τῶν
624 1569 873 1639 ὀρνίθων
903 1568 937 1637 ἢ
969 1572 1169 1622 τίκτων
1201 1571 1403 1638 λόγους
1437 1568 1443 1641 Ι
1478 1569 1510 1638 ἢ
1543 1570 1642 1622 τὸν
1677 1567 1878 1639 ἑτέρων

186 1659 351 1711 τόκον
389 1657 700 1726 λαμβάνων.
769 1657 950 1710 ὕπνου
993 1655 1054 1710 δὲ
1095 1659 1250 1728 ἰσχὺς
1296 1659 1617 1729 κεκράτηται
1657 1661 1878 1711 κεκολα-

187 1745 388 1815 σμένης
427 1749 680 1815 γαστρός·
743 1748 876 1813 μετὰ
921 1743 1023 1815 μὲν
1062 1747 1166 1817 γὰρ
1215 1752 1374 1800 οἴνου
1425 1746 1516 1800 καὶ
1562 1751 1879 1816 πλησμονῆς

189 1835 338 1905 ἄρχει
379 1835 677 1905 βλεφάρων
716 1833 939 1903 ἐκεῖνος,
981 1836 1114 1888 ἄνευ
1156 1832 1216 1888 δὲ
1253 1836 1467 1888 τούτων
1507 1836 1573 1889 οὐ
1613 1834 1750 1904 μέγα
1781 1836 1878 1888 δύ-

124 1945 167 1978 20
192 1943 364 1977 ναται.
442 1922 527 1976 95.
566 1926 623 1976 τί
655 1925 722 1992 δὴ
761 1926 1103 1992 θαυμαστόν,
1145 1925 1192 1977 εἰ
1233 1924 1496 1990 σωμάτων
1535 1924 1876 1992 ὠλιγώρηται

187 2012 386 2075 κάλλος
425 2011 487 2065 ἐν
523 2013 784 2080 τεττίγων
821 2012 923 2079 μὲν
960 2020 1166 2082 τροφῇ,
1215 2014 1399 2080 λόγων
1446 2009 1506 2064 δὲ
1555 2011 1875 2082 ἀπεργασίᾳ,

189 2107 341 2154 θεῶν
374 2101 435 2154 δὲ
467 2104 756 2171 συνουσίᾳ,
796 2102 950 2173 πόνῳ
984 2098 1044 2153 δὲ
1077 2110 1315 2169 συνεχεῖ;
1354 2102 1415 2154 τὸ
1448 2102 1553 2171 γὰρ
1586 2099 1675 2153 ἐπὶ
1706 2107 1878 2153 ταῦτα

191 2310 215 2358 ἓ
242 2310 267 2348 5
308 2251 333 2289 8
364 2246 579 2349 111ὲ9βά489
724 2251 778 2290 21
813 2246 1002 2290 Theocr.
1029 2246 1091 2289 id.
1118 2245 1182 2289 IV
1208 2251 1260 2290 16
1413 2251 1468 2288 22
1501 2246 1636 2290 Isocr.
1671 2246 1728 2290 dc
1759 2259 1875 2301 pace

299 2321 342 2362 p.

309 2442 333 2480 2
366 2437 560 2494 ποιητὰς
591 2438 640 2481 in
671 2451 804 2496 marg
835 2438 960 2482 inser
990 2439 1047 2482 1³
1197 2443 1222 2481 5
1268 2438 1330 2496 εἴ]
1364 2436 1421 2481 ἂν
1453 2439 1522 2482 Re
1673 2442 1697 2480 6
1729 2443 1874 2480 ταῦτα

194 2496 467 2554 συμβεβήκει
499 2498 544 2540 Β
667 2502 690 2540 7
724 2515 783 2541 αν
816 2497 866 2540 in
897 2495 1155 2553 ἐπιθυμίαν
1187 2498 1237 2540 in
1267 2510 1342 2540 ras
1378 2497 1439 2542 0²
1467 2500 1472 2553 Ι
1501 2498 1653 2540 αὐτῶν
1677 2496 1880 2540 ΑΡΒΜ

251 2562 403 2598 αυτῶν
438 2557 482 2600 U
604 2560 658 2599 10
691 2555 742 2601 δὲ
773 2557 842 2600 Re
979 2561 1032 2599 15
1066 2557 1131 2600 ἔτι
1163 2557 1345 2612 πρώτης
1378 2558 1421 2600 V
1453 2558 1458 2613 Ι
1492 2555 1716 2610 πρότερον
1748 2554 1815 2597 Re

194 2646 248 2685 16
279 2642 360 2686 τὸν
391 2643 565 2686 inserui
598 2657 621 2686 e
657 2645 740 2688 VB
801 2642 829 2698 ἢ
860 2617 969 2694 τὲἒὲς
994 2646 1055 2688 Μ
1112 2641 1139 2700 ἢ
1172 2645 1278 2694 τοὺς
1308 2644 1381 2688 Ul
1408 2643 1489 2686 sed
1512 2643 1562 2685 in
1585 2643 1672 2686 hoc
1694 2643 1803 2692 τοὺς
1825 2642 1874 2685 in

191 2744 266 2774 ras
297 2730 367 2773 m²
496 2735 548 2774 17
581 2719 750 2775 vduossb’
783 2735 840 2776 Μ
870 2730 1035 2782 τόκους
1069 2733 1141 2777 UI
1165 2732 1247 2775 sed
1277 2731 1326 2774 in
1357 2731 1445 2774 hoc
1475 2748 1530 2782 υς
1560 2730 1608 2773 in
1638 2744 1714 2773 ras
1746 2729 1815 2773 ῑῐι2

195 2795 246 2832 17
274 2788 424 2833 ὕπνου
442 2816 499 2821 -
517 2793 572 2834 20
597 2790 795 2835 δύναται
820 2791 935 2834 citat
958 2791 1128 2833 Macar.
1149 2789 1306 2845 Chrys.
1331 2790 1410 2833 fol.
1431 2793 1510 2832 ggv
1571 2789 1699 2847 ἰσχὺς
1722 2788 1874 2833 ὕπνου

191 2848 362 2891 Macar.
414 2850 419 2905 Ι
470 2847 521 2892 δὲ
553 2863 628 2892 om
652 2850 823 2893 Macar.
977 2854 1030 2892 19
1070 2848 1201 2907 ἄρχει
1231 2849 1311 2892 καὶ
1343 2847 1585 2905 βλεφάρων
1619 2849 1662 2891 V
1697 2851 1702 2896 1
1742 2844 1876 2899 οὗτος

192 2907 362 2951 Macar.
486 2912 538 2951 21
574 2905 619 2953 δ’
654 2908 722 2951 Re
845 2912 898 2951 22
932 2909 1115 2963 „malim
1147 2906 1306 2951 πόνων
1338 2907 1387 2951 δὲ
1422 2904 1659 2967 συνεχείᾳι*
1691 2907 1759 2950 Re
