2054 3140
194 151 264 203 22
745 150 973 194 LIBANII
1004 150 1227 195 ORATIO
1259 151 1344 194 XII

193 287 261 341 οὐ
307 288 575 356 πρότερον
621 284 854 354 ἐξέληξε,
909 284 1042 355 πρὶν
1087 291 1239 339 θεῶν
1291 306 1372 349 τις
1423 285 1674 339 ἐπελθὼν
1723 284 1871 354 μετέ-

194 389 356 443 στησε
402 376 503 443 τὴν
549 375 760 443 βουλὴν
814 372 903 426 καὶ
950 375 1048 427 τὸν
1098 376 1271 428 ’ὄκνον
1325 374 1515 444 ἀφεῖλε
1570 375 1875 443 διαρρήδην

193 461 443 526 ἐπιτάξας
481 463 774 530 ὑπομεῖναι
813 464 914 531 τὴν
952 465 1315 532 λειτουργίαν.
1391 463 1477 515 39.
1527 464 1775 532 μάρτυρα
1814 459 1875 515 δὲ

192 559 288 620 τῆς
349 551 632 620 ὁσιότητος
695 551 863 604 αὐτὸν
918 547 1027 620 εἶχε
1079 551 1178 603 τὸν
1233 550 1453 620 ἐχθρόν.
1540 552 1631 604 ἵνα
1685 552 1746 604 δὲ
1801 552 1873 620 μὴ

148 661 168 694 5
192 640 453 710 θαυμάσῃ
493 658 575 702 τις
614 638 820 710 ἐχθρὸν
859 638 1078 693 ἀκούων
1115 640 1215 693 τὸν
1244 640 1611 706 κοινούμενον
1648 647 1743 708 τῆς
1779 639 1873 710 ἀρ-

191 736 305 798 χῆς,
353 727 476 799 ἐρῶ,
524 730 605 791 τίς
643 724 713 796 ἦν
755 728 782 782 ὁ
823 737 916 797 τῆς
954 731 1248 791 κοινωνίας
1294 736 1441 791 νοῦς.
1518 727 1724 791 ἐκεῖνος
1769 730 1872 797 γὰρ

191 818 292 886 οὐχ
339 817 485 879 ὅπως
532 818 685 879 τινὰς
731 816 1048 887 ἀνθρώπων
1101 816 1275 886 ἡδέως
1325 816 1394 870 ἂν
1441 811 1589 870 εἶδεν
1636 816 1696 870 ἐν
1737 820 1875 887 θρό-

191 926 312 968 νοις
350 907 654 973 βασιλικοῖς
691 904 724 973 ἢ
757 915 871 968 τοῖς
902 905 1199 975 ἁλουργοῖς
1231 905 1558 974 ἐσθήμασιν,
1599 904 1715 959 ἀλλ’
1747 905 1865 959 οὐδ’

191 993 262 1047 ἄν
301 994 558 1061 ὀνείρατα
595 995 801 1063 ταύτην
839 992 1035 1063 ἔχοντα
1065 996 1166 1063 τὴν
1195 993 1338 1047 θέαν
1376 996 1606 1064 μετρίως
1643 995 1875 1063 ἤνεγκεν
1916 1061 1918 1064 ¹

125 1104 168 1137 10
193 1083 275 1134 ἄν.
351 1084 530 1135 πόθεν
569 1079 673 1136 οὖν
718 1083 1022 1152 μετέδωκεν
1061 1079 1139 1136 ὧν
1176 1085 1504 1154 περιείχετο;
1565 1083 1652 1136 40.
1699 1092 1874 1146 κακῶς

190 1168 423 1240 ἔπασχεν
459 1170 568 1224 ὑπὸ
607 1180 719 1225 τῶν
755 1172 1053 1242 βαρβάρων
1091 1179 1388 1241 πανταχοῦ,
1427 1172 1518 1224 καὶ
1548 1172 1609 1225 τὸ
1640 1175 1875 1241 περικεί-

190 1279 360 1328 μενον
412 1269 527 1322 τοῖς
571 1258 848 1329 Ῥωμαίων
903 1261 1055 1330 ὅροις
1103 1264 1322 1314 Μυσῶν
1376 1261 1529 1313 λείαν
1583 1258 1870 1329 ἐπεποίητο

190 1348 256 1400 τὰ
294 1348 440 1418 τῇδε,
480 1349 715 1417 μάλιστα
754 1349 815 1402 δὲ
853 1350 914 1402 τὸ
954 1348 1079 1419 περὶ
1118 1350 1220 1417 τὴν
1259 1348 1496 1419 ἑσπέραν
1534 1347 1732 1417 ἐπόνει,
1782 1347 1872 1401 καὶ

190 1438 389 1505 μικρὸν
427 1434 497 1506 ἦν
536 1439 837 1506 στρατηγὸς
883 1439 961 1500 εἰς
1007 1437 1416 1506 ἐπανόρθωσιν,
1463 1436 1581 1491 ἀλλ’
1619 1435 1731 1490 ἔδει
1778 1440 1874 1506 βα-

123 1546 166 1580 15
191 1523 382 1588 σιλέως
422 1524 813 1595 ἐπισχήσοντος
851 1527 911 1579 τὸ
958 1526 1143 1596 ῥεῦμα.
1221 1527 1306 1578 41.
1364 1527 1593 1596 δραμεῖν
1631 1526 1731 1592 μὲν
1771 1521 1874 1579 οὖν

189 1614 352 1676 αὐτὸς
391 1614 493 1667 οὐκ
531 1615 812 1683 ἠπίστατο,
852 1615 1127 1668 κοινωνὸν
1167 1615 1228 1668 δὲ
1265 1623 1359 1683 τῆς
1399 1614 1636 1683 ἀνάγκης
1675 1615 1872 1667 καλού-

192 1717 290 1771 σης
320 1705 451 1765 τοὺς
482 1704 686 1766 ἄλλους
709 1704 1100 1774 ὑπερπηδήσας
1130 1704 1227 1756 τὸν
1258 1702 1592 1773 ἠδικημένον
1624 1704 1874 1773 αἱρεῖται,
1911 1707 1913 1709 ’

187 1799 286 1844 τοῦ
337 1791 438 1860 μὲν
485 1792 710 1860 αἵματος
761 1792 971 1846 ὁπόσον
1022 1791 1230 1861 ἐξέχεεν
1282 1792 1383 1846 οὐκ
1438 1790 1873 1861 ἐπιλελησμένος,

188 1880 464 1933 πιστεύων
503 1881 564 1933 δὲ
594 1868 668 1952 τῷ
694 1889 1021 1949 κατηγορεῖν
1052 1883 1233 1950 ἔχοντι
1271 1884 1481 1949 μᾶλλον
1512 1881 1544 1949 ἢ
1576 1888 1690 1943 τοῖς
1722 1880 1874 1949 ὀφεί-

125 1990 168 2023 20
193 1972 354 2021 λουσι
401 1969 633 2037 χάριτας.
709 1968 800 2022 καὶ
848 1969 949 2022 οὐκ
996 1968 1258 2037 ἐψεύσθη.
1336 1969 1520 2036 λαβὼν
1567 1969 1669 2037 γὰρ
1710 1966 1873 2036 Ἀθη-

310 2119 331 2157 1
384 2114 521 2171 Soph.
548 2114 615 2156 El.
645 2118 757 2157 1312
891 2118 944 2157 10
984 2113 1041 2157 cf.
1074 2113 1293 2170 Epitaph.
1327 2114 1406 2158 t.1
1431 2117 1514 2157 533
1559 2117 1612 2156 10
1636 2112 1690 2156 R.
1723 2112 1872 2157 Amm.

189 2174 332 2218 Marc.
356 2173 442 2218 XV
466 2177 507 2227 8,
529 2179 550 2216 1
676 2178 728 2216 12
762 2173 819 2217 cf.
852 2175 885 2217 t.
909 2174 931 2216 Ι
954 2177 1055 2228 476,
1082 2178 1106 2216 6

309 2311 335 2349 8
368 2306 588 2362 ἁλουργὲς
619 2313 826 2361 κρεῖττον
859 2303 887 2362 ἢ
919 2312 1195 2361 πορφυροῦν
1227 2304 1296 2348 B²
1329 2303 1402 2362 (cf.
1429 2304 1588 2348 Thom.
1622 2303 1681 2347 M.
1701 2318 1734 2347 s.
1754 2306 1812 2360 v.)

310 2429 331 2467 1
365 2424 496 2481 πρὶν]
531 2421 558 2478 ἢ
591 2423 659 2466 Re
797 2428 822 2466 5
854 2423 936 2480 τὴν
969 2422 1116 2495 ἀρχὴν
1152 2424 1195 2467 V
1325 2427 1349 2465 7
1383 2423 1433 2466 ἐν
1467 2449 1521 2454 —-
1554 2427 1579 2465 8
1613 2420 1870 2477 ἐσθήμασιν

187 2482 304 2525 citat
335 2482 495 2525 Thom.
521 2482 637 2538 M.p
644 2487 740 2537 ,17,
761 2487 814 2525 17
848 2497 881 2527 ει.
906 2497 945 2525 v.
979 2479 1272 2539 ἁλουργόν,
1306 2482 1361 2525 οὐ
1392 2488 1679 2536 πορφυροῦν.
1727 2479 1870 2537 Λιβά-

186 2557 287 2590 νιος
314 2539 364 2584 ἐν
387 2544 449 2599 τῷ
474 2542 702 2600 ὑπατικῷ
737 2540 787 2585 ἐν
811 2543 901 2584 κτλ.
1026 2546 1051 2585 8
1083 2540 1327 2596 ἁλουργοῖς
1350 2552 1406 2583 ex
1429 2540 1671 2595 ἁλουργοῖς
1695 2551 1796 2582 corr
1815 2538 1876 2581 M

247 2587 490 2655 ἁλουργοῖς
514 2613 569 2642 ex
592 2586 836 2655 ἁλουργοῖς
859 2601 904 2643 Β
930 2599 985 2643 cf.
1004 2600 1025 2642 Ι
1048 2603 1148 2653 586,
1166 2606 1186 2642 1
1207 2599 1247 2642 R
1309 2603 1334 2642 9
1361 2615 1420 2642 αν
1445 2612 1520 2642 om
1539 2598 1582 2642 V
1696 2602 1748 2640 11
1781 2612 1870 2640 πα-

183 2656 459 2714 ρακείμενον
494 2659 577 2701 VP
613 2659 693 2701 sed
725 2658 774 2700 in
804 2657 892 2701 hoc
923 2675 1014 2713 αρα
1054 2658 1102 2701 in
1134 2671 1208 2700 ras
1240 2657 1310 2700 m⁸
1348 2658 1394 2700 et
1424 2657 1474 2700 in
1505 2655 1664 2699 infima
1693 2655 1870 2712 pagina

187 2729 329 2759 manu
359 2716 615 2771 posteriore
647 2717 890 2772 scriptum:
939 2717 987 2760 ἐν
1018 2724 1080 2759 τῶ
1112 2723 1193 2760 τοῦ
1227 2719 1379 2766 δεῖνος
1409 2712 1810 2788 περικείμενον

183 2772 531 2830 παρακείμενον
562 2774 918 2830 praeferendum
950 2777 1108 2818 censet
1139 2774 1295 2817 Gasda.
1418 2778 1470 2815 12
1504 2770 1778 2828 ἐπεποίηντο
1811 2774 1874 2818 Μ

250 2838 305 2877 14
336 2833 450 2887 πρὸς
481 2833 526 2875 Β
670 2838 724 2876 18
758 2835 866 2876 ante
896 2841 979 2876 τοῦ
1011 2846 1173 2876 rasura
1205 2838 1232 2876 4
1263 2832 1336 2876 vel
1368 2837 1393 2875 5
1425 2831 1687 2875 litterarum
1717 2831 1766 2874 in
1797 2832 1833 2874 I
1859 2831 1865 2890 Ι

186 2891 309 2949 ἐξέχε
343 2906 448 2935 cum
478 2905 639 2934 rasura
672 2897 696 2935 2
730 2891 826 2936 fere
857 2891 1118 2935 litterarum
1149 2891 1194 2936 U
1230 2893 1235 2948 1
1275 2892 1359 2935 οὐκ
1393 2904 1468 2934 om
1500 2891 1545 2935 U
1658 2894 1714 2933 20
1747 2890 1868 2946 αθη-

188 2959 327 2997 ναῖον
362 2951 444 2995 VB
