2060 3162
230 170 342 224 520
758 171 988 215 LIBANH
1018 169 1244 215 ORATIO
1276 170 1426 215 XXIV

225 308 407 360 πολλὰ
447 304 506 359 δὲ
545 308 773 374 ἔπαθεν,
820 306 1087 360 ἐντεῦθεν
1131 307 1371 376 ἡγοῦμαι
1419 312 1778 376 γεγενῆσθαι,
1832 307 1923 361 καὶ

230 396 374 448 πολύ
429 415 491 463 γε
545 395 715 448 πλέον
768 396 870 464 τὴν
924 394 1204 465 δευτέραν.
1281 395 1310 448 ὁ
1360 395 1462 464 μέν
1508 415 1594 464 γε,
1649 397 1697 448 εἰ
1750 397 1924 465 μηδὲν

232 483 438 553 ἕτερον,
489 486 690 547 οἰκεῖός
727 503 785 537 τε
825 484 904 537 ὢν
943 483 1243 553 ἐτύγχανεν
1275 482 1559 557 Ἰουλιανῷ
1598 485 1687 538 καὶ
1728 485 1924 547 δεδιὼς

140 585 182 628 R
203 585 317 629 H41
359 571 449 626 καὶ
481 575 856 642 κρυπτόμενος
891 573 898 642 Ι
933 573 1023 626 καὶ
1052 570 1136 626 ἀεὶ
1172 575 1567 642 ληφθήσεσθαι
1597 575 1925 642 προσδοκῶν

189 683 209 716 5
232 661 324 715 καὶ
365 662 592 731 φεύγων
631 661 986 731 ἐλπιζόμενον
1024 663 1276 715 θάνατον
1315 662 1489 725 οὕτως
1527 661 1789 731 ἀνέρριψε
1826 663 1925 715 τὸν

231 751 424 820 κύβον,
479 750 539 803 τὸ
591 750 652 803 δὲ
699 751 904 821 ἄνδρας
951 747 1011 803 εὖ
1058 752 1446 818 πεπονθότας,
1484 760 1658 820 τιμῶν
1704 770 1925 819 τετυχη-

231 842 417 908 κότας,
481 839 542 892 έν
595 842 782 908 φίλοις
837 839 1254 910 ἀριθμηθέντας
1315 839 1455 906 ὁμοῦ
1517 859 1574 893 τε
1632 848 1927 892 κοινωνεῖν

142 941 185 984 R
207 940 323 984 1142
354 928 617 998 τραπέζης
653 927 746 981 καὶ
784 937 1012 982 τοιαῦτα
1053 928 1435 996 ἐπιβουλεύειν
1469 927 1475 1000 Ι
1510 938 1624 992 πῶς
1656 929 1757 997 οὐχ
1789 929 1928 982 ὅθεν

233 1015 377 1086 ἔφην
424 1018 689 1087 ὥρμηται;
739 1018 825 1073 14.
863 1017 892 1070 ὁ
931 1019 1106 1080 πολὺς
1145 1018 1207 1070 δὲ
1246 1019 1418 1086 φόνος
1459 1018 1488 1071 ὅ
1528 1036 1585 1070 τε
1631 1019 1760 1088 τῇδε
1799 1017 1829 1070 ὅ
1868 1037 1927 1071 τε

168 1129 211 1161 10
236 1105 297 1159 ἐν
329 1105 499 1176 Ῥώμῃ
541 1107 822 1173 δαιμόνων
869 1106 1043 1176 ὀργὴν
1081 1107 1302 1175 μηνύει,
1355 1104 1427 1158 δι’
1457 1106 1528 1174 ἣν
1568 1107 1625 1159 οἱ
1659 1106 1761 1174 μὲν
1799 1105 1927 1160 ἀπέ-

233 1200 505 1263 θνησκον,
569 1196 622 1248 οἱ
685 1195 746 1247 δὲ
807 1193 1050 1264 ἔμελλον.
1139 1194 1168 1247 ὁ
1227 1196 1410 1263 Φόβος
1464 1202 1570 1262 γῆν
1622 1214 1679 1247 τε
1730 1192 1869 1247 ἕσειε
1916 1192 1924 1266 1

145 1297 188 1340 R
210 1296 253 1339 Π
268 1301 325 1340 43
359 1284 448 1337 καὶ
465 1284 762 1337 θάλατταν.
801 1284 890 1336 καὶ
916 1284 1019 1336 οὐκ
1043 1283 1481 1352 ἐπιλαμβάνομαι
1504 1280 1607 1352 μὲν
1628 1292 1752 1336 τοῖν
1773 1287 1928 1351 βασι-

237 1372 405 1441 λέοιν,
446 1373 517 1435 ὡς
557 1372 624 1425 οὐ
665 1373 851 1425 δίκαια
891 1373 1071 1442 ἔδρων
1101 1380 1218 1434 τοῖς
1257 1371 1693 1441 ἐξελεγχομένοις
1730 1373 1832 1441 τὴν
1869 1371 1930 1426 ἐκ

233 1471 347 1515 τῶν
385 1463 573 1530 νόμων
612 1460 953 1523 ἐπιτιθέντες
993 1462 1172 1530 δίκην,
1211 1461 1345 1514 αὐτὸ
1387 1461 1448 1514 δὲ
1480 1461 1540 1513 τὸ
1573 1469 1669 1529 τῆς
1704 1459 1930 1530 ἐσχάτης

170 1573 212 1605 15
237 1552 393 1619 δίκης
433 1548 619 1613 ἀξίους
657 1548 962 1618 πεφηνέναι
993 1551 1246 1620 μυρίους,
1285 1544 1365 1602 ὧν
1397 1550 1450 1602 οἱ
1481 1551 1706 1612 πλείους
1734 1551 1931 1603 οἰκιῶν

237 1639 576 1706 ὀνομαστῶν,
614 1640 833 1706 βεβαιοῖ
860 1658 967 1707 μου
1006 1639 1106 1692 τὸν
1144 1639 1313 1707 λόγον
1351 1638 1450 1691 τὸν
1488 1638 1595 1691 ὑπὸ
1636 1639 1929 1705 δαιμονίου

238 1729 391 1791 τινὸς
429 1726 767 1781 ἐλαύνεσθαι
807 1726 1038 1795 λέγοντα
1077 1728 1179 1796 τὴν
1217 1735 1336 1796 γῆν.

362 1923 384 1960 1
417 1917 567 1961 Amm.
593 1917 741 1961 XXVI
769 1922 895 1970 7,13.
946 1917 1045 1961 Zos.
1069 1916 1133 1960 IV
1153 1922 1191 1972 7,
1210 1922 1236 1961 5
1359 1922 1384 1960 2
1416 1917 1565 1961 Amm.
1592 1916 1741 1961 XXVI
1758 1921 1798 1971 6,
1818 1921 1872 1959 12
1924 1949 1928 1955 ,

242 1981 268 2020 3
299 1976 450 2020 Amm.
475 1976 625 2020 XXVI
650 1981 690 2030 6,
711 1981 749 2020 1.
798 1976 897 2021 Zos.
922 1975 987 2020 IV
1011 1981 1052 2031 4,
1069 1981 1096 2020 4
1234 1981 1259 2019 5
1290 1976 1412 2020 Plut.
1441 1975 1569 2020 Caes.
1596 1981 1666 2030 32,
1684 1980 1724 2019 6.
1801 1975 1932 2019 Brut.

239 2040 312 2091 40,
337 2041 376 2079 2.
438 2036 550 2079 Fab.
576 2035 698 2079 Max.
727 2039 797 2090 14,
816 2041 855 2078 1.
918 2036 1068 2079 Amm.
1101 2035 1250 2078 XXVI
1274 2039 1315 2090 6,
1335 2040 1388 2078 12
1437 2037 1583 2079 aleam
1623 2035 1933 2091 periculorum

240 2095 442 2140 omnium
471 2095 576 2139 iecit
606 2096 796 2149 abrupte
932 2099 957 2137 6
981 2095 1131 2137 Amm.
1157 2094 1306 2138 XXVI
1333 2099 1372 2149 7,
1391 2098 1438 2148 6;
1472 2098 1512 2148 8,
1533 2099 1555 2138 1
1695 2098 1750 2137 10
1781 2094 1931 2136 Amm.·

239 2153 411 2197 XXVII
427 2158 533 2208 3,12
545 2168 610 2208 sq.
735 2158 787 2196 11
815 2153 872 2197 cf.
890 2168 936 2208 p.
956 2158 1041 2196 223

361 2336 387 2374 5
435 2328 659 2386 ἀνέρριψε
696 2330 778 2381 τὸν
817 2330 980 2388 κύβον]
1026 2328 1127 2384 ἤτοι
1166 2330 1404 2386 ἀπογνοὺς
1441 2328 1723 2386 ἀπετόλμησε
1763 2330 1843 2373 καὶ
1879 2329 1933 2373 τὸ

243 2389 360 2445 ὑπὲρ
393 2388 595 2447 δύναμιν
629 2387 697 2434 V²
728 2390 794 2445 (013
823 2389 931 2432 Vat.
965 2404 1032 2446 gr.
1059 2391 1133 2446 82)

364 2571 389 2609 2
425 2567 465 2610 εἰ
489 2567 569 2610 καὶ
594 2565 738 2623 μηδὲν
758 2567 804 2610 Β
926 2570 951 2609 5
985 2564 1276 2622 ἐλπιζόμενος
1300 2564 1357 2609 Ol
1372 2565 1495 2608 Fabr
1522 2565 1528 2623 Ι
1557 2564 1702 2616 οὕτως
1730 2565 1857 2609 inser
1878 2558 1936 2609 1³

305 2631 330 2669 6
362 2629 424 2679 τῷ
448 2626 516 2669 Re
544 2626 549 2683 Ι
579 2626 730 2680 ἄνδρα
762 2626 810 2669 eb
838 2623 1115 2669 πεπονθότα
1148 2626 1196 2669 ef,
1225 2622 1507 2681 τετυχηκότα
1532 2626 1580 2668 et
1603 2622 1934 2680 ἀριθμηθέντα

247 2686 295 2729 et
326 2685 554 2729 κοινωνὸν
588 2684 644 2728 Ol
704 2684 878 2739 ἀνδρὸς
909 2686 956 2728 et
987 2682 1285 2734 πεπονθότος
1314 2684 1393 2727 Βα
1515 2687 1540 2726 9
1585 2681 1732 2738 φόνος
1763 2685 1818 2726 M
1852 2683 1935 2727 sed

247 2742 470 2800 φθάνω-ιο]
496 2745 591 2799 ρ)ος
622 2744 670 2786 in
693 2755 829 2800 marg
855 2745 861 2799 Ι
888 2749 942 2801 τῇ
976 2742 1027 2787 δὲ
1061 2742 1118 2786 01
1299 2747 1354 2786 10
1394 2743 1578 2797 „malim
1611 2743 1666 2786 οὐ
1697 2743 1783 2799 (vel
1813 2741 1934 2798 οὐχὶ)

253 2801 492 2858 δαιμόνων
525 2829 580 2834 -
613 2805 820 2847 ποκκεῗ*
852 2802 921 2845 Re
1052 2806 1102 2844 11
1140 2799 1187 2845 δ’
1214 2802 1282 2846 Re
1309 2804 1315 2858 Ι
1343 2817 1390 2845 τε
1421 2802 1545 2845 inter
1576 2799 1600 2844 ὁ
1633 2802 1681 2844 οὺ
1711 2798 1859 2859 φόβος
1898 2800 1942 2844 U

247 2863 295 2904 et
325 2861 451 2905 inser
482 2860 605 2905 P²1⁸
664 2876 777 2904 num
807 2861 887 2904 καὶ
919 2859 942 2904 ὁ
977 2861 1273 2905 scribendum
1306 2874 1407 2904 cum
1433 2860 1540 2903 Vat.
1567 2863 1682 2904 939?
1730 2861 1737 2916 Ι
1788 2858 1937 2917 φόβος

248 2920 340 2964 edd
371 2919 428 2963 cf.
454 2928 499 2976 p.
518 2923 589 2975 41,
608 2925 647 2964 2.
674 2924 775 2974 309,
795 2924 850 2962 10
878 2922 884 2975 Ι
911 2917 953 2963 τ’
981 2920 1051 2963 Re
1173 2924 1227 2963 12
1259 2919 1343 2975 μὲν
1367 2933 1444 2962 om
1469 2918 1526 2963 Ol
1547 2918 1671 2963 Fabr
1786 2921 1839 2960 13
1865 2917 1935 2970 ἐξ-

249 2978 563 3037 ελεγχομένοις
591 2980 627 3022 Ι
652 2979 734 3023 sed
765 2981 896 3036 λεγχο
928 2977 978 3021 in
1002 2992 1076 3022 ras
1099 2978 1168 3021 m²
1196 2981 1202 3035 Ι
1229 2977 1313 3034 τὴν
1345 2978 1394 3022 ἐκ
1425 2978 1475 3020 in
1505 2990 1637 3034 marg
1660 2978 1696 3020 I
1932 3012 1934 3015 .
