2060 3162
463 767 939 830 ΕΠΙΤΑΦΙΟΣ
984 769 1139 829 Em
1182 741 1655 831 IOTAIANffl.

131 928 276 970 R521
395 915 440 967 1.
480 914 633 968 ’Ἐδει
671 914 788 984 μέν,
836 912 877 968 ὦ
916 918 1206 986 παρόντες,
1258 917 1395 986 ἅπερ
1434 918 1661 985 ἤλπιζον
1700 917 1806 987 ἐγώ
1846 939 1903 971 τε

220 1002 310 1056 καὶ
349 1004 547 1066 πάντες
586 1005 895 1073 ἄνθρωποι,
935 1005 995 1056 τὸ
1035 1004 1188 1067 τέλος
1228 1004 1512 1074 εἰληφέναι
1550 1007 1639 1059 καὶ
1671 1008 1771 1075 τὴν
1802 1008 1903 1076 μὲν

175 1114 197 1145 4
223 1096 460 1160 Περσῶν
499 1092 671 1163 ἀρχὴν
710 1094 838 1145 νυνὶ
868 1095 1291 1163 καταλελύσθαι,
1330 1102 1423 1163 τῆς
1456 1095 1516 1147 δὲ
1548 1094 1774 1148 ἐκείνων
1804 1104 1902 1164 γῆς

129 1194 171 1236 R
192 1195 276 1237 5'22
310 1179 601 1248 Ῥωμαίους
658 1181 664 1250 Ι
722 1183 986 1252 ἄρχοντας
1025 1182 1147 1235 ἀντὶ
1188 1192 1479 1252 σατραπῶν
1525 1182 1902 1253 ἐπιμελεῖσθαι

72 1262 77 1265 ’
217 1270 407 1338 νόμοις
446 1269 724 1338 ἡμετέροις
763 1269 853 1323 καὶ
885 1272 951 1323 τὰ
982 1271 1082 1339 μὲν
1116 1272 1234 1342 ἱερὰ
1265 1277 1639 1341 κεκοσμῆσθαι
1674 1274 1738 1325 τὰ
1767 1273 1895 1343 παρ’

217 1357 349 1425 ἡμῖν
379 1367 493 1421 τοῖς
526 1357 740 1412 ἐκεῖθεν
772 1360 1058 1430 λαφύροις,
1098 1361 1197 1413 τὸν
1228 1361 1290 1413 δὲ
1319 1362 1524 1430 ταύτην
1557 1361 1902 1431 ἀνῃρημένον

217 1448 318 1515 τὴν
354 1451 516 1516 νίκην
539 1451 872 1516 καθήμενον
911 1447 999 1502 ἐπὶ
1039 1457 1137 1502 τοῦ
1179 1452 1461 1518 βασιλείου
1502 1452 1716 1520 θρόνου
1755 1451 1902 1520 δέχε-

341 1608 378 1652 O
546 1607 699 1652 Codex
732 1608 976 1652 Chisianus

335 1668 380 1710 A
545 1667 835 1711 Monacensis
868 1668 997 1724 (olim
1027 1667 1348 1726 Augustanus)
1381 1674 1465 1713 483

336 1727 382 1769 B
546 1726 825 1770 Barberinus
856 1727 898 1770 Π
929 1733 983 1770 41

339 1786 423 1830 Mo
547 1786 838 1830 Monacensis
871 1802 937 1843 gr.
966 1791 1047 1830 101

545 1844 918 1889 Vindobonensis
949 1845 1063 1902 phil.
1089 1862 1155 1904 gr.
1181 1846 1323 1891 XCIII

545 1903 808 1948 Marcianus
842 1905 1041 1961 append.
1073 1905 1173 1949 XCI
1205 1911 1230 1949 2

547 1963 811 2007 Marcianus
844 1980 911 2021 gr.
941 1969 1025 2007 437

547 2021 790 2065 Palatinus
822 2038 888 2079 gr.
916 2027 999 2066 282

460 2101 514 2116 =
547 2079 746 2124 Urbinas
778 2096 843 2138 gr.
873 2086 956 2124 126

337 2140 411 2182 La
462 2160 517 2175 =
550 2138 888 2182 Laurentianus
919 2140 1043 2183 LVII
1066 2145 1123 2183 44

338 2199 415 2242 Ba
463 2219 517 2234 =
549 2198 730 2242 Athous
762 2199 1040 2255 Batopaedii
1073 2204 1157 2243 367

461 2043 515 2057 Η
460 1985 514 1999 ΙΙ
457 1925 512 1940 ΙΙ
458 1867 512 1881 ΙΙ
459 1808 514 1822 ΙΙ
461 1749 513 1762 ΙΙ
457 1690 512 1704 ΙΙ
457 1630 512 1645 u

346 1845 390 1888 V

339 1904 374 1946 I

338 1962 400 2005 M

336 2022 382 2064 P

346 2080 389 2123 U

339 2350 361 2388 1
397 2343 690 2403 Ἐπιτάφιος]
725 2343 936 2403 λιβανίου
971 2353 1192 2402 σοφιστοῦ
1225 2345 1470 2402 ἐπιτάφιος
1501 2347 1575 2390 La
1625 2348 1630 2405 Ι
1682 2347 1755 2391 ἐπὶ
1783 2345 1901 2392 Ἰου-

219 2405 374 2464 λιανῷ]
409 2405 474 2454 εἰς
504 2404 585 2449 τὸν
619 2405 760 2448 αὐτὸν
793 2403 1031 2449 ιὀυλιανόν
1072 2406 1115 2450 V
1181 2405 1245 2455 εἰς
1274 2406 1355 2449 τὸν
1389 2405 1557 2450 ἄθλιον
1590 2407 1828 2450 ἰουλιανὸν
1861 2408 1909 2451 U

278 2463 395 2519 πρὸς
425 2464 505 2507 τὸν
538 2464 680 2508 αὐτὸν
712 2465 748 2507 Ι
821 2465 928 2520 post
959 2464 1176 2508 ιὀυλιανῶ
1210 2464 1302 2507 add
1333 2468 1396 2523 τῷ
1433 2465 1653 2524 θεομάχω
1697 2466 1837 2519 C¹¹¹B‚

219 2521 438 2581 θεομάχῳ
486 2523 566 2565 sed
605 2523 736 2566 uncis
774 2522 924 2566 inclus
963 2523 1083 2576 Mor,
1177 2523 1483 2579 αὐτοκράτορι
1522 2526 1611 2579 La,
1687 2523 1898 2582 λιβανίου

221 2588 439 2635 σοφιστοῦ
474 2583 558 2626 Mo
694 2586 718 2624 3
751 2581 852 2639 μὲν]
883 2589 974 2626 τῶν
1005 2582 1107 2625 Mor
1263 2587 1287 2624 5
1322 2583 1425 2626 ἀντὶ
1456 2585 1491 2626 Ι
1514 2583 1595 2626 sed
1626 2584 1712 2627 ἀντ
1742 2584 1790 2626 in
1822 2597 1897 2626 ras

218 2638 288 2681 m²
417 2645 441 2682 6
473 2642 579 2695 post
609 2640 845 2697 ἡμετέροις
876 2641 1100 2684 excidisse
1130 2641 1432 2697 participium
1463 2642 1786 2691 ὑπακούοντας
1817 2644 1900 2684 aut

219 2698 598 2749 ἀκολουθοῦντας
627 2702 764 2755 pubat
793 2700 861 2742 Re
919 2700 924 2758 Ι
980 2699 1036 2743 τὰ
1068 2702 1112 2743 Α
1153 2700 1233 2743 sed
1265 2718 1294 2743 α
1332 2702 1386 2743 ut
1422 2701 1605 2744 videtur
1648 2713 1701 2743 ex
1734 2717 1757 2744 ο
1799 2714 1899 2743 corr

219 2771 278 2798 m.
304 2758 422 2811 post.
548 2763 570 2800 7
600 2759 650 2802 δὲ
676 2758 799 2801 inser
823 2759 920 2802 Lay
1041 2763 1066 2802 8
1099 2758 1367 2815 καθήμενον
1394 2786 1448 2791 —
1475 2764 1573 2814 237,
1594 2764 1614 2801 1
1645 2758 1900 2809 ἐπινικίους

221 2815 337 2858 citat
367 2814 526 2858 Thom.
559 2817 618 2859 M.
652 2833 696 2872 p.
726 2822 821 2870 164,
851 2823 902 2860 11
937 2832 970 2860 s.
996 2832 1035 2860 v.
1096 2814 1382 2867 Ἐπίνικος
1420 2816 1628 2872 Ἀττικοί,
1676 2817 1900 2868 ἐπινίκιος

207 2871 425 2929 ’Έλληνες
450 2910 484 2918 ..
507 2911 514 2918 .
541 2876 763 2933 Λιβάνιος
795 2877 844 2921 ἐν
875 2880 938 2935 τῷ
971 2876 1036 2927 εἰς
1066 2876 1146 2920 τὸν
1175 2873 1433 2920 Ἰουλιανὸν
1465 2875 1711 2936 ἐπιταφίῳ·
1747 2877 1897 2931 καθή-

220 2948 359 2988 μενον
395 2935 485 2976 κτλ.
