2072 3162
328 858 989 921 ΠΡΕΣΒΕΤΤΙΚΟΣ
1035 859 1266 921 ΠΡΟΣ
1312 859 1810 923 IOTAIANON.

142 1019 285 1061 R451
367 1006 412 1057 1.
445 998 703 1074 ῗΗλθες,
751 1005 1102 1075 Τηλέμαχε,
1142 1008 1468 1076 γλυκερὸν
1506 1008 1680 1076 φάος.
1755 1006 1914 1078 μέχρι

229 1094 429 1146 τούτου
476 1113 569 1160 μοι
614 1100 689 1166 τῷ
729 1096 846 1147 ἔπει
896 1094 1179 1166 χρηστέον,
1228 1096 1294 1148 τὰ
1344 1092 1405 1148 δὲ
1453 1094 1648 1165 ἐφεξῆς
1685 1096 1913 1168 Εὐμαίῳ

229 1178 332 1248 μὲν
375 1182 645 1252 ἥρμοττεν
690 1183 882 1252 εἰπεῖν,
934 1182 1054 1252 ἐμοὶ
1101 1180 1163 1236 δὲ
1208 1182 1419 1252 οὐκέτι,
1466 1182 1583 1238 ἐπεὶ
1628 1183 1719 1237 καὶ
1766 1185 1913 1248 ὄψε-

188 1293 207 1325 5
232 1272 396 1323 σθαί
430 1284 499 1323 σε
539 1270 793 1340 ἐφάμην
831 1272 920 1324 καὶ
959 1274 1281 1341 νενικηκότα
1319 1273 1411 1326 καὶ
1442 1280 1612 1326 ταῦτα
1651 1272 1685 1325 ἃ
1714 1273 1914 1335 πάντες

230 1357 430 1429 ᾄδουσι
470 1359 860 1428 δεδυνημένον.
937 1361 985 1412 2.
1026 1356 1088 1414 εὗ
1128 1362 1231 1430 γὰρ
1272 1366 1395 1414 ἴσθι
1433 1369 1614 1415 πᾶσαν
1643 1358 1745 1429 μὲν
1775 1362 1913 1430 γνώ-

230 1467 356 1516 μην,
409 1455 590 1501 πᾶσαν
644 1445 705 1500 δὲ
758 1453 1005 1516 γλῶτταν
1059 1449 1146 1503 ἐπὶ
1201 1450 1405 1503 σαυτὸν
1459 1450 1563 1503 ἀπὸ
1616 1459 1728 1503 τῶν
1780 1448 1913 1520 πρὶν

230 1535 593 1603 ὑμνουμένων
629 1540 991 1607 μεταστήσας,
1041 1537 1132 1591 καὶ
1172 1540 1298 1592 οὔτε
1337 1539 1403 1591 τὰ
1440 1539 1546 1608 πρὸ
1585 1548 1697 1593 τῶν
1743 1542 1913 1609 Τρωι-

353 1697 391 1742 0
441 1719 495 1734 =
529 1696 775 1741 chisianus

350 1757 395 1800 A
443 1778 497 1792 =
531 1755 685 1800 Codex
714 1755 1007 1800 Monacensis
1039 1756 1169 1813 (olim
1198 1757 1518 1815 Augusssanus)
1551 1762 1637 1802 483

350 1815 397 1857 P
442 1837 496 1852 =
528 1814 787 1859 Vaticanus
817 1815 1060 1860 Palatinus
1092 1831 1159 1874 gr.
1186 1821 1271 1860 282

359 1874 402 1918 U
443 1896 497 1911 ==
531 1874 733 1918 Urbinas
764 1890 831 1932 gr
860 1880 944 1918 126

361 1933 405 1975 V
445 1955 499 1969 =
531 1932 903 1977 Vindobonensis
935 1933 1130 1992 phil.gr
1134 1933 1310 1978 .XCIII

349 1992 385 2034 Ι
447 2013 501 2028 =
533 1991 797 2035 Marcianus
831 1994 1028 2048 append.
1055 1993 1154 2037 XCI
1179 1998 1204 2036 2

351 2050 396 2094 B
444 2071 498 2086 =
531 2050 811 2093 Barberinus
842 2051 885 2094 Π
908 2056 961 2094 41

352 2111 414 2154 Μ
445 2131 500 2146 =
532 2108 796 2152 Marcianus
828 2124 894 2166 gr.
919 2114 1005 2153 437

354 2262 378 2299 2
413 2255 497 2300 od.
523 2272 558 2300 π
589 2261 720 2312 23sq.
755 2256 811 2300 cf.
836 2256 919 2301 Iul.
946 2270 1016 2313 ep.
1038 2261 1060 2299 7

355 2410 377 2447 1
421 2404 821 2462 Πρεσβευτικὸς-
838 2401 1113 2478 Ἰουλιανόν]
1156 2411 1237 2448 τοῦ
1269 2404 1412 2447 αὐτοῦ
1444 2404 1767 2462 πρεσβευτικὸς
1797 2403 1913 2459 πρὸς

234 2463 315 2506 τὸν
347 2463 664 2519 αὐτοκρατορα
696 2463 935 2508 ἰουλιανὸν
965 2461 1099 2519 λόγος
1128 2479 1159 2518 μ
1220 2465 1337 2519 (corr
1368 2476 1392 2506 e
1424 2465 1505 2519 μα)
1537 2463 1580 2506 V
1646 2464 1911 2521 πρεσβευτι-

235 2521 316 2570 κὸς
345 2522 461 2574 πρὸς
496 2522 578 2566 τὸν
610 2522 752 2566 αὐτὸν
790 2522 906 2577 ὑπὲρ
946 2524 1052 2579 (τῶν
1085 2522 1145 2565 ad.
1201 2523 1253 2579 1)
1293 2522 1453 2579 ἀντιοχ
1457 2520 1545 2565 έων
1576 2522 1713 2566 ΡΙΜ
1796 2522 1913 2576 πρὸς

235 2580 316 2623 τὸν
349 2580 490 2624 αὑτὸν
531 2580 857 2639 πρεσβευτικὸς
895 2580 1009 2636 ὑπὲρ
1047 2588 1138 2625 τῶν
1177 2538 1453 2638 ἀντιοχέωνχ
1463 2581 1508 2626 U
1587 2580 1913 2638 πρεσβευτικὸς

237 2638 353 2691 πρὸς
384 2638 620 2684 ἰουλιανὸν
652 2640 790 2695 rubr„
822 2639 937 2695 ὑπὲρ
968 2645 1049 2696 τῆς
1084 2647 1176 2684 τῶν
1208 2640 1340 2683 ἀντιο
1316 2638 1460 2723 οθχέων
1492 2638 1631 2696 ὀργῆς
1662 2639 1755 2682 add
1786 2653 1908 2683 man.

235 2698 389 2740 textus
414 2697 459 2739 B
580 2703 605 2741 2
638 2675 790 2754 ἦλθες
809 2712 863 2741 ex
887 2698 1060 2753 ἤλυθες
1090 2713 1190 2742 con·
1213 2698 1329 2743 P²I
1409 2697 1581 2752 ἤλυθες
1603 2697 1856 2742 AUVBM

231 2751 398 2805 Ηλκθες
434 2755 666 2813 Τηλέμαχε
695 2759 749 2800 ut
778 2756 1126 2813 inscriptionem
1161 2756 1382 2801 orationis
1415 2756 1530 2800 citat
1559 2756 1760 2800 Thomas
1784 2757 1908 2814 Mag.

237 2828 269 2856 s.
295 2828 334 2856 V.
369 2815 571 2870 μεταξύ
603 2830 647 2870 p.
675 2820 848 2869 239,13
872 2816 914 2858 R
948 2815 1170 2874 Λιβάνιος
1207 2816 1257 2861 ἐν
1294 2819 1358 2876 τῷ
1395 2810 1592 2865 Ἦλθες
1627 2818 1669 2858 Τ
1672 2814 1878 2873 ηχλέμα
1889 2831 1910 2859 ε

238 2872 359 2927 (vide
397 2872 520 2915 infra
557 2888 600 2929 p.
630 2878 728 2956 1225,
754 2877 797 2931 6)
933 2878 958 2917 3
991 2891 1068 2930 μοι
1099 2888 1174 2918 om
1196 2874 1298 2919 Mor
1329 2861 1345 2930 Ι
1388 2873 1492 2930 ἑξῆς
1514 2874 1559 2918 U
1682 2879 1710 2917 4
1743 2874 1842 2930 ἐμοὶ
1865 2875 1910 2918 A

237 2931 316 2974 sed
350 2947 393 2975 οι
424 2931 473 2974 in
500 2945 575 2975 ras
598 2931 667 2975 m²
787 2938 812 2976 6
845 2932 926 2989 μὲν
955 2936 1157 2989 γλῶτταν
1180 2933 1216 2976 Ι
1329 2937 1353 2976 7
1387 2932 1439 2977 δὲ
1469 2932 1653 2990 γνώμην
1675 2933 1711 2976 Ι
