2060 3162
232 145 341 197 354
749 143 975 188 LIBANH
1006 143 1228 188 ORATIO
1259 144 1409 188 xvm

232 282 339 333 σὺν
378 278 460 332 ἐνὶ
490 279 811 349 θεράποντι,
852 279 988 349 δόρυ
1020 276 1081 331 δὲ
1114 278 1314 342 ἱππέως
1352 278 1434 333 ἐπ’
1472 280 1641 334 αὐτὸν
1678 279 1934 351 ἐνεχθὲνι

232 370 457 436 ἄοπλον,
495 374 570 420 τῶ
603 368 726 437 γάρ,
758 364 927 437 οἶμαι,
959 369 1178 438 σφόδρα
1208 377 1427 439 κρατεῖν
1458 366 1589 422 οὐδε
1621 368 1907 439 ἐφράξατο,

234 457 326 508 διὰ
373 463 472 508 τοῦ
525 459 818 526 βραχίονος
870 457 1082 526 δραμὸν
1132 458 1209 519 εἰς
1261 458 1360 526 τὴν
1412 458 1655 528 πλευρὰν
1709 457 1908 511 εῐσέδυ.
1932 502 1935 511 2

231 545 352 597 269.
392 545 482 597 καὶ
521 546 705 598 πεσὼν
744 543 832 598 ἐπὶ
871 552 971 613 γῆς
1009 545 1037 598 ὁ
1077 555 1329 613 γενναῖος
1367 547 1426 599 τὸ
1467 539 1598 615 αἷμα
1638 546 1784 617 ὁρῶν
1814 567 1927 600 κα-·

188 653 206 685 5
231 631 462 703 ταρρέον
505 634 768 703 κρύπτειν
813 631 1025 686 ἐθέλων
1070 634 1131 686 τὸ
1181 634 1397 703 συμβὰν
1454 632 1541 687 ἐπὶ
1594 635 1692 687 τὸν
1737 635 1911 688 ἵππον

231 717 397 784 αὖθις
445 721 666 790 ἀναβάς,
721 720 908 789 ἐπειδὴ
955 722 1015 773 τὸ
1067 714 1198 789 αἷμα
1247 723 1348 790 τὴν
1397 723 1610 791 πληγὴν
1662 724 1932 793 ἤλεγχεν,

230 808 359 878 ἐβόα
405 808 532 866 καθ’
565 809 663 872 οὓς
715 808 799 862 ἀεὶ
845 812 1109 879 γίγνοιτο,
1163 812 1236 879 μὴ
1282 809 1523 864 δεδιέναι
1567 811 1628 863 τὸ
1679 819 1908 881 τραῦμα,

229 896 366 968 μηδὲ
397 901 501 968 γὰρ
534 899 783 952 θάνατον
815 900 974 968 ἔχειν.
1049 896 1201 967 ἔλεγε
1231 896 1333 967 μὲν
1367 906 1552 968 ταῦτα,
1587 907 1686 952 τοῦ
1719 901 1908 953 δεινοῦ

231 988 292 1040 δὲ
345 982 552 1056 ἡττᾶτο.
635 988 726 1040 καὶ
763 988 1033 1056 κομίζεται
1079 988 1215 1057 πρὸς
1269 988 1370 1056 τὴν
1415 988 1621 1056 σκηνὴν
1672 986 1763 1041 καὶ
1809 990 1909 1057 τὴν

167 1095 210 1128 10
233 1078 479 1145 μαλακὴν
517 1076 703 1144 εὐνήν,
748 1077 849 1144 τὴν
888 1080 1117 1143 λεοντῆν
1162 1074 1252 1128 καὶ
1297 1077 1395 1128 τὸν
1442 1068 1706 1146 φορυτόν,
1752 1076 1909 1130 ταυτὶ

231 1166 334 1234 γὰρ
367 1165 411 1233 ἡ
433 1163 643 1218 ’κείνου
675 1167 942 1235 στρωμνή.
1019 1165 1141 1217 270.
1181 1172 1291 1217 τῶν
1332 1165 1533 1234 ἰατρῶν
1566 1165 1627 1217 δὲ
1663 1166 1735 1233 μὴ
1767 1162 1909 1219 εἶναι

232 1254 504 1323 σωτηρίαν
543 1254 817 1320 λεγόντων
857 1251 1119 1321 δεξαμένη
1168 1260 1267 1305 τοῦ
1305 1253 1555 1306 θανάτου
1603 1252 1703 1306 τὸν
1741 1255 1911 1322 λόγον

231 1342 263 1410 ἡ
309 1343 557 1410 στρατιὰ,
613 1341 811 1403 πάντες
855 1341 956 1409 μὲν
1002 1341 1388 1411 ὠλοφύροντο,
1441 1342 1639 1404 πάντες
1685 1338 1747 1394 δὲ
1793 1340 1910 1395 ἐκό-

231 1447 449 1498 πτοντο,
495 1430 898 1500 παρὰπάντων
937 1429 999 1482 δὲ
1035 1429 1068 1497 ἡ
1108 1437 1176 1498 γῆ
1217 1430 1486 1500 δάκρυσιν
1533 1428 1798 1499 ἐβρέχετο,
1844 1432 1911 1483 τά

166 1537 208 1571 15
233 1519 371 1571 ὅπλα
410 1515 472 1571 δὲ
508 1519 602 1581 τὰς
641 1527 822 1588 χεῖρας
860 1516 1175 1587 ἐκφυγόντα
1204 1516 1445 1588 ἔρριπτο,
1485 1516 1654 1590 ᾤοντο
1688 1516 1749 1572 δὲ
1779 1518 1905 1588 μηδ’

233 1609 467 1675 ἄγγελον
520 1605 738 1660 ἐκεῖθεν
792 1606 1153 1676 ἀναστρέψειν
1206 1608 1405 1660 οἴκαδε.
1482 1606 1602 1659 271.
1657 1606 1686 1660 ὁ
1733 1604 1795 1659 δὲ
1842 1608 1910 1675 δὴ

233 1695 452 1766 Πέρσης
497 1697 647 1764 δῶρα
694 1692 795 1764 μὲν
842 1694 875 1747 ἃ
921 1696 1096 1767 τούτῳ
1143 1694 1376 1764 πέμπειν
1430 1696 1556 1766 ἔδει,
1609 1700 1764 1758 θεοῖς
1809 1710 1911 1748 σω-

231 1792 426 1854 τῆρσιν
479 1782 770 1852 ἀνέθηκεν,
831 1784 995 1846 αὐτὸς
1057 1781 1118 1836 δὲ
1171 1785 1270 1852 τὴν
1321 1785 1591 1836 εἰωθυῖαν
1641 1783 1911 1853 παρέθετο

233 1873 500 1942 τράπεζαν
545 1874 814 1943 πρότερον
858 1872 1136 1941 τοῦδαφος
1184 1870 1297 1926 ἀντ’
1330 1871 1539 1940 ἐκείνης
1584 1873 1913 1940 ποιούμενος

169 1981 211 2012 20
237 1959 503 2028 ἐκόσμησέ
537 1980 594 2013 τε
633 1962 734 2029 τὴν
770 1962 943 2028 κόμην
981 1961 1117 2013 κατὰ
1154 1962 1251 2014 τὸν
1289 1962 1463 2028 νόμον
1497 1965 1912 2031 κατερρᾳθυμη-

352 2104 800 2158 1Amm.XXV3,5
892 2104 1411 2158 2Amm.1.1.§2e⁴03
1503 2104 1913 2159 4t.1133‚1sq.R

294 2167 347 2206 18
378 2163 691 2217 Her.‚11192

354 2301 376 2338 1
411 2292 488 2340 ἐπ’
512 2295 655 2340 αὐτὸν
687 2309 743 2339 ex
766 2296 820 2352 ἐμ
822 2295 964 2340 αυτὸν
997 2309 1097 2340 corr
1122 2295 1201 2340 Μ’
1228 2297 1233 2351 Ι
1261 2295 1412 2354 ἀχθὲν
1437 2296 1511 2340 La
1691 2295 1741 2340 τὸ
1768 2297 1852 2340 Mo

236 2348 261 2397 3
301 2354 441 2398 verba
472 2354 552 2398 διὰ
585 2381 638 2386 -
673 2312 825 2398 εἰσέδυ
856 2355 911 2398 ut
939 2355 1090 2398 totum
1120 2354 1276 2398 locum
1294 2313 1529 2410 respexit,
1574 2368 1657 2397 sua
1634 2300 1800 2397 2feast,
1832 2354 1911 2398 So-

236 2415 384 2457 crates
417 2413 460 2456 h.
487 2413 677 2457 (3001.OE
702 2418 755 2457 21
781 2428 824 2470 Ρ.
847 2414 988 2457 198Α
1028 2413 1073 2466 ἐξ
1114 2413 1329 2470 ἀφανοῦς
1370 2413 1419 2457 δὲ
1463 2411 1681 2458 ἀκόντιον
1722 2412 1912 2469 φέρεται

236 2469 338 2515 κατ’
361 2473 518 2527 αὐτοῦ,
560 2473 639 2516 καὶ
678 2471 773 2517 διὰ
802 2470 1105 2546 βραχίονος
1137 2472 1456 2528 διαδραμὸν
1498 2472 1579 2522 εἰς
1617 2472 1715 2528 τὴν
1746 2474 1911 2516 πλευ-

237 2529 339 2584 ρὰν
372 2507 559 2574 εἰσέδυ
710 2535 734 2574 7
766 2547 940 2588 γινοιτο
975 2533 1019 2575 V
1169 2536 1195 2574 8
1229 2531 1379 2588 ἔλεγεν
1411 2533 1485 2575 La
1637 2535 1689 2574 10
1721 2530 1910 2586 λεοντὴν

239 2590 436 2634 CMoLa
467 2591 514 2633 et
543 2589 592 2633 in
623 2592 813 2646 λεοντῆν
846 2603 945 2633 corr
967 2589 1039 2635 Ρ3
1080 2592 1085 2645 Ι
1124 2590 1206 2646 τὴν
1237 2591 1341 2634 ILa
1372 2590 1463 2634 edd
1501 2593 1507 2646 Ι
1544 2590 1677 2632 ταυτὶ
1709 2602 1764 2632 ex
1795 2587 1912 2644 αὕτη

238 2661 337 2691 corr
353 2647 410 2691 Ι2
531 2654 582 2692 11
611 2647 788 2693 ἐκείνου
813 2648 935 2692 Fabr
1049 2653 1102 2692 13
1135 2647 1347 2704 στρατεία
1365 2651 1439 2693 La
1466 2651 1470 2706 Ι
1500 2646 1544 2693 δ’
1567 2649 1612 2692 Ρ
1724 2651 1777 2690 14
1804 2649 1912 2702 post

237 2705 366 2761 παρὰ
396 2706 585 2762 πάντων
632 2707 846 2752 lacunam
892 2707 1118 2751 indicavit
1148 2708 1249 2752 Mor
1278 2723 1322 2764 p.
1350 2712 1450 2763 304,
1469 2711 1523 2750 18
1567 2720 1706 2762 quam
1747 2708 1914 2762 postea

237 2780 280 2821 p.
309 2760 535 2822 323‚1sq
570 2766 804 2823 supplevit
844 2769 850 2822 Ι
895 2765 1119 2821 δάκρυσιν
1153 2765 1359 2840 ἐβρέχετο
1392 2769 1423 2810 1
1451 2767 1531 2809 sed
1563 2767 1641 2824 βρε
1673 2764 1721 2807 in
1745 2777 1818 2807 ras
1842 2763 1912 2807 m²

304 2822 485 2878 δάκρυα
532 2823 709 2883 ἐδέχετο
751 2827 813 2870 M
819 2825 903 2870 UP
946 2825 1025 2880 qui
1064 2843 1118 2882 γρ
1159 2824 1384 2880 δάκρυσιν
1431 2823 1636 2883 ἐβρέχετο
1683 2824 1733 2866 in
1778 2837 1916 2880 marg*

236 2882 380 2926 habet
410 2882 480 2925 m'
600 2888 653 2927 16
685 2882 990 2940 ὑποστρέψειν
1023 2885 1096 2929 La
1217 2888 1271 2927 20
1303 2884 1486 2941 γνώμην
1518 2885 1591 2927 La
1633 2882 1640 2940 Ι
1683 2882 1801 2926 κατὰ
1830 2882 1911 2926 τὸν

238 2940 381 2997 νόμον
412 2941 535 2985 inser
566 2942 623 2986 1²
