2060 3162
231 70 337 123 194
737 68 962 112 LIBANII
993 68 1215 112 ORATIO
1246 69 1373 112 XVII

228 209 350 275 πρὸς
398 208 482 268 τὰς
530 206 652 274 ὑπὲρ
702 205 1035 273 ἀριστοτέλους
1083 205 1192 273 περὶ
1241 206 1412 266 οὐσίας
1464 206 1586 256 κατὰ
1638 208 1907 272 πλήθωνος

229 282 484 348 θεοδώρου
526 289 612 330 τοῦ
657 282 787 347 γαζῆ.
819 279 1109 344 ἀντιλήψεις
1155 281 1349 343 aliaque
1397 283 1613 331 eiusdem
1650 283 1906 331 Michaelis

231 357 486 420 opuscula,
542 372 749 417 quorum
797 355 1029 402 ultimum
1079 349 1186 422 (fol.
1228 349 1564 422 225v—228)
1615 356 1906 418 inscriptum

230 429 571 496 προσφώνημα
614 428 684 487 εἰς
732 427 816 477 τὸν
861 428 1115 478 θειότατον
1160 427 1243 477 καὶ
1281 428 1646 495 παναγιώτατον
1693 448 1788 493 μου
1828 430 1905 478 δε-

231 504 416 567 σπότην
454 501 537 551 καὶ
574 502 748 568 κύριον
786 502 1033 568 βησσαρίω
1071 501 1156 551 τὸν
1194 502 1569 566 αἰδεσιμώτατον
1604 502 1908 569 καρὸηνάλιν

231 585 328 626 τῶν
379 576 627 625 τούσκλων
677 574 759 624 καὶ
811 575 1110 643 πατριάρχην
1162 577 1706 635 κωνσταντινουπόλεως
1767 596 1905 642 μιχα-

230 651 353 715 ήλου
391 648 637 714 ἀποστόλη
682 656 769 698 τοῦ
815 650 1076 715 βυζαντίου
1123 650 1336 699 codicem
1381 653 1495 712 post
1533 667 1715 698 annum
1764 652 1907 699 1463

233 741 328 787 quo
373 725 600 773 Bessario
653 724 938 787 patriarcha
985 723 1558 786 Constantinopolitanus
1609 726 1768 773 factus
1818 727 1907 788 est⁷

233 801 487 847 exaratum
526 814 628 846 esse
665 800 922 846 monstrat.

344 872 571 921 Codicem
609 888 736 920 anno
779 873 918 919 1869
960 872 1249 920 examinavi.

146 955 229 995 106
344 948 427 994 43.
466 947 795 994 Vaticanus
835 963 911 1010 gr.
947 939 1104 1012 224¹)
1157 946 1439 993 chartaceus
1478 946 1664 993 formae
1704 947 1908 994 octavae

233 1020 434 1069 maioris
467 1020 671 1068 diversis
701 1020 926 1067 manibus
966 1020 1151 1067 saeculi
1173 1019 1265 1065 XV
1304 1020 1515 1082 scriptus
1546 1019 1764 1067 continet
1793 1022 1908 1081 post

234 1093 556 1157 Κλεομήὸους
593 1096 827 1157 κυκλικῆς
864 1093 1076 1158 θεωρίας
1108 1092 1356 1157 μετεώρων
1394 1092 1558 1157 βιβλία
1589 1092 1696 1156 δύο,
1734 1093 1908 1141 Lucia-

232 1186 372 1230 num,
417 1167 652 1216 Aristidis
705 1166 1050 1231 πρεσβευτικὸν
1095 1165 1216 1232 πρὸς
1255 1164 1484 1230 Ἀχιλλέα,
1535 1166 1784 1234 μονῳδίαν
1830 1164 1911 1215 ἐπὶ

238 1241 466 1310 Σμύρνῃ,
506 1239 762 1303 ἐπιστολὴν
799 1239 908 1306 περὶ
945 1239 1184 1306 Σμύρνης
1220 1241 1333 1287 inde
1374 1258 1403 1288 a

344 1316 426 1363 fol.
456 1317 557 1363 163
598 1312 845 1380 ἀντιλογία
873 1312 1115 1379 Ἀχιλλέως
1145 1312 1266 1378 πρὸς
1303 1312 1387 1362 τὸν
1426 1312 1478 1362 ἐν
1509 1316 1662 1371 λιταῖς
1693 1311 1917 1380 πρέσβυν-

230 1384 465 1438 Ὀδυσσέα

348 1464 451 1510 175
492 1468 578 1511 τοῦ
617 1461 768 1511 αὐτοῦ
806 1461 927 1527 πρὸς
965 1459 1241 1527 ἀριστείδην
1278 1458 1387 1526 περὶ
1425 1467 1521 1509 τῶν
1560 1458 1806 1527 ὀρχηστῶν

350 1538 479 1585 188v
518 1535 781 1605 μονῳδία
819 1535 1094 1600 λιβανίου
1133 1533 1226 1583 ἐπὶ
1266 1534 1547 1602 ἰουλιανῷ

349 1612 451 1658 192
515 1607 786 1674 ἄριστείὸου
832 1608 902 1667 εἰς
952 1606 1150 1667 ἐτεωνέα
1199 1607 1473 1672 ἐπικήδειος
1525 1609 1705 1657 desinit
1749 1609 1913 1656 verbis

237 1682 482 1750 πρέποντα
542 1682 765 1747 ἀλλήλοις
818 1683 843 1730 Ι
885 1685 1005 1743 127,
1044 1684 1109 1730 15
1165 1683 1311 1730 Dind.
1387 1683 1582 1731 Folium
1639 1685 1768 1731 192v
1827 1698 1912 1730 va·

239 1774 382 1806 cuum
421 1760 506 1805 est.

352 1832 571 1881 1931110.
612 1830 835 1894 λιβανίου
875 1837 1110 1892 σοφιστοῦ
1150 1828 1335 1893 μελέται

611 1903 732 1968 ἔχων
769 1922 841 1962 τις
879 1907 1088 1969 γυναῖκα
1126 1901 1207 1952 καὶ
1246 1900 1315 1951 ὢν
1352 1902 1448 1951 ὑπὸ
1488 1901 1632 1969 πατρὶ

354 1980 483 2026 197v
522 1977 826 2042 φιλαργύρου
865 1981 979 2035 παῖς
1016 1975 1299 2042 ἀριστεύσας

353 2053 484 2099 202v
524 2046 775 2115 [Luciani]
815 2050 1009 2108 λούκιος
1046 2047 1079 2114 ἢ
1119 2048 1232 2108 ὄνος
1272 2046 1491 2115 (initium
1526 2052 1722 2097 tantum
1754 2052 1912 2097 exstat

242 2142 351 2173 cum
391 2125 715 2187 explicatione
752 2117 951 2190 vocum)

354 2201 455 2247 221
498 2197 736 2263 τύραννος
766 2192 944 2265 ᾔτησεν
982 2195 1030 2254 ἐξ
1069 2194 1405 2261 ἀστυγείτονος
1441 2195 1624 2253 πόλεως
1663 2196 1915 2260 μειράκιον

354 2273 457 2320 228
489 2274 670 2320 iterum
709 2269 1012 2336 φιλαργύρου
1050 2274 1165 2328 παῖς
1195 2268 1475 2334 ἀριστεύσας
1512 2264 1689 2337 ’ᾔτησεν
1719 2269 1787 2328 εἰς
1822 2269 1911 2333 τὴν

242 2344 428 2412 δωρεὰν
465 2348 653 2393 θαλλοῦ
692 2342 950 2406 στέφανον,
997 2343 1082 2409 3θᾷ
1125 2344 1224 2390 iam
1271 2344 1353 2390 fol.
1390 2344 1519 2390 228ν
1564 2344 1725 2391 verbis
1763 2341 1821 2391 τὰ
1859 2340 1911 2391 δὲ

242 2418 339 2483 ἤδη
377 2420 448 2467 IV
482 2421 602 2479 624,
630 2421 657 2466 7
686 2419 729 2465 R
767 2418 946 2466 desinit

363 2634 403 2688 1)
434 2633 487 2675 In
517 2632 671 2676 indice
703 2632 913 2675 codicum
944 2631 1254 2675 bibliothecae
1285 2631 1369 2674 sub
1393 2630 1585 2673 Nicolao
1610 2630 1651 2673 V
1677 2630 1802 2673 facto
1835 2630 1914 2672 de-

245 2691 460 2735 scribitur
510 2692 631 2734 inter
676 2690 818 2734 libros
863 2690 1236 2734 mathematicos:
1294 2689 1542 2734 Cleomadis
1590 2691 1822 2733 Matheora
1871 2693 1912 2731 et

245 2752 448 2794 Luciam
477 2755 518 2793 et
547 2751 723 2794 Libani
751 2751 974 2794 nonnulla
1005 2755 1080 2794 etc.
1121 2749 1295 2805 (Miintz
1327 2748 1374 2791 et
1403 2747 1572 2802 Fabre,
1608 2748 1674 2791 La
1705 2746 1816 2790 bibl.
1850 2747 1912 2789 du

244 2809 444 2853 Vatican
491 2821 550 2851 au
588 2808 690 2852 XV0
722 2809 859 2851 siecle
897 2823 940 2864 p.
968 2810 1082 2864 339).
1144 2808 1197 2850 In
1242 2806 1396 2850 indice
1440 2806 1751 2850 bibliothecae
1781 2805 1917 2849 Vati-

247 2880 389 2911 canae
421 2866 545 2910 edito
578 2867 635 2910 ab
667 2867 838 2910 Haasio
873 2867 1026 2922 Serap.
1052 2866 1135 2909 XII
1166 2882 1209 2922 p.
1230 2871 1312 2909 243
1345 2867 1415 2909 est
1443 2881 1486 2908 n.
1513 2870 1611 2908 417.
