2060 3162
224 121 334 172 472
736 120 963 164 LIBANII
996 120 1220 165 ORATIO
1252 122 1379 165 XXII

226 265 325 309 τοῦ
363 257 465 324 μὲν
505 256 676 309 αὐτοῦ
715 258 817 325 τὴν
857 262 984 325 ἴσην
1022 254 1245 326 ἔχουσιν
1285 257 1603 327 ἐπιθυμίαν,
1645 274 1911 330 προσποι-

226 353 419 398 οῦνται
460 341 521 397 δὲ
567 342 741 414 μηδὲν
779 344 1022 399 ἐπαίνων
1061 346 1297 399 δεῖσθαι.
1374 346 1422 399 2.
1473 349 1676 410 κακοὺς
1718 349 1913 402 τοίνυν

227 432 574 503 ἀμφοτέρους
612 434 917 503 ἡγούμενος
958 434 1079 487 ὅσοι
1119 454 1176 487 τε
1213 435 1276 487 τὸ
1315 439 1577 489 πλουτεῖν
1615 438 1722 506 πρὸ
1763 435 1912 490 ἐπαί-

227 543 342 575 νων
380 530 672 576 ποιοῦνται
710 522 800 576 καὶ
850 523 973 576 ὅσοι
1019 527 1204 592 μεῖζον
1250 523 1549 593 ἡγούμενοι
1595 528 1726 588 τοὺς
1764 525 1913 579 ἐπαί-

182 632 202 664 5
226 632 360 674 νους
400 612 467 664 οὔ
508 626 681 680 φασιν
721 612 896 675 οὕτως
928 614 1091 682 ἔχειν,
1132 613 1340 682 ἄνδρας
1379 613 1635 683 ἀρίστους
1674 616 1915 683 ἡγοῦμαι

226 702 354 762 τοὺς
401 698 523 769 μήτ’
554 699 896 769 ἀγνοοῦντας
943 701 1080 754 ὅσον
1128 700 1281 754 ἐστὶν
1326 699 1552 766 ἔπαινος
1598 705 1811 772 χαίρειν
1857 723 1915 756 τε

226 795 300 860 τῷ
347 789 623 857 πράγματι
679 788 963 858 λέγοντας,
1025 790 1161 843 ὥστε
1216 789 1306 843 καὶ
1361 789 1715 860 ἐπαγγέλλειν
1768 793 1916 862 παρὰ

228 886 339 930 τῶν
401 877 728 944 δυναμένων
781 876 976 946 λέγειν.
1071 874 1149 931 ὧν
1202 877 1299 931 ἕνα
1352 886 1551 933 τοῦτον
1605 881 1765 943 εἰδὼς
1818 881 1917 934 τὸν

137 981 179 1022 R
202 979 287 1024 112
338 967 666 1035 θαυμαστὸν
698 965 1016 1036 Ἐλλέβιχον
1078 967 1085 1036 Ι
1150 975 1258 1021 νῦν
1308 968 1408 1021 οὐκ
1460 969 1706 1021 αἰτοῦντι
1751 976 1915 1022 τοῦτο

162 1078 204 1110 ιο
227 1054 439 1125 παρέξω
479 1057 752 1125 πρότερον
789 1054 1012 1125 ᾐτηκότι
1053 1057 1317 1120 δεδωκώς.
1395 1053 1546 1124 οἶμαι
1594 1058 1697 1127 γὰρ
1746 1058 1917 1111 αὐτὸν

229 1143 318 1198 καὶ
359 1146 451 1197 διὰ
502 1146 564 1199 τὸ
605 1147 906 1198 πεπεῖσθαί
948 1165 1014 1214 με
1052 1146 1119 1198 τὰ
1162 1147 1411 1215 παρόντα
1450 1144 1732 1199 ἐπαινέσαι
1773 1160 1916 1200 σεσι-

230 1233 456 1302 γηκέναι
495 1253 553 1286 τε
592 1232 682 1286 καὶ
721 1235 794 1303 μὴ
832 1234 893 1286 τὸ
933 1236 1204 1303 πρότερον
1242 1235 1377 1304 πρὸς
1416 1233 1508 1303 ἐμὲ
1545 1234 1916 1304 πεποιηκέναι.

230 1324 277 1375 3.
326 1322 489 1391 ἀηδὲς
535 1322 637 1391 μὲν
683 1319 788 1375 οὖν
825 1325 1222 1392 παρελθόντων
1267 1329 1580 1393 μεμνῆσθαι
1625 1333 1834 1377 κακῶν·
1885 1324 1918 1378 ἃ

231 1413 334 1482 γὰρ
382 1411 522 1481 μηδὲ
568 1414 845 1481 συμβῆναι
893 1413 994 1481 τὴν
1041 1411 1214 1481 ἀρχὴν
1260 1409 1390 1481 ἔδει,
1446 1417 1729 1481 σιγᾶσθαι,
1782 1415 1917 1483 φαίη

169 1523 208 1555 15
234 1521 316 1564 τις
370 1501 455 1567 ἄν,
509 1508 801 1570 προσῆκεν.
879 1499 996 1554 ἀλλ’
1043 1499 1334 1571 ἐπειδήπερ
1391 1501 1492 1554 οὐκ
1547 1503 1616 1554 ἄν
1669 1521 1752 1564 τις
1806 1502 1919 1555 ἴδοι

230 1591 331 1658 τὴν
376 1591 645 1658 βοήθειαν
691 1593 868 1652 καλῶς
915 1591 987 1658 μὴ
1035 1599 1146 1642 τῶν
1194 1591 1396 1643 δεινῶν
1436 1589 1468 1643 δὲ
1515 1598 1610 1658 τῆς
1655 1593 1920 1659 βοηθείας

231 1676 440 1749 ἔκρηζε,
493 1679 599 1748 πρὸ
647 1678 815 1746 αὐτῆς
862 1677 1184 1751 εἰρημένων,
1231 1687 1326 1747 τῆς
1371 1678 1611 1747 ἀνάγκης
1657 1679 1690 1748 ἡ
1736 1682 1918 1749 μνήμη

233 1768 413 1834 δήπου
453 1768 715 1835 γίγνεται.

355 1976 409 2014 13
442 1972 498 2015 cf.
533 1971 639 2015 Eur.
667 1972 721 2016 fr.
751 1977 834 2015 133
851 1971 918 2015 N²

355 2170 380 2207 3
428 2164 547 2219 πρὸσ
580 2164 617 2208 Ο
657 2163 739 2207 scd
770 2178 796 2207 σ
837 2177 938 2207 eras
1030 2164 1148 2219 πρὸς
1177 2164 1223 2208 A
1266 2163 1347 2207 sed
1381 2181 1402 2213 ς
1441 2163 1518 2206 del
1610 2160 1675 2206 δι’
1703 2162 1863 2207 Macar

235 2230 261 2266 4
293 2223 345 2268 τὸ
378 2223 678 2268 ἐπαινεῖσθαι
708 2222 868 2266 Macar
998 2228 1024 2266 8
1059 2221 1330 2279 δυναμένων
1363 2235 1388 2266 e
1419 2220 1663 2278 δυνάμεων
1695 2235 1795 2265 corr
1822 2220 1880 2267 Cf
1912 2222 1917 2280 Ι

236 2290 401 2327 τοῦτον
429 2283 476 2337 G,
508 2295 534 2326 e
564 2282 741 2326 τούτων
773 2295 874 2325 corr
899 2283 944 2324 P
973 2282 1054 2325 sed
1084 2282 1259 2325 τούτων
1291 2295 1517 2337 suprascr.
1542 2280 1626 2335 m²‚
1658 2280 1783 2324 inser
1805 2281 1863 2324 1⁸

233 2342 411 2387 τούτων
440 2341 612 2397 reliqui
634 2340 745 2384 libri
768 2340 870 2384 Mor
929 2341 1115 2385 τουτονὶ
1147 2339 1292 2384 Cobet
1324 2339 1435 2384 coll.
1463 2340 1563 2383 crit.
1585 2344 1667 2383 119
1790 2344 1815 2383 9
1848 2340 1922 2384 αἰ-

235 2408 390 2445 τοῦντι
421 2408 556 2445 τοῦτο
589 2414 645 2444 ex
676 2399 838 2444 αἰτοῦν
869 2416 913 2443 τι
945 2413 1045 2443 corr
1069 2399 1126 2443 1³
1278 2404 1331 2442 10
1365 2396 1553 2456 ἠτηκότι
1583 2400 1619 2442 Ι
1643 2400 1725 2443 sed
1755 2401 1863 2455 posi:
1892 2416 1920 2456 η

237 2460 435 2504 alterum
468 2465 493 2503 2
527 2460 607 2504 libb
637 2472 739 2503 eras
767 2461 773 2515 Ι
802 2459 1032 2516 δεδωκώς]
1065 2458 1116 2502 δὲ
1149 2466 1302 2510 κακῶς
1331 2446 1433 2502 Mor
1501 2455 1703 2517 ᾗτηκότι,
1734 2455 1922 2516 ᾐτηκότι

238 2519 288 2562 δὲ
322 2526 486 2574 κακῶς,
520 2519 574 2563 οὐ
608 2518 819 2569 δεδωκώς
851 2517 954 2561 coni
983 2517 1050 2560 Re
1195 2522 1247 2560 11
1281 2516 1337 2560 τὰ
1370 2517 1484 2561 ὄντα
1516 2518 1599 2561 aut
1627 2516 1922 2573 προσήκοντα

236 2579 318 2620 aut
348 2577 586 2630 πρέποντα
610 2577 714 2621 coni
730 2577 799 2621 Re
826 2578 833 2634 Ι
860 2575 1122 2621 ἐπαινέσειν
1147 2576 1292 2620 Οοῢθΐῖ
1316 2575 1525 2620 Coll.119
1559 2578 1610 2619 ab
1633 2576 1688 2620 cf.
1713 2592 1758 2632 p.
1777 2580 1877 2631 322,
1894 2579 1920 2618 2

244 2688 247 2694 .
285 2635 575 2693 σεσικηκέναι
602 2638 645 2680 V
790 2641 843 2680 12
877 2635 936 2692 μὴ
968 2636 1040 2694 τὸ]
1073 2636 1124 2679 τὸ
1157 2636 1217 2692 μὴ
1251 2638 1323 2679 Ρα
1346 2635 1448 2678 Mor
1609 2640 1662 2679 13
1693 2633 1834 2690 ἀηδὲς
1865 2661 1919 2666 -

241 2701 294 2739 15
341 2701 574 2752 προσῆκεν
606 2695 723 2739 citat
753 2694 913 2738 Macar
943 2694 1022 2738 fol.
1049 2699 1124 2737 89¹·
1306 2699 1359 2738 13
1406 2693 1489 2751 μὲν
1522 2690 1623 2752 οὖν]
1664 2693 1764 2751 ἐμοὶ
1795 2694 1926 2737 δοκεῖ

238 2754 398 2797 Macar
520 2759 574 2798 14
605 2754 840 2811 τηναρχὴν
872 2755 906 2797 Ι
931 2757 973 2811 (e
1004 2770 1088 2809 την
1121 2753 1268 2811 αρχήν
1300 2767 1401 2797 corr
1430 2753 1516 2810 ωδ)
1548 2754 1594 2795 Β
1714 2757 1770 2795 14
1802 2749 1922 2810 φαίη

244 2840 293 2845 -
331 2818 384 2856 15
416 2814 671 2915 προσῆκενὲ
702 2812 889 2864 πάντως
917 2812 1137 2867 προσήκει
1167 2812 1327 2855 Macar
1494 2816 1547 2854 16
1579 2814 1730 2855 καλῶν
1761 2810 1863 2854 Mor

242 2878 292 2915 17
328 2872 501 2930 ἔχρηιζε
529 2873 567 2917 Ο
669 2875 801 2930 χρῃζε
827 2873 889 2916 Μ
977 2870 1130 2930 ἔχρῃζε
1161 2871 1330 2927 reliqui
1360 2870 1470 2913 libri
1502 2871 1593 2914 edd
1715 2874 1768 2913 18
1800 2867 1921 2927 γίνε-

239 2948 315 2974 ται
348 2932 464 2976 VVa
1513 2961 1519 2968 -
