2072 3162
689 111 918 156 ΜΒΑΝΠ
947 109 1172 156 οΒΑΤΙο
1205 111 1312 156 XIV
1777 90 1844 164 91'

156 250 305 318 παρὰ
359 250 684 302 Κώνσταντι
738 246 918 315 μέγας.
995 247 1181 314 λαβὼν
1236 244 1297 300 δὲ
1352 246 1412 301 ἐκ
1465 247 1644 317 γάμου
1698 247 1850 311 τινὸς

157 337 411 407 ἀφορμὰς
449 336 851 405 ἀναισχύντους
897 336 974 398 εἰς
1019 336 1081 389 τὸ
1127 345 1240 389 τῶν
1275 334 1706 406 Ἀριστοφάνους
1753 335 1849 406 ἀμ-

158 429 452 495 φισβητεῖν
489 427 725 495 χωρίων,
765 420 936 477 οἶσθα
975 423 1052 493 δέ,
1093 424 1166 486 ὡς
1200 424 1207 492 Ι
1241 425 1465 477 πάντων
1503 421 1605 494 μὲν
1643 423 1762 478 ἐπε-
1792 437 1942 481 R428

158 515 386 582 θύμουν
424 514 476 566 οἱ
515 521 786 581 τοιοῦτοι,
835 513 1014 566 πάντα
1062 509 1123 565 δὲ
1168 513 1413 583 ἥρπαζον
1459 512 1854 581 ἀναγκάζοντες

162 603 195 672 ἢ
236 612 347 657 τῶν
385 604 564 656 ὄντων
604 601 948 671 ἀφίστασθαι
985 609 1060 674 τῷ
1095 600 1415 674 βουλομένῳ
1456 604 1646 669 λαβεῖν
1684 601 1718 670 ἢ
1756 620 1853 655 πο-
1901 625 1920 657 5

156 696 475 762 λεμεῖσθαι,
515 690 603 744 ὅδ’
642 690 758 744 οὔτ’
799 691 974 745 ἐκεῖνο
1022 694 1380 759 πειθόμενος,
1433 691 1499 744 οὐ
1540 686 1755 764 γὰρῆν
1793 689 1854 744 ἐν

157 789 376 850 μικροῖς
421 780 454 849 ἡ
507 782 681 850 ζημία,
734 782 898 833 τοῦτό
947 799 1005 833 τε
1058 780 1320 842 δεδοικὼς
1374 779 1556 848 φυγὰς
1609 781 1853 847 γίγνεται

154 877 252 937 τῆς
292 869 466 922 αὑτοῦ
506 871 746 939 νομίζων
785 869 960 931 οὕτως
991 867 1061 921 ἂν
1091 870 1194 937 τήν
1231 888 1289 921 τε
1321 876 1428 937 γῆν
1465 868 1558 921 καὶ
1598 869 1658 921 τὸ
1699 877 1855 938 σῶμα

157 959 444 1011 διασῶσαι.
516 959 599 1011 11.
638 959 735 1021 τάς
770 954 872 1028 μὲν
910 953 1015 1011 οὖν
1053 956 1352 1025 ἐπιβουλὰς
1391 957 1523 1020 ὅσας
1561 955 1645 1010 ἐπ’
1683 957 1854 1010 αὐτὸν

154 1045 373 1115 ἐκίνησε
426 1045 518 1100 καὶ
565 1047 637 1110 ὡς
685 1047 915 1110 οὐδενὸς
968 1046 1232 1116 ἀπέσχετο
1287 1047 1624 1118 πειρώμενος
1682 1045 1854 1099 αὐτὸν
1878 1070 1921 1102 10

155 1135 264 1188 ὑπὸ
298 1146 452 1207 χεῖρα
483 1138 691 1206 λαβεῖν,
729 1137 820 1190 καὶ
852 1139 984 1204 βίαν
1021 1134 1112 1189 καὶ
1143 1139 1404 1205 ταραχήν,
1442 1130 1523 1188 ὧν
1554 1134 1854 1203 ἐνέπλησεν

156 1224 305 1296 αὐτῷ
346 1225 437 1278 καὶ
476 1224 682 1294 ἀγροὺς
720 1224 811 1278 καὶ
852 1226 1052 1294 οἰκίαν,
1092 1224 1177 1278 ἐῶ.
1253 1223 1346 1277 καὶ
1389 1224 1494 1294 γὰρ
1535 1232 1854 1286 σιωπῶντος

155 1310 327 1366 οὐδὲν
365 1310 530 1383 ἧττον
571 1311 817 1382 ἔγνωκας
854 1315 1030 1383 εἰδώς,
1071 1312 1132 1367 ἐν
1164 1306 1246 1376 οἷς
1289 1310 1426 1378 ἔζων
1466 1314 1520 1366 οἱ
1552 1313 1853 1366 δυναστεύ-

155 1421 314 1464 οντες
351 1404 486 1455 τότε.
566 1403 647 1455 12.
700 1405 998 1473 γενόμενος
1038 1399 1099 1456 δὲ
1138 1401 1200 1456 ἐν
1239 1405 1424 1472 Συρίᾳ
1460 1403 1553 1455 καὶ
1593 1403 1724 1464 στὰς
1761 1401 1852 1454 καὶ

280 1618 302 1656 1
350 1615 504 1672 λαβὼν
537 1615 608 1672 δὲ]
651 1614 703 1659 τὸ
745 1616 804 1658 δὲ
844 1615 899 1658 οὗ
939 1612 1103 1659 καλόν·
1150 1621 1250 1665 πῶς
1288 1613 1375 1671 γὰρ
1413 1612 1784 1671 συνταχθήσεται
1823 1612 1852 1668 ἡ

157 1672 468 1729 ἐπιφερομένη
495 1673 628 1728 ἑτέρα
652 1674 819 1731 μετοχὴ
852 1670 934 1718 ὅδ’
957 1673 1072 1718 οὔτ’
1101 1672 1287 1718 ἐκεῖνο
1312 1671 1690 1728 πειθόμενος;
1722 1675 1858 1717 δοκεῖ

161 1728 247 1776 οὖν
279 1748 357 1788 μοι
387 1739 469 1776 τοῦ
500 1733 683 1791 λαβὼν
716 1734 774 1778 δὲ
808 1733 1115 1791 ἐκβεβλῆσθαι
1156 1733 1208 1777 τὸ
1241 1734 1301 1776 δὲ
1331 1733 1411 1776 καὶ
1444 1731 1589 1784 οὕτως
1619 1732 1852 1788 ἀναγινώ-

156 1793 376 1834 σκεσθαι·
425 1789 646 1848 γίνεται
676 1791 828 1847 παρὰ
859 1793 1191 1836 Κώνσταντι
1230 1789 1402 1849 μέγας
1438 1792 1625 1849 λαβὼν
1666 1791 1724 1835 ἐκ
1755 1789 1853 1847 γά-

156 1866 260 1906 μου
304 1850 465 1901 τινὰς
497 1851 758 1908 ἀφορμάς
790 1853 834 1896 V
894 1849 1062 1896 Ἰστέον
1097 1849 1165 1895 ὅτι
1197 1852 1289 1905 (om
1317 1852 1377 1908 V)
1419 1849 1535 1907 αὕτη
1576 1850 1605 1907 ἡ
1638 1850 1855 1902 σύνταξις

162 1909 204 1953 εἰ
235 1910 316 1953 καὶ
347 1912 480 1954 δοκεῖ
509 1909 730 1965 σόλοικος,
763 1908 862 1954 ἀλλ’
892 1911 977 1955 οὐκ
1010 1911 1152 1956 ἔστιν·
1186 1909 1215 1966 ἡ
1243 1910 1331 1968 γὰρ
1358 1909 1653 1966 ἐπανάληψις
1681 1910 1734 1954 τὸ
1768 1907 1792 1953 ὅ
1803 1906 1850 1954 δ’

160 1965 277 2012 οὔτ’
314 1969 499 2013 ἐκεῖνο
531 1968 879 2027 πειθόμενος
916 1978 1046 2015 ποιεῖ
1081 1970 1142 2027 μὴ
1181 1967 1504 2015 ἀποδίδοσθαι
1541 1969 1626 2026 τὴν
1657 1968 1853 2026 μετοχὴν

155 2027 209 2071 τὸ
242 2028 425 2086 λαβὼν
458 2029 517 2073 δὲ
551 2029 607 2073 ἐκ
639 2028 819 2086 γάμου
850 2029 1011 2081 τινὰς
1042 2029 1185 2086 (τινὸς
1207 2030 1258 2085 1)
1299 2027 1577 2085 ἀφορμάς·
1626 2035 1854 2084 ποιοῦμεν

158 2086 210 2131 δὲ
242 2086 326 2137 τὰς
357 2088 688 2146 έπαναλήψεις,
728 2089 789 2139 ὡς
818 2087 1038 2145 θέλομεν,
1080 2088 1168 2133 εἴτε
1201 2089 1251 2133 ἐκ
1282 2096 1373 2133 τῶν
1405 2086 1644 2143 προτέρων
1684 2086 1774 2131 εἴτε
1806 2086 1853 2139 ἐξ

158 2145 322 2189 ἄλλων.
379 2145 448 2190 ὅτι
481 2146 532 2192 δὲ
563 2145 701 2192 τοῦθ’
733 2147 878 2198 οὕτως
909 2148 1012 2206 ἔχει,
1047 2155 1271 2204 μαρτυρεῖ
1301 2147 1373 2206 [δὲ
1405 2147 1500 2205 ΡΙ]
1534 2147 1615 2191 καὶ
1640 2143 1774 2198 οὗτος
1802 2146 1852 2190 ἐν

158 2208 222 2264 τῷ
244 2202 503 2267 Άντιοχικῷ
534 2204 698 2264 λέγων·
734 2207 1093 2266 ἀναβιβάσας
1122 2207 1219 2251 τὸν
1251 2206 1378 2251 υἱὸν
1410 2232 1468 2239 ——
1500 2206 1717 2252 διώκων
1748 2221 1853 2249 πα-

157 2262 457 2321 ραγίνεται
490 2268 563 2322 (=
589 2266 733 2310 or.XI
763 2268 796 2310 t.
822 2266 844 2309 I
874 2283 918 2323 p.
936 2271 1037 2320 465,
1056 2269 1121 2323 4)·
1156 2267 1237 2310 καὶ.
1268 2265 1356 2323 γάρ
1389 2265 1484 2310 ἐστι
1514 2266 1566 2310 τὸ
1599 2264 1624 2309 ὃ
1657 2264 1717 2310 δὲ
1748 2264 1854 2308 ἀντὶ

159 2330 243 2367 τοῦ
276 2322 300 2367 ὀ
333 2323 436 2374 υἱὸς
467 2325 611 2370 αὐτοῦ
643 2327 722 2370 ΡΙ
729 2325 793 2370 'B
825 2327 873 2370 et
901 2340 961 2370 m.
989 2339 1108 2370 saec.
1133 2325 1219 2370 XV
1251 2326 1295 2369 V

158 2550 160 2552 v
278 2528 300 2566 1
349 2522 491 2581 μέγας
527 2524 681 2582 λαβὼν
721 2524 771 2569 ἐκ
814 2524 957 2568 schol.
994 2526 1038 2569 V
1122 2524 1172 2570 δὲ
1206 2538 1308 2568 eras
1344 2525 1388 2569 U
1471 2520 1520 2568 δ’
1547 2523 1616 2567 Re
1665 2526 1672 2577 Ι
1720 2522 1854 2574 τινὰς

169 2583 403 2628 VIBMU
524 2588 549 2627 3
583 2582 636 2627 δέ
667 2598 742 2627 om
768 2584 830 2627 M
950 2588 975 2627 6
1009 2583 1032 2628 ὁ
1059 2580 1107 2627 δ’
1137 2584 1318 2628 OAPU
1341 2583 1410 2627 Re
1467 2583 1473 2640 Ι
1531 2580 1691 2627 ἐκείνω
1717 2582 1779 2625 Μ
1806 2583 1854 2625 et

159 2655 302 2715 supfa
335 2642 484 2687 έκεῖνο
519 2644 560 2699 (ο
586 2645 705 2699 eras)
730 2643 798 2686 A¹¹
980 2647 1003 2685 7
1036 2641 1244 2701 γίγνεται
1275 2642 1324 2685 in
1356 2655 1432 2685 ras
1463 2640 1521 2685 1²
1603 2638 1783 2699 γίνεται
1806 2643 1853 2686 Β

158 2716 428 2801 Ύργαῖᾳχνῗιτεὲαι
460 2745 522 2788 Μ
579 2761 626 2790 ετ
668 2747 712 2791 U
735 2745 817 2788 sed
847 2758 923 2788 ras
956 2749 982 2787 3
1014 2745 1094 2788 litt
1129 2746 1239 2790 ante
1271 2746 1319 2789 et
1350 2749 1376 2788 2
1407 2746 1516 2801 post
1637 2748 1663 2788 8
1708 2745 1852 2788 αὐτοῦ

170 2803 321 2848 UBM
345 2806 351 2860 Ι
379 2803 527 2849 οὕτωσ
559 2802 619 2848 ἂν
651 2804 701 2847 in
735 2802 850 2848 ὅποσ
875 2801 935 2847 ἂν
960 2818 1061 2848 corr
1077 2805 1144 2849 A¹²
1266 2807 1291 2847 9
1325 2807 1550 2849 διασῶσαι
1574 2804 1625 2847 in
1649 2804 1852 2858 διασώσῃ

161 2866 357 2965 οοιῖ4ᾼὸἶ
384 2921 454 2965 Re
527 2867 581 2907 10
623 2861 833 2919 ἐκίνησεν
857 2863 903 2907 Α
1079 2867 1133 2906 12
1174 2863 1318 2907 αὐτὸν
1350 2876 1407 2906 ex
1438 2863 1564 2907 αὐτῶ
1597 2876 1699 2906 corr
1724 2861 1853 2905 P²I¹
