2060 3162
186 666 205 698 5

229 155 338 208 340
748 154 977 198 LIBANII
1005 154 1231 198 ORATIO
1262 154 1412 198 xvffl

231 288 292 343 δὲ
332 291 509 343 εἵπετο
551 290 822 359 δεύτερος,
862 291 951 342 καὶ
997 291 1178 360 τρίτος
1224 288 1437 362 ἐκείνῳ,
1483 289 1576 343 καὶ
1612 298 1717 353 πᾶς
1755 289 1914 358 ἐβού-

230 383 352 431 λετο
403 387 514 431 τῶν
561 378 974 446 ἀναβαινόντων
1025 372 1181 431 εἶναι.
1258 378 1380 431 239.
1435 386 1615 450 γραῦν
1661 377 1709 431 δ’
1743 378 1911 432 αὐτοῦ

230 469 406 535 μόνην
447 469 552 519 σὺν
582 467 784 538 παιδίῳ
821 466 1231 535 κατακειμένην,
1272 466 1457 536 ἐπειδὴ
1489 466 1711 537 ᾔσθετο,
1750 476 1914 536 σιγᾶν

229 555 635 623 ἀναγκάσαντες
691 557 786 618 τὰς
837 556 1019 624 θύρας
1071 565 1183 608 τῶν
1237 556 1466 624 πύργων
1517 558 1914 625 καταλαβόντες

230 645 491 713 σύνθημα
551 653 664 707 τοῖς
725 645 868 697 κάτω
930 646 1068 714 πρὸς
1129 646 1268 713 βοὴν
1329 643 1601 708 δείξαντες
1655 645 1912 714 ῥαγείσης

228 737 432 801 πολλῆς
477 732 686 802 ἐκείνης
731 731 823 785 καὶ
868 742 979 786 τῶν
1026 733 1293 801 φυλάκων
1348 735 1453 786 σὺν
1507 732 1755 803 ἐκπλήξει
1804 743 1915 787 τῶν

231 821 410 874 εὐνῶν
440 821 802 891 ἐκπηδώντων
835 819 1001 875 οὐδὲν
1033 819 1146 875 ἔδει
1175 820 1208 889 ἢ
1241 824 1373 884 τοὺς
1400 821 1723 885 ἐπιστάντας
1755 824 1915 891 σφίσι

231 911 494 979 φονεύειν
534 896 804 979 ἅπαντας,
860 912 912 963 οἱ
959 912 1063 980 γὰρ
1112 912 1179 979 δὴ
1228 913 1453 973 πλείους
1497 911 1698 973 αὑτοὺς
1735 908 1915 963 ἀπώλ-

139 1011 183 1055 R
207 1016 290 1055 602
333 1003 508 1053 λυσαν
547 1007 665 1062 ταῖς
701 999 808 1052 ἀπὸ
848 1007 946 1052 τοῦ
1005 1004 1012 1064 l
1067 1002 1281 1068 τείχους
1319 1000 1527 1070 ρίψεσι,
1564 1002 1715 1069 θήρα
1751 1019 1809 1052 τε
1846 995 1917 1067 ἦν

165 1110 207 1141 10

167 1553 208 1585 15

231 1089 404 1156 πολλὴ
445 1097 555 1141 τῶν
592 1087 946 1157 πειρωμένων
979 1092 1178 1141 λαθεῖν
1213 1087 1304 1141 καὶ
1336 1086 1521 1151 οὐδεὶς
1550 1086 1697 1157 ἔχειν
1728 1087 1917 1156 αἰχμά-

231 1180 407 1229 λωτον
458 1175 715 1245 ἐβούλετο
764 1180 974 1246 μᾶλλον
1020 1176 1053 1244 ἢ
1102 1179 1474 1246 διαφθείρειν,
1524 1175 1651 1230 ὥστ’
1682 1176 1918 1244 ἀφίεσαν

231 1266 471 1333 ἄνωθεν,
526 1267 587 1318 αἱ
635 1261 695 1317 δὲ
746 1263 933 1334 αἰχμαὶ
986 1266 1238 1318 κάτωθεν
1293 1265 1550 1334 ἀπήντων
1603 1273 1718 1327 τοῖς
1772 1267 1918 1332 ζῶσι,

230 1362 347 1416 τοῖς
400 1354 696 1422 ἡμιθνῆσι,
750 1363 866 1417 τοῖς
919 1359 1236 1407 τεθνεῶσιν.
1312 1355 1467 1424 ἤρκει
1520 1355 1624 1422 γὰρ
1679 1353 1712 1421 ἡ
1773 1354 1919 1423 φορὰ

231 1443 368 1511 πρὸς
405 1443 669 1495 θάνατον.
746 1443 868 1495 240.
916 1450 1143 1495 τοιαῦτα
1181 1440 1482 1511 ἐχόρευσαν
1521 1439 1621 1509 μὲν
1660 1441 1721 1495 ἐν
1759 1439 1919 1494 νυκτὶ

234 1539 348 1594 τοῖς
408 1535 722 1600 πολεμικοῖς
776 1532 1050 1601 δαίμοσιν,
1112 1529 1326 1594 ἔδειξαν
1387 1528 1448 1584 δὲ
1509 1531 1790 1600 ἀνίσχοντι
1850 1537 1925 1602 τῷ

235 1624 365 1691 θεῷ.
441 1618 534 1672 καὶ
572 1627 734 1673 τοῦτο
773 1623 949 1689 μόνον
987 1621 1300 1689 ἠπείθησαν
1335 1627 1412 1692 τῷ
1445 1623 1672 1687 βασιλεῖ.
1749 1619 1778 1672 ὁ
1818 1615 1919 1688 μὲν

237 1710 341 1778 γὰρ
383 1707 595 1761 ἐκέλευε
636 1712 863 1778 ζωγρεῖν
899 1709 1126 1762 καὶτὸν
1165 1708 1492 1777 εἰλημμένον
1531 1707 1720 1775 ε’λεεῖν,
1767 1708 1820 1761 οἱ
1859 1707 1921 1760 δὲ

236 1796 569 1865 μεμνημένοι
615 1807 726 1850 τῶν
771 1800 951 1865 βελῶν
996 1796 1087 1850 καὶ
1125 1799 1254 1860 τοὺς
1300 1796 1671 1866 βεβλημένους
1715 1797 1922 1858 εἰδότες

237 1884 328 1937 καὶ
368 1893 462 1954 τῆς
501 1885 667 1954 ὀργῆς
704 1887 805 1955 τὴν
845 1884 1030 1949 δεξιὰν
1068 1887 1329 1953 κινούσης
1364 1891 1790 1955 παρεμυθοῦντο
1822 1885 1920 1952 τὴν

358 2079 383 2117 2
416 2074 514 2117 ZOS.
547 2070 610 2116 ΠΙ
642 2079 756 2127 22,4
907 2079 933 2117 4
965 2074 1114 2118 Amm.
1148 2074 1296 2117 XXIV
1327 2080 1367 2129 4,
1387 2079 1441 2117 22
1457 2089 1521 2129 sq.
1685 2079 1737 2117 12
1769 2073 1917 2115 Amm.

238 2131 268 2176 1.
302 2132 331 2176 1.
366 2136 421 2175 25
545 2137 598 2175 18
632 2133 729 2175 Zos.
763 2133 826 2175 ΠΙ
859 2138 927 2187 22,
949 2137 972 2175 7

361 2314 383 2353 1
417 2306 464 2353 δ’
488 2310 560 2354 Re
667 2313 691 2351 3
725 2306 985 2352 συνπαιδίω
1011 2310 1085 2352 La
1191 2314 1217 2351 ’4
1250 2308 1586 2367 καταβαλόντες
1618 2323 1756 2365 supra
1780 2325 1919 2352 κατα-

239 2367 458 2427 λαβόντες
484 2368 624 2415 G³P⁸
684 2367 1048 2426 καταβάλλοντες
1070 2369 1146 2412 La
1260 2372 1285 2411 6
1319 2370 1476 2423 φυλῶν
1501 2367 1796 2423 συνεκπλήξει
1819 2367 1922 2410 Mor

243 2427 249 2485 1
283 2435 374 2471 τῶν
407 2428 715 2486 [ἀνθρώπων]
748 2428 895 2471 εὐνῶν
927 2427 1040 2482 Mor,
1072 2444 1127 2484 γρ
1151 2427 1278 2470 ἀνῶν
1309 2427 1360 2470 in
1383 2441 1516 2484 marg
1636 2432 1661 2471 8
1699 2432 1810 2481 „aut
1835 2439 1921 2482 pro

240 2485 452 2536 ἅπαντας
483 2488 561 2544 leq.
594 2484 783 2536 ἀπόνως
812 2492 897 2531 aut
920 2492 1026 2544 post
1056 2485 1274 2541 φονεύειν
1305 2487 1423 2530 deest
1452 2487 1632 2543 aliquid
1640 2503 1657 2540 ;
1686 2487 1791 2540 fort.
1815 2485 1922 2529 haee

239 2547 482 2590 sententia:
521 2543 618 2589 ἀλλ’
648 2542 756 2590 οὐδὲ
788 2545 980 2595 τούτους
1010 2544 1165 2601 μέντοι
1199 2545 1292 2589 ἔδει
1324 2546 1542 2600 φονεύειν
1575 2544 1813 2596 ἅπαντας“
1853 2543 1921 2587 Re

299 2603 603 2655 ἀπαντῶντας
636 2604 837 2648 Sintenis
871 2604 927 2647 of.
957 2605 1113 2648 tamen
1144 2604 1292 2647 Amm.
1326 2603 1473 2648 XXIV
1496 2610 1539 2660 4,
1557 2609 1611 2647 23
1637 2604 1923 2660 procedentes

240 2663 571 2708 obtruncarunt
599 2665 756 2721 viqiles
787 2677 966 2707 omnes
997 2665 1044 2707 et
1068 2666 1122 2706 25
1161 2667 1172 2738 l
1215 2664 1385 2714 αὐτοὺς
1417 2664 1501 2708 Mo
1543 2666 1548 2719 Ι
1591 2663 1863 2706 ἀπώλλυσαν
1893 2661 1929 2705 Ι

243 2720 325 2764 sed
355 2723 379 2764 λ
410 2721 662 2766 secundum
694 2723 743 2765 in
773 2734 848 2765 ras
880 2721 948 2764 m²
1069 2726 1093 2765 9
1125 2718 1310 2780 ῥἰψεσιν
1342 2723 1418 2766 La
1539 2726 1591 2765 11
1624 2720 1842 2779 ἠβούλετο
1875 2721 1920 2764 Β

245 2778 474 2838 Ιήφίεσαν
499 2782 599 2826 BV
653 2779 846 2835 ἀφίεντο
872 2779 995 2824 Fabr
1109 2786 1162 2824 12
1188 2780 1284 2825 ἀνω
1309 2780 1383 2825 La
1425 2783 1431 2837 Ι
1474 2777 1522 2824 δ’
1548 2780 1616 2823 Re
1739 2784 1791 2822 13
1817 2778 1920 2835 ἡμι-

242 2841 399 2882 θνεῖσι
430 2838 526 2884 PU
647 2846 707 2883 14
740 2838 988 2897 ἐχόρευσαν
1020 2839 1052 2883 Ι
1079 2841 1161 2883 sed
1181 2857 1217 2896 <Z
1248 2839 1298 2882 in
1328 2852 1403 2882 ras
1434 2838 1504 2882 m'
1633 2843 1686 2882 15
1719 2838 1919 2896 ἔδειξαν]

245 2911 384 2952 „num
407 2899 524 2943 deest
546 2898 627 2950 τὰς
651 2898 825 2958 ἑαυτῶν
849 2897 1033 2956 χορείας
1045 2902 1093 2942 ?“
1119 2898 1186 2942 Re
1214 2899 1220 2956 Ι
1248 2896 1294 2942 δ’
1323 2899 1390 2941 Re
1506 2901 1557 2941 17
1584 2896 1855 2954 εἰλημμένον
1880 2898 1925 2940 Ρ

245 2957 327 2999 sed
359 2972 398 3000 ει
429 2957 476 2999 in
508 2970 582 3000 ras
614 2957 683 3000 m²
743 2956 1013 3013 ἠλειμμένον
1053 2957 1098 3001 U
