2060 3162
665 121 894 168 LIBANII
926 123 1152 169 ORATIO
1184 123 1334 169 XVIII
1717 125 1824 178 259

132 281 321 330 μενος,
368 259 459 314 καὶ
509 261 575 313 τὰ
612 262 834 327 κείμενα
882 258 1080 328 ἀνέστη
1131 257 1222 312 καὶ
1268 261 1454 330 πόρρω
1501 267 1600 313 τοῦ
1633 259 1827 328 Ῥήνου

134 350 440 419 χειμάζοντι
497 346 504 420 Ι
560 349 776 415 βασιλεῖ
813 348 909 410 τὰς
955 356 1067 401 τῶν
1106 346 1325 417 ἐχθρῶν
1365 346 1723 418 ἐπιχειρήσεις
1767 361 1809 404 R
1831 367 1918 406 540

135 437 299 501 ὀξέως
336 437 605 507 μηνύσειν
643 438 868 506 ἔμελλεν
906 437 1090 489 ἄλλων
1127 435 1255 505 παρ’
1287 438 1469 489 ἄλλων
1512 435 1823 506 δεχομένων

134 528 233 579 τὸν
258 527 426 595 λόγον
448 557 517 563 -
534 527 807 595 πρότερον
832 521 893 577 δὲ
917 525 977 577 τὸ
1003 532 1173 592 μῆκος
1195 532 1291 593 τῆς
1315 524 1540 594 ἐρημίας
1565 525 1828 597 ἀφῃρεῖτο

135 617 236 684 τὴν
266 624 377 668 τῶν
399 612 712 682 ἐπιβουλῶν
737 618 1004 682 αἴσθησιν
1026 644 1099 651 -
1123 621 1293 666 ταῦτα
1317 614 1384 682 δὴ
1409 615 1829 683 πυνθανόμενοι
1876 637 1894 669 5

125 703 423 772 Ῥωμαίους
481 701 542 756 ἐν
604 710 673 772 γῇ
725 701 1002 769 Ῥωμαίων
1056 701 1325 755 τάκείνων
1386 702 1637 771 ἆμῶντας
1699 701 1829 771 ἀγα-

135 794 524 861 νακτήσαντες,
572 792 754 861 ὥσπερ
795 801 907 844 τῶν
944 788 1211 863 πατρῴων
1250 791 1436 854 αὐτοῖς
1474 789 1829 861 κειρομένων,

137 875 448 950 πέμψαντες
487 882 699 950 κήρυκα
737 881 828 933 καὶ
869 878 942 933 δι’
975 879 1188 932 ἐκείνου
1229 880 1546 943 δεικνύντες
1583 880 1679 943 τὰς
1715 879 1830 933 ἐπι-

135 969 354 1037 στολάς,
403 971 463 1021 αἳ
505 969 607 1037 τὴν
656 975 763 1037 γῆν
809 968 993 1021 αὐτῶν
1039 966 1287 1036 ἐποίουν,
1341 971 1605 1036 πολεμεῖν
1658 968 1831 1021 αὐτὸν

133 1055 380 1126 ἔφασκον
431 1065 548 1120 τοῖς
597 1063 671 1129 τῷ
715 1055 1070 1130 πρεσβυτέρῳ
1121 1054 1313 1120 δόξασι
1359 1057 1448 1109 καὶ
1499 1056 1620 1110 δεῖν
1665 1064 1828 1110 τοῦτο
1854 1081 1896 1112 10

137 1146 430 1215 ὁμολογεῖν
469 1146 502 1215 ἢ
541 1155 657 1209 τοῖς
703 1144 1103 1217 γεγραμμένοις
1148 1144 1404 1213 ἐμμένειν
1450 1146 1483 1215 ἢ
1528 1144 1831 1216 μηδέτερον

134 1236 477 1304 βουλόμενον
527 1234 763 1300 ἐλπίζειν
812 1236 1003 1305 μάχην.
1088 1233 1175 1287 53.
1237 1234 1266 1287 ὁ
1322 1234 1385 1288 δὲ
1434 1234 1532 1287 τὸν
1585 1235 1687 1303 μὲν
1741 1232 1830 1288 ἐπὶ

136 1325 486 1393 κατασκοπὴν
524 1324 680 1392 ἥκειν
719 1324 907 1391 εἰπών,
947 1325 1019 1392 μὴ
1059 1325 1164 1393 γὰρ
1205 1322 1275 1375 ἂν
1308 1322 1452 1376 οὕτω
1486 1325 1710 1393 θρασὺν
1742 1342 1831 1391 γε-

136 1412 335 1465 νέσθαι
373 1413 471 1465 τὸν
518 1411 743 1465 ἐκείνων
789 1413 1053 1481 ἄρχοντα,
1106 1420 1370 1480 κατεῖχεν,
1425 1405 1591 1473 αὐτὸς
1638 1411 1700 1464 δὲ
1738 1430 1829 1480 με-

135 1500 408 1569 μνημένος
467 1510 578 1553 τῶν
640 1501 1093 1571 παρακελεύσεων
1154 1495 1234 1553 ὧν
1293 1501 1536 1567 ἤκουσεν
1597 1498 1659 1552 ἐν
1712 1507 1831 1562 ταῖς
1857 1522 1895 1555 15

138 1598 484 1659 συγγραφαῖς
522 1598 634 1642 τῶν
671 1593 921 1642 παλαιῶν
962 1587 1189 1642 ἐκείνων
1236 1586 1555 1651 διεξιόντων
1602 1602 1830 1656 στρατη-

140 1687 273 1746 γῶν,
313 1678 402 1731 καὶ
434 1681 611 1740 καλῶς
644 1678 820 1744 εἰδώς,
862 1677 945 1730 ὅτι
978 1678 1141 1745 λόγος
1173 1683 1424 1739 τοιοῦτος
1456 1677 1633 1745 ἔργων
1663 1675 1831 1744 ἡγού-

136 1786 301 1833 μενος
355 1767 601 1835 εὔψυχον
656 1763 744 1818 ἐπὶ
798 1767 899 1834 τὴν
954 1766 1278 1834 συμπλοκὴν
1330 1763 1678 1835 παραπέμπει
1731 1764 1831 1817 τὸν

138 1856 492 1924 στρατιώτην,
547 1851 663 1907 εἷπε
716 1856 904 1922 λόγον,
959 1852 1026 1906 ὃν
1079 1855 1276 1922 ἥδιστα
1329 1851 1430 1921 μὲν
1483 1852 1553 1906 ἂν
1604 1855 1682 1916 εἰς
1731 1853 1831 1906 τὸν

137 1944 382 2012 παρόντα
422 1944 590 2010 λόγον
628 1941 884 2011 ἐνέθηκα,
922 1949 1021 1995 τοῦ
1054 1944 1230 2011 νόμου
1273 1939 1334 1995 δὲ
1366 1949 1465 1995 τοῦ
1500 1940 1627 2011 περὶ
1659 1949 1830 1995 ταῦτα
1854 1966 1896 1998 20

141 2152 192 2190 12
235 2091 284 2190 98
316 2088 467 2189 igniti.
486 2087 592 2131 XVI
610 2092 679 2142 12,
698 2092 723 2131 3
846 2092 871 2131 9
906 2087 1126 2132 Socr.1.1.
1150 2103 1197 2144 p.
1217 2091 1301 2131 170
1320 2087 1353 2131 C
1477 2091 1530 2131 19
1555 2088 1705 2131 Amm.
1725 2087 1831 2131 XVI

258 2284 280 2322 1
335 2278 501 2335 ἀνέστη
543 2279 707 2335 scripsi
747 2281 936 2322 auctore
975 2279 1044 2322 Re
1077 2278 1180 2323 coll.
1214 2280 1363 2322 Asmm.
1389 2278 1495 2322 XVI
1515 2283 1659 2334 11,14
1720 2279 1830 2322 dum

140 2344 390 2383 castrorum
414 2352 551 2394 opera
574 2344 751 2383 mature
775 2343 1056 2396 consumunt
1117 2335 1281 2394 ἀνίστη
1305 2337 1415 2380 libri
1433 2338 1523 2381 edd
1551 2338 1557 2396 Ι
1584 2344 1667 2381 τοῦ
1692 2350 1767 2380 om
1784 2338 1831 2381 B

198 2413 289 2441 που
314 2404 395 2441 τοῦ
421 2399 498 2441 Βα
619 2402 644 2439 2
672 2396 806 2456 <τῷ>
823 2398 1029 2454 βασιλεῑῗ
1151 2401 1176 2438 3
1208 2396 1393 2452 ἔμελλον
1420 2397 1464 2440 V
1578 2401 1605 2439 4
1637 2394 1832 2453 ἐρημίας

139 2468 325 2558 {3552
351 2469 375 2499 ‘³
398 2443 924 2558 ῙῙὲῗὲκεῗΞΖῖηὲἒῖῗηῑ
945 2526 969 2557 0
985 2455 1553 2558 fibiffffffsszzsfflfisseg}
1573 2455 1830 2569 ῗῗβῗῖἷῗν

140 2572 273 2617 ΒΜο
394 2577 417 2616 7
451 2571 672 2632 πατρῴων
698 2573 743 2616 Ρ
771 2529 854 2616 εξό.
887 2572 1076 2632 ατρῴων
1108 2572 1156 2615 in
1179 2586 1256 2616 ras
1281 2577 1306 2616 3
1339 2572 1419 2616 litt
1441 2572 1511 2615 m⁸
1538 2574 1544 2629 Ι
1572 2530 1732 2645 αὑιὲῗῗς
1761 2530 1831 2615 Rg

199 2635 225 2674 8
257 2631 466 2688 κήρυγμα
490 2633 533 2675 V
678 2635 730 2674 11
765 2629 912 2689 ἢ]καὶ
937 2618 1094 2675 Gasda
1135 2633 1142 2687 Ι
1183 2638 1281 2682 τοῖς
1305 2644 1380 2674 om
1407 2631 1453 2675 U
1486 2633 1492 2687 Ι
1527 2627 1655 2687 μὴδ’
1673 2629 1831 2685 ἕτερον

143 2690 396 2734 MoLaIM
496 2695 549 2734 13
574 2688 796 2747 γενέσθαι
811 2691 997 2746 θρασυν
1015 2690 1107 2734 edd
1210 2695 1265 2733 14
1290 2690 1501 2739 αὐτὸς-
1520 2693 1620 2743 260,
1637 2694 1660 2732 ’7
1687 2687 1830 2733 κακία

140 2749 248 2802 post
279 2748 434 2804 ἔστησε
463 2764 508 2805 p.
537 2753 710 2802 260,19
750 2749 967 2804 ponenda,
999 2748 1182 2792 censuit
1211 2748 1262 2792 E.
1290 2749 1347 2792 de
1371 2747 1569 2802 Boi-ries,
1600 2725 1688 2792 I’Jie
1719 2746 1830 2791 Ala-

141 2766 556 2851 mannenfflchlacht
580 2807 660 2850 des
683 2806 849 2850 Jahres
867 2811 967 2860 357,
992 2807 1089 2881 Arg
1091 2807 1293 2851 entorati
1320 2811 1433 2851 1892
1458 2822 1501 2863 p.
1518 2811 1543 2850 5
1631 2811 1686 2850 16
1712 2802 1829 2850 ἐκεί-

143 2878 235 2907 νων
265 2878 342 2909 0111
365 2865 432 2908 Re
562 2870 613 2908 19
648 2863 812 2922 ἥκιστα
843 2865 945 2908 Mor
956 2841 1030 2923 ’ἊΙ
1006 2882 1065 2909 αν
1097 2880 1172 2909 om
1196 2867 1319 2910 LaB
1347 2868 1352 2922 Ι
1380 2865 1431 2909 τὸ
1466 2867 1551 2910 Mo
1683 2869 1739 2908 20
1770 2863 1830 2908 τὰ

142 2929 334 2966 τοιαῦτα
365 2925 440 2967 La
501 2924 620 2967 αυτὰ
653 2924 715 2967 Μ

1475 2996 1559 3038 17*
