2060 3162
675 120 903 164 LIBANII
935 118 1160 164 ORATIO
1193 119 1300 164 XXI
1723 119 1833 172 463

143 260 205 311 δὲ
252 258 354 312 οὐκ
401 259 551 311 ἔστιν
602 256 632 309 ὅ
678 276 732 309 τι
778 257 978 309 παύσει
1029 255 1291 323 λέγοντας
1343 257 1404 308 τὸ
1454 254 1692 325 μέγεθος
1741 264 1835 324 τῆς

143 348 473 417 εὐεργεσίας,
511 346 611 398 τὸν
644 344 787 414 περὶ·
811 346 978 413 αὐτῆς
1015 352 1316 407 ποιοῦντας
1348 347 1520 413 λόγον
1551 344 1836 398 ἀθάνατον

142 435 296 489 παισὶ
345 434 599 503 πατέρων
644 436 1064 504 παραδιδόντων
1111 434 1144 486 ἅ
1182 453 1239 486 τε
1279 435 1763 502 ἐπλημμελήσαμεν
1802 435 1836 486 ἅ

143 545 198 578 τε
237 524 526 592 ἑδείσαμεν
566 519 646 577 ὧν
690 543 747 576 τε
788 523 1186 592 ἀπελαύσαμεν.
1264 523 1350 574 27.
1400 523 1489 575 καὶ
1531 523 1579 575 εἰ
1615 521 1717 591 μέν
1754 542 1838 585 τις

145 612 417 681 ὀρθώσειέ
461 615 517 666 τί
559 631 690 666 ποτε
737 622 850 666 τῶν
894 612 1172 681 ἡμετέρων
1223 612 1425 680 ἀνδρὸς
1475 611 1668 681 ἀρετῆς
1716 613 1836 664 δεό-
1883 632 1902 664 5

146 722 332 771 μενον,
364 703 431 755 τὰ
464 703 534 754 σὰ
563 709 765 755 τοῦτον
798 700 1121 770 ἐζηλωκέναι
1154 700 1408 771 ἐροῦμεν,
1442 701 1490 753 εἰ
1522 697 1583 752 δὲ
1616 700 1838 770 ἀμελείᾳ

143 793 370 859 πρόοιτο
401 793 574 844 κακόν
604 811 671 859 τι,
704 792 784 854 εἰς
815 793 1046 859 μίμησιν
1075 800 1188 843 τῶν
1211 790 1398 858 <σῶν>
1427 792 1613 842 καλῶν
1635 797 1838 842 τοῦτον

142 879 477 948 ἡγησόμεθα.
539 881 630 933 καὶ
658 889 770 932 τῶν
793 878 1194 948 πεπραγμένων
1227 879 1257 948 ἡ
1283 880 1536 947 διήγησις
1567 879 1645 941 εἰς
1669 877 1839 947 μέσον

141 968 256 1038 ἥξει
309 977 419 1022 νῦν
469 989 572 1038 μεν
619 976 792 1022 ταῦτα
845 972 1069 1022 πολλῶν
1120 971 1413 1036 λεγόντων,
1468 974 1576 1020 νῦν
1627 964 1687 1020 δε
1738 975 1838 1020 τοῦ

61 1061 65 1065 ’
143 1061 352 1126 μᾶλλον
377 1058 724 1127 μεμνημένου
755 1060 855 1111 τὸν
877 1054 1050 1126 ἧττον
1069 1056 1537 1126 ἐπανορθοῦντος.
1594 1049 1679 1108 28.
1705 1060 1836 1109 πολ-
1862 1077 1905 1108 10

143 1146 232 1199 λαὶ
273 1167 374 1215 μεν
411 1147 560 1216 ἡμῖν,
600 1143 642 1200 ὦ
683 1147 906 1216 χρηστέ,
954 1146 1289 1216 πανηγύρεις
1335 1147 1428 1199 ἅτε
1474 1145 1565 1198 καὶ
1612 1149 1839 1198 παλαιο-

143 1236 325 1298 τατοις
364 1231 491 1289 οὖσι
530 1235 620 1288 καὶ
659 1235 1057 1306 πρεσβυτέροις
1094 1243 1195 1288 τοῦ
1235 1236 1337 1304 τὴν
1383 1233 1462 1287 Ἰὼ
1502 1237 1645 1302 βοῦν
1683 1236 1839 1303 ποιή-

144 1339 342 1387 σαντος
392 1323 607 1395 ἔρωτος.
683 1323 774 1377 καὶ
829 1326 934 1394 γὰρ
985 1327 1117 1387 τοὺς
1167 1324 1385 1393 ἐκείνην
1437 1327 1731 1392 ζητοῦντας
1785 1323 1838 1376 οἱ

144 1415 204 1466 τὸ
260 1415 391 1483 ὄρος
441 1415 724 1476 οἰκοῦντες
777 1416 944 1467 πόλιν
997 1414 1123 1466 τινὰ
1178 1412 1258 1466 ἐπ’
1291 1413 1464 1466 αὐτοῦ
1517 1411 1838 1480 κεκτημένοι

146 1504 441 1571 φαίνονται
482 1500 805 1565 ξενίσαντες.
876 1502 938 1555 ἐν
969 1498 1074 1555 οὗν
1104 1503 1329 1564 ταύταις
1369 1503 1436 1570 δὴ
1468 1510 1586 1563 ταῖς
1626 1499 1840 1569 ἑορταῖς
1864 1522 1906 1556 15

145 1590 396 1661 ᾀσόμεθα
436 1591 537 1659 μὲν
576 1592 674 1644 τὸν
714 1591 774 1644 ἐν
807 1589 1009 1664 ἑκάστῃ
1047 1591 1358 1659 τιμώμενον
1396 1592 1552 1656 θεόν,
1591 1588 1841 1660 ᾀσόμεθα

146 1681 207 1733 δὲ
257 1678 348 1732 καὶ
400 1678 527 1749 μεθ’
559 1679 822 1743 ἑκάστους
885 1681 891 1748 Ι
958 1679 1023 1732 σε’
1069 1699 1127 1732 τε
1176 1678 1268 1732 καὶ
1315 1680 1382 1732 τὰ
1420 1679 1568 1748 παρὰ
1607 1686 1726 1732 σοῦ.
1780 1691 1928 1736 R694

147 1769 233 1821 29.
274 1770 427 1821 δοκεῖ
468 1768 532 1821 δέ
567 1790 660 1838 μοι
699 1768 788 1822 καὶ
829 1771 1093 1836 βασιλεὺς
1124 1771 1455 1837 φροντίζειν,
1496 1767 1525 1820 ὅ
1556 1787 1610 1820 τι
1649 1769 1719 1820 ἄν
1750 1781 1841 1820 σοι

145 1859 280 1920 δοὺς
327 1856 501 1920 δόξειε
547 1866 658 1911 πᾶν
712 1858 848 1911 ὅσον
892 1853 963 1925 ἦν
1014 1856 1171 1921 ἄξιον
1218 1856 1533 1910 δεδωκέναι.
1610 1859 1708 1909 καί
1748 1876 1841 1925 μοι

268 2083 320 2120 12
355 2078 411 2121 cf.
446 2080 478 2122 t.
505 2079 525 2121 I
555 2094 599 2135 p.
620 2082 721 2133 451,
739 2083 842 2134 3sq.
890 2078 933 2121 Π
957 2093 1001 2134 p.
1024 2082 1122 2132 152,
1141 2081 1180 2121 3.
1216 2081 1316 2130 440,
1338 2081 1393 2120 10

268 2292 289 2329 1
318 2283 388 2330 ὅτι
404 2287 520 2330 ΙΜο
583 2283 706 2335 ’ὅστις
727 2286 795 2330 Va
823 2288 829 2342 Ι
855 2285 1050 2329 παύσειε
1073 2287 1141 2331 Va
1167 2286 1173 2341 Ι
1200 2256 1535 2341 τῖυμεγεθΒξῖΙ
1635 2289 1660 2326 2
1723 2283 1839 2342 καὶ)

150 2345 231 2389 τὸν
249 2350 269 2388 ⁴?
297 2347 303 2400 Ι
331 2352 585 2397 ποιοῦντας
615 2347 661 2390 Ρ
690 2345 772 2388 sed
805 2363 826 2396 ς
858 2345 952 2388 add
975 2344 1046 2388 m²
1168 2350 1192 2387 3
1227 2342 1597 2400 ἐπλημελήσαμεν
1621 2344 1698 2387 ΡΙ

148 2408 173 2446 5
208 2403 479 2459 ὀρθωσειέτι
505 2406 589 2448 Mo
652 2402 850 2459 ὀρθώσει
877 2404 942 2449 ἔτι
974 2403 1076 2448 Μο1·
1107 2404 1189 2447 sed
1220 2420 1275 2461 γρ
1302 2401 1528 2458 ὀρθώσειέ
1557 2419 1601 2446 τι
1633 2402 1683 2445 111
1706 2415 1841 2459 marg

151 2463 155 2471 '
191 2478 302 2506 ποτε
336 2477 410 2506 om
445 2464 514 2507 Ia
571 2465 576 2519 Ι
634 2481 688 2520 γρ
714 2465 902 2519 ἀνδρῶν
933 2463 982 2506 111
1006 2477 1142 2519 marg
1168 2463 1271 2506 Mor
1327 2464 1332 2519 Ι
1389 2459 1648 2518 κηδόμενον
1680 2461 1782 2504 Mor

150 2527 174 2564 6
208 2519 253 2565 δ’
284 2522 352 2565 Re
380 2525 386 2578 Ι
414 2521 570 2579 ἀμέλει
596 2523 664 2567 Va
787 2527 808 2565 7
842 2520 1030 2577 πρόειτο
1056 2523 1153 2567 PV
1205 2529 1392 2577 προεῖτο
1419 2521 1502 2564 Mo
1534 2521 1616 2564 sed
1647 2518 1839 2574 πρόοιτο

149 2582 198 2624 111
230 2594 366 2638 marg
397 2580 453 2624 cf.
480 2596 524 2637 p.
546 2585 644 2635 107,
660 2585 698 2624 9.
735 2586 834 2636 181,
847 2587 868 2624 1
905 2582 1112 2636 „videtur
1144 2586 1224 2625 aut
1256 2578 1476 2647 πρόσοιτο
1505 2578 1652 2624 κακόν
1683 2596 1728 2623 τι
1760 2580 1838 2637 leq.

148 2654 237 2685 esse
269 2646 352 2684 aut
381 2638 573 2694 πρόοιτο
606 2638 749 2684 καλόν
780 2644 852 2683 τι“
885 2640 952 2684 Re
1003 2642 1008 2696 Ι
1058 2639 1165 2684 τινα
1188 2641 1223 2683 Ι
1267 2654 1270 2679 ι
1322 2647 1414 2683 σῶν
1446 2638 1620 2682 inserui
1651 2640 1840 2682 auctore

149 2699 216 2743 Re
244 2704 249 2753 Ι
277 2700 451 2756 καλῶν]
484 2716 544 2742 κα
577 2713 681 2742 cum
712 2698 882 2742 lacuna
914 2703 940 2742 3
972 2699 1052 2743 litt
1078 2701 1120 2744 V
1257 2703 1283 2742 8
1327 2705 1420 2742 τῶν
1453 2697 1598 2772 <σοι>
1631 2713 1838 2754 πεπραγ-

153 2756 303 2813 μένων
337 2758 441 2801 coni
466 2757 533 2800 Re
655 2762 680 2800 9
712 2765 805 2801 τῶν
837 2760 1007 2814 μᾶλλον
1038 2757 1339 2815 μεμνημένων
1362 2764 1453 2800 τῶν
1478 2753 1616 2811 ἧττον
1642 2757 1839 2810 ἐπανορ-

150 2817 369 2860 θούντων
393 2817 495 2859 Mor
616 2821 669 2859 11
694 2816 1027 2867 παλαιοτάτοις
1050 2819 1084 2861 I
1101 2817 1183 2860 sed
1207 2833 1278 2866 οις
1299 2816 1347 2858 111
1364 2829 1441 2859 ras
1457 2816 1527 2859 ms
1641 2821 1694 2859 12
1728 2830 1837 2870 πρε-

151 2875 394 2934 σβυτάτοις
428 2877 495 2920 Va
544 2876 550 2931 Ι
598 2875 684 2931 τὴν
713 2882 797 2919 τοῦ
831 2877 900 2920 Va
1022 2881 1076 2919 15
1109 2875 1167 2931 δὴ
1201 2889 1275 2917 om
1310 2876 1377 2919 Va
1507 2879 1560 2918 16
1592 2874 1677 2930 τὴν
1712 2875 1794 2918 Mo
1830 2873 1835 2932 Ι

151 2932 227 2989 ἐφ’
259 2935 328 2979 Va
376 2936 382 2991 Ι
432 2934 724 2990 ὑμνούμενον
756 2934 825 2978 Va
949 2939 1000 2978 17
1034 2931 1152 2978 καθ’
1187 2935 1255 2978 Va
1377 2938 1431 2976 18
1465 2931 1535 2978 ὅτι
1569 2935 1653 2978 ΜΟ
