2072 3162
729 143 955 188 LIBANH
986 141 1209 187 ORATIO
1242 142 1349 187 XIII
1812 141 1878 194 81

196 283 296 336 τὸν
327 279 597 352 Ἡρακλέα
634 280 833 346 μάντιν
871 280 972 349 οὐχ
1002 275 1169 347 ἧττον
1201 277 1233 347 ἢ
1265 277 1492 348 τοξότην
1525 278 1882 348 ἐπιστάμενος

197 371 369 424 παῖδα
405 370 504 423 τὸν
542 369 889 436 Μελάμπουν
927 367 1211 436 ἀπέφηνας
1248 369 1382 436 μετὰ
1430 371 1437 435 Ι
1485 377 1597 421 τῶν
1633 373 1786 422 θεῶν
1822 381 1970 425 3422

197 461 260 513 τὸ
292 459 495 529 μέλλον
525 457 687 529 ὁρῶν.
748 457 834 510 49.
874 456 1141 510 ἐντεῦθεν
1170 455 1262 510 καὶ
1293 456 1475 526 μένεις
1504 455 1596 510 καὶ
1628 459 1882 527 βαδίζεις,

198 548 288 602 ὅτε
332 546 568 616 βέλτιον,
618 547 719 616 οὐχ
756 546 864 599 ὑπὸ
904 555 1016 599 τῶν
1059 544 1459 616 πεπραγμένων
1503 547 1598 609 τὰς
1636 545 1884 614 ἐκβάσεις

196 637 519 706 μανθάνων,
574 634 691 689 ἀλλ’
722 633 811 689 ἐπὶ
864 636 1123 707 προδήλῳ
1172 640 1248 706 τῷ
1297 634 1439 687 τέλει
1487 638 1618 698 τοὺς
1668 635 1884 704 ἀγῶνας
1930 656 1950 689 5

197 725 612 795 ἀναιρούμενος,
644 733 963 795 στρατηγῶν
992 721 1094 791 μὲν
1124 733 1236 776 τῶν
1267 722 1472 788 τάξεων
1503 725 1685 793 αὐτός,
1725 739 1885 795 στρα-
1968 740 1974 746 ’

197 815 535 884 τηγούμενος
573 811 634 867 δὲ
686 813 794 866 ὑπὸ
832 822 946 866 τῶν
983 814 1330 883 κρειττόνων.
1418 811 1503 866 50.
1559 813 1587 866 ὁ
1625 810 1728 882 μὲν
1781 809 1886 867 οὖν

189 902 546 972 Ἀγαμέμνων
582 904 786 972 ἤκουσε
824 902 971 972 παρά
1008 921 1108 954 του
1147 911 1258 954 τῶν
1296 902 1560 970 ἡττόνων,
1611 902 1684 965 ὡς
1720 903 1886 972 τύχης

198 993 339 1063 ῥοπῇ
377 994 681 1060 βελτιόνων
719 992 894 1061 ἄρχοι,
934 992 1005 1060 μὴ
1042 989 1475 1061 προσειληφέναι
1513 991 1617 1061 γὰρ
1656 992 1758 1059 τὴν
1797 991 1883 1044 ἀλ-

196 1084 318 1151 κήν,
364 1088 472 1134 νῦν
518 1078 579 1134 δὲ
618 1079 680 1134 ἐν
716 1089 781 1151 τῇ
827 1088 927 1133 τοῦ
967 1087 1303 1150 κρατοῦντος
1349 1079 1512 1151 ἀρετῇ
1559 1078 1650 1133 καὶ
1689 1080 1749 1133 τὸ
1789 1088 1885 1148 τῆς
1909 1101 1951 1134 10

197 1169 448 1235 ἐξουσίας
498 1169 627 1223 ἐστί.
714 1170 805 1223 καὶ
859 1167 1044 1232 οὐδεὶς
1098 1169 1240 1222 οὕτω
1297 1167 1445 1232 δόξει
1499 1177 1770 1238 γενναῖος,
1826 1169 1886 1232 ὃς

197 1257 443 1329 ἡγήσαιτ’
474 1258 544 1312 ἂν
583 1259 650 1312 οὐ
690 1260 914 1321 δικαίως
953 1256 1015 1311 ἐν
1054 1257 1378 1328 ἀρχομένοις
1416 1254 1571 1311 εἶναι.
1642 1257 1726 1311 51.
1768 1258 1797 1311 ὅ
1832 1277 1886 1311 τι

198 1349 301 1418 γὰρ
340 1346 471 1419 παρ’
503 1349 649 1420 ἄλλω
688 1349 876 1416 καλόν,
924 1355 1088 1400 τοῦτο
1127 1348 1274 1416 παρὰ
1312 1345 1400 1400 σοὶ
1447 1349 1717 1416 μειζόνως.
1794 1345 1885 1399 καὶ

198 1440 367 1506 μόνος
406 1439 760 1506 συνείληφας,
800 1436 834 1489 ἃ
871 1438 1004 1498 τοὺς
1043 1437 1246 1498 ἄλλους
1280 1435 1646 1506 μεμερισμένα
1675 1443 1884 1504 κοσμεῖ,

197 1526 290 1578 καὶ
329 1526 457 1578 οὔτε
496 1526 675 1596 ῥήτωρ
716 1525 843 1578 οὔτε
883 1524 1110 1592 ὁπλίτης
1156 1525 1284 1577 οὔτε
1323 1525 1581 1593 δικαστὴς
1628 1525 1755 1577 οὔτε
1794 1538 1885 1576 σο-
1909 1545 1950 1577 15

198 1616 414 1683 φιστής,
447 1613 513 1667 οὐ
537 1615 857 1681 τελεστικός,
890 1612 958 1665 οὐ
983 1614 1309 1682 φιλόσοφος,
1342 1613 1410 1666 οὐ
1441 1613 1633 1682 μάντις
1665 1611 1879 1666 δύναιτ’

198 1701 270 1754 ἂν
309 1702 478 1755 αὑτὸν
514 1702 621 1771 πρὸ
662 1709 764 1754 σοῦ
796 1702 1096 1768 θαυμάσαι.
1172 1700 1264 1754 καὶ
1299 1702 1402 1771 γὰρ
1434 1702 1771 1771 πράττοντας
1802 1694 1886 1764 οἷς

201 1790 453 1860 πράττεις
492 1790 582 1842 καὶ
622 1788 881 1858 λέγοντας
920 1783 1005 1852 οἷς
1042 1789 1218 1857 λέγεις
1251 1790 1537 1854 ἐκάλυψας.
1607 1789 1692 1843 52.
1733 1789 1792 1852 ὅς
1824 1809 1885 1858 γε

198 1877 290 1931 καὶ
328 1880 430 1947 τὴν
468 1879 748 1931 δοκοῦσαν
786 1879 937 1949 ὥραν
975 1888 1086 1931 τῶν
1126 1877 1271 1945 ἐμῶν
1309 1877 1614 1933 ἐπιστολῶν
1652 1880 1885 1949 παρελή-

318 2067 340 2105 1
374 2061 480 2106 Her.
505 2062 548 2105 Π
571 2066 641 2106 83.
703 2061 895 2105 Aristid.
919 2061 941 2104 I
964 2065 1035 2117 58,
1055 2066 1078 2105 1
1104 2061 1144 2104 D
1266 2065 1292 2105 8
1323 2061 1375 2104 Π.
1402 2078 1419 2105 ι
1452 2065 1507 2105 37
1522 2076 1589 2119 sq.

318 2238 342 2276 2
405 2234 514 2277 ante
560 2231 673 2289 μετὰ
723 2231 834 2276 libri
881 2233 1073 2288 excepto
1121 2231 1158 2276 S
1211 2231 1439 2288 praebent
1487 2231 1627 2276 verba.
1674 2231 1754 2276 διὰ
1790 2238 1884 2276 τῶν

196 2295 325 2336 θεῶν
371 2293 542 2348 (αὐτῶν
589 2293 651 2348 Β)
706 2305 827 2348 quae
872 2293 1147 2348 receperunt
1189 2291 1282 2335 edd
1331 2290 1535 2347 expulsis
1578 2291 1728 2335 verbis
1772 2290 1884 2348 μετὰ

197 2358 289 2396 τῶν
327 2354 469 2405 θεῶν,
510 2365 595 2409 ego
626 2350 873 2395 lectionem
904 2350 1082 2394 variam
1119 2349 1194 2394 vel
1229 2349 1386 2406 potius
1416 2350 1885 2406 interpretamentum

195 2410 363 2455 horum
394 2410 607 2454 existimo
741 2415 769 2453 4
801 2408 939 2454 ὁπότε
963 2410 997 2454 S
1020 2409 1111 2454 edd
1194 2409 1267 2453 ἀεὶ
1290 2409 1407 2464 πρὸς
1428 2409 1479 2452 τὸ
1505 2411 1550 2454 Β
1687 2414 1711 2453 6
1745 2424 1885 2465 „num

197 2468 567 2525 &voetpdusvos-P‘
609 2468 678 2511 Re
717 2471 767 2513 at
805 2468 861 2512 cf.
894 2468 1084 2512 Her.VI
1108 2472 1193 2512 108
1242 2469 1249 2527 Ι
1299 2469 1484 2523 „malim
1526 2475 1611 2514 aut
1651 2469 1791 2519 αὐτὸς
1832 2468 1884 2513 δὲ

199 2528 593 2585 στρατηγούμενος
635 2534 718 2573 aut
760 2528 1153 2585 στρατηγούμενος
1195 2526 1246 2572 δὲ
1289 2527 1457 2579 αὐτὸς“
1489 2527 1557 2570 Re
1728 2531 1755 2571 8
1801 2544 1883 2572 του

199 2630 225 2660 e
255 2633 347 2660 των
380 2630 482 2660 corr
507 2617 564 2662 Ο·
708 2620 732 2659 9
765 2623 856 2660 τῶν
888 2618 998 2660 ante
1029 2614 1275 2674 βελτιόνων
1307 2616 1351 2660 U
1378 2618 1426 2659 et
1455 2615 1580 2659 inser
1601 2615 1660 2659 1²
1701 2616 1707 2674 Ι
1749 2602 1884 2673 ἄρχδῗ

200 2675 286 2719 Mo
354 2675 486 2732 ἄρχει
510 2677 555 2720 Β
678 2679 732 2719 10
765 2672 811 2719 δ’
847 2675 938 2719 edd
988 2677 994 2731 Ι
1046 2675 1095 2720 ἐν
1127 2689 1202 2719 om
1232 2675 1342 2718 libri
1374 2677 1566 2731 excepto
1591 2675 1628 2720 S
1673 2675 1680 2733 Ι
1721 2682 1775 2732 τῇ
1808 2690 1883 2719 om

197 2733 308 2777 h‘bri
339 2735 544 2790 exeeptis
578 2735 661 2778 VB
701 2734 801 2790 (sed
831 2734 881 2777 in
911 2734 1000 2778 hoc
1030 2734 1270 2791 inser'm2)
1302 2734 1339 2779 S
1384 2734 1390 2792 Ι
1434 2747 1574 2790 supra
1603 2741 1685 2778 τοῦ
1721 2748 1883 2778 rasura

200 2792 397 2836 duarum
427 2793 690 2837 litterarum
721 2795 766 2837 P
929 2798 983 2836 13
1031 2791 1264 2850 μειζόνως]
1300 2795 1485 2847 „malim
1508 2793 1596 2837 ’καὶ
1621 2794 1880 2850 praemonst

198 2851 268 2896 Re
390 2856 444 2895 14
475 2850 809 2922 μεμερισμένοις
840 2852 884 2896 U
909 2854 957 2895 et
988 2866 1127 2908 supra
1157 2851 1461 2908 μεμερισμένα
1485 2853 1520 2895 Ι
1635 2857 1688 2895 16
1721 2853 1775 2896 οὐ
1801 2852 1882 2909 (1)]

204 2953 308 2998 οὔτε
341 2955 404 2997 Μ
520 2957 575 2997 18
608 2925 723 2998 (ἓξζξ
751 2955 796 2998 Β
918 2958 971 2997 19
1006 2955 1205 3011 ἐμαυτοῦ
1237 2955 1274 3000 S
1332 2969 1403 2998 om
1428 2955 1531 2999 Mor

289 3035 486 3068 annurus
512 3036 570 3069 ed.
594 3035 832 3068 Boea-ster.
872 3036 924 3067 11.
1591 3031 1616 3069 6
