2054 3140
188 127 256 178 10
737 126 963 169 LIBANII
995 125 1218 170 ORATIO
1250 126 1335 169 XII

185 264 450 331 φίλτατον
487 261 894 329 ποθεινοτάτην
925 262 1070 324 ὄψιν.
1141 258 1256 314 ἀλλ’
1297 258 1428 315 οὐδὲ
1468 261 1496 315 ὃ
1536 263 1724 331 τρίτον
1761 259 1864 331 ἔχω

183 356 539 419 προσθεῖναι,
586 351 828 402 λείπεται
873 358 985 402 τῶν
1024 348 1342 418 εἰρημένων,
1397 351 1481 404 ὅτι
1526 370 1591 417 με
1631 351 1702 419 μὴ
1753 359 1868 413 τοῖς

184 443 410 500 πολλοῖς
448 437 509 491 ἐν
548 442 647 510 ἴσῳ
689 438 909 507 θεωρὸν
949 439 1178 506 ἄφωνον
1224 435 1452 507 ἔστησεν
1496 439 1529 508 ἡ
1578 440 1723 508 Τύχη
1767 440 1867 508 τὴν

94 540 240 584 R367
280 528 411 594 μετὰ
452 533 608 595 σιγῆς
646 527 856 595 ἡδονὴν
906 525 912 597 Ι
961 527 1249 595 ἡδόμενον,
1290 526 1427 579 ἀλλὰ
1464 526 1555 580 καὶ
1591 530 1736 599 λόγῳ
1769 548 1868 597 μη-

139 637 160 670 5
184 616 350 669 νύσαι
402 616 608 684 ταύτην
665 616 833 668 ε”δωκε
878 624 994 678 τοῖς
1039 635 1097 668 τε
1142 623 1416 686 παροῦσιν
1468 616 1602 683 ὑμῖν
1650 625 1765 679 τοῖς
1809 636 1867 669 τε

182 704 417 775 ὕστερον
457 702 876 771 ἐντευξομένοις.
966 704 1015 756 3.
1076 704 1232 772 ὑμεῖς
1279 701 1340 757 δὲ
1388 704 1473 758 ὅτι
1510 705 1611 773 μὲν
1657 707 1866 776 χαίρετε

182 802 297 856 τοῖς
343 791 664 863 ὁρωμένοις,
712 794 803 846 καὶ
848 801 967 856 ταῖς
1006 793 1189 862 εὐχαῖς
1235 793 1291 845 δί
1329 788 1408 845 ὧν
1455 794 1652 846 αἰτεῖτε
1696 802 1867 847 ταῦτα

181 881 442 944 πολλάκις
481 881 729 950 ὀφθῆναι
771 882 862 934 καὶ
900 890 1016 944 τοῖς
1047 882 1361 951 προσώποις
1392 880 1658 951 γέμουσιν
1697 883 1866 936 εὐθυ-

181 973 307 1039 μίας
337 971 590 1039 δηλοῦτε·
632 972 775 1023 πολὺ
809 968 959 1025 δ’,ὃὶν
991 968 1223 1034 δείξαιτε
1245 970 1493 1039 κάλλιον,
1527 972 1579 1023 εί
1609 971 1866 1042 συνεξορ-

117 1081 160 1112 10
183 1061 410 1129 μήσαιτε
449 1068 562 1121 τοῖς
598 1061 783 1127 λόγοις
821 1058 911 1112 καὶ
944 1059 1161 1128 γένοιτο
1201 1067 1265 1130 τῇ
1304 1067 1403 1112 τοῦ
1437 1059 1695 1128 λέγοντος
1735 1058 1865 1130 ἐφά-

184 1151 374 1217 μιλλος
411 1147 444 1216 ἡ
484 1156 596 1200 τῶν
636 1146 999 1217 ἀκροωμένων
1037 1149 1275 1217 βακχεία.

291 1237 341 1288 4.
397 1235 609 1289 Πολλοὶ
656 1237 757 1305 μὲν
803 1233 906 1290 οὖν
957 1238 1100 1289 εἰσιν
1147 1235 1355 1306 ἕτοιμοι
1399 1237 1501 1306 τὴν
1549 1239 1865 1308 πανήγυριν

181 1325 379 1395 ὑμνεῖν
417 1323 508 1378 καὶ
540 1327 739 1393 λόγους
773 1323 901 1378 καθ’
939 1326 1175 1395 ἡσυχίαν
1204 1326 1402 1394 ἥκουσι
1434 1328 1864 1395 συντεθεικότες,

181 1415 233 1467 οἱ
284 1411 345 1467 δὲ
390 1412 481 1466 καὶ
534 1413 793 1481 μένοντες
847 1419 989 1467 οἴκοι
1042 1416 1173 1477 τοὺς
1227 1414 1410 1467 αὑτῶν
1465 1414 1864 1485 εὐφραίνουσιν

113 1523 156 1556 15
183 1503 382 1572 ὁμοίως
421 1502 479 1555 οἳ
512 1521 570 1555 τε
609 1506 819 1572 μᾶλλον
859 1503 918 1555 οἵ
951 1522 1009 1556 τε
1046 1499 1214 1572 ἧττον
1260 1501 1320 1555 έν
1366 1502 1598 1570 δυνάμει
1643 1510 1741 1556 τοῦ
1782 1501 1864 1556 λέ·

179 1611 313 1660 γειν.
385 1591 413 1645 ὃ
453 1590 544 1644 καὶ
582 1592 868 1660 θαυμάσαι
905 1611 988 1655 τις
1026 1593 1111 1660 ἄν,
1152 1591 1236 1644 ὅτι
1274 1593 1347 1661 μὴ
1385 1592 1446 1644 τὸ
1479 1590 1714 1660 μέγεθος
1751 1600 1863 1644 τῶν

178 1680 511 1750 πραγμάτων
559 1688 722 1749 σιγᾶν
767 1681 1041 1749 ἠνάγκασε
1087 1682 1216 1743 τοὺς
1261 1681 1524 1749 πολλούς,
1577 1679 1715 1733 ἀλλὰ
1752 1687 1863 1734 πᾶν

179 1766 380 1838 μέτρον
441 1777 671 1822 κινεῖται
733 1776 841 1822 νῦν
900 1768 991 1822 καὶ
1052 1770 1153 1837 τὴν
1214 1769 1487 1822 ὑπόθεσιν
1541 1768 1643 1821 οὐκ
1698 1768 1861 1821 ὀκνεῖ.

182 1856 229 1909 5.
269 1854 384 1909 ἔστι
425 1856 473 1909 δ’
520 1857 549 1910 ὅ
588 1877 672 1920 τις
711 1856 780 1909 ἂν
817 1855 1050 1926 ἠξίωσεν
1089 1851 1233 1910 εἶναι
1277 1865 1372 1926 τῆς
1418 1865 1626 1926 σιωπῆς
1665 1861 1860 1925 αἴτιον,

113 1966 155 2000 20
179 1944 331 1998 τοῦτ’
377 1945 508 1998 αὐτὸ
547 1944 639 1998 καὶ
678 1946 739 1998 τὸ
781 1950 985 1999 πεῖθον
1030 1950 1253 2014 τολμᾶν.
1330 1946 1378 1998 εἰ
1421 1942 1523 2012 μὲν
1569 1945 1673 2014 γὰρ
1720 1940 1861 2012 ἦσαν

180 2035 238 2086 οἱ
272 2035 410 2103 πρὸς
449 2031 606 2097 ἀξίαν
643 2033 911 2103 ἐροῦντες,
951 2034 980 2088 ὃ
1015 2035 1340 2103 συμβαίνειν
1371 2032 1460 2086 ἐπὶ
1489 2042 1601 2086 τῶν
1631 2034 1703 2101 μὴ
1735 2034 1861 2085 λίαν

177 2122 637 2192 ὑπερβαλλόντων
686 2121 951 2191 πέφυκεν,
1000 2124 1057 2175 οἷ
1100 2123 1412 2185 συνειδότες
1462 2121 1650 2184 αὑτοῖς
1696 2119 1861 2174 ἀσθέ-

179 2230 335 2263 νειαν
387 2209 579 2279 κέρδος
633 2210 703 2264 ἂν
758 2211 1046 2264 ἐποιοῦντο
1101 2214 1313 2264 λαθεῖν.
1403 2209 1589 2278 ἐπειδὴ
1644 2207 1705 2262 δὲ
1759 2209 1860 2262 οὐκ

178 2296 330 2352 ἔστιν
362 2298 552 2351 οὐδενὶ
584 2300 685 2368 τὴν
716 2296 883 2369 ἧτταν
909 2300 1250 2368 διαφεύγειν,
1284 2299 1420 2352 ἀλλὰ
1450 2297 1541 2352 καὶ
1572 2299 1671 2366 τὴν
1703 2298 1860 2350 εὐδο-

296 2463 323 2501 4
347 2466 547 2515 μηνῦσαι
570 2461 624 2502 ut
645 2459 702 2502 I?
728 2458 785 2501 cf.
802 2460 834 2501 t.
850 2458 871 2501 I
887 2463 1023 2514 272,5
1134 2463 1159 2502 9
1186 2476 1235 2502 αι
1258 2459 1308 2502 in
1332 2455 1530 2511 ὃείξαιτε
1553 2457 1602 2501 in
1624 2470 1699 2500 ras
1722 2457 1780 2500 1⁵
1811 2458 1858 2500 et

179 2531 234 2561 ex
266 2533 286 2560 ε
318 2531 418 2560 eon·
459 2517 520 2561 V‘
585 2515 753 2570 δείξετε
781 2518 840 2560 Μ
897 2516 1073 2574 δείξητε
1105 2519 1150 2560 Β
1189 2521 1194 2574 Ι
1229 2517 1610 2573 συνεξορμήσαιτε
1644 2517 1688 2559 V
1712 2517 1759 2559 et
1789 2515 1856 2559 Re

239 2575 591 2631 συνεξορμήσετε
620 2576 790 2632 reliqui
820 2576 930 2620 libri
960 2577 1051 2620 nisi
1083 2577 1207 2633 quod
1232 2577 1276 2621 U
1300 2577 1422 2619 inter
1453 2589 1478 2618 ο·
1510 2578 1557 2619 et
1586 2591 1611 2618 τ
1641 2574 1857 2618 lacunam

177 2634 314 2677 unius
346 2634 533 2678 litterae
563 2634 719 2689 habet,
752 2635 862 2678 Fen·
885 2635 985 2678 Mor
1135 2640 1189 2679 12
1221 2634 1304 2691 τὴν
1335 2634 1459 2678 inser
1485 2633 1543 2679 Cf
1691 2638 1745 2676 14
1777 2633 1856 2676 καὶ

178 2693 302 2737 inser
329 2692 386 2737 Or
410 2695 415 2746 Ι
444 2700 596 2737 αυτῶν
629 2694 673 2738 U
728 2694 880 2737 αὐτῶν
913 2694 975 2736 Μ
1105 2698 1157 2737 15
1190 2693 1243 2737 οῖ’
1265 2709 1313 2737 τε
1343 2691 1480 2749 ἤττον
1511 2692 1562 2735 in
1584 2705 1717 2748 marg
1743 2690 1801 2736 Of

180 2756 235 2795 16
274 2748 308 2795 ὦ
343 2752 393 2806 V,
424 2751 474 2794 in
497 2765 630 2807 marg
659 2750 761 2806 ἤτοι
793 2751 842 2795 ἐν
868 2748 902 2795 ὦ
952 2754 957 2807 Ι
1007 2750 1075 2802 τίς
1106 2754 1247 2797 ΙΒΜ
1391 2757 1444 2794 21
1489 2748 1747 2805 προσαξίαν
1782 2750 1851 2809 Vl

179 2810 272 2868 ἐπὶ]
306 2810 420 2865 ὑπὲρ
446 2810 509 2853 Μ
624 2815 678 2853 22
712 2808 723 2825 ³
762 2810 811 2853 in
843 2811 1002 2862 αὑτοῖς
1031 2810 1080 2853 in
1111 2823 1186 2853 ras
1219 2810 1290 2854 P⁴
1350 2811 1509 2859 αὐτοῖς
1532 2810 1643 2853 ΒΜ
1697 2815 1857 2860 αυτοῖς

187 2869 231 2913 U
344 2874 401 2912 24
433 2871 550 2924 διαφ
582 2876 710 2926 υγεῖν
743 2882 848 2912 cum
878 2882 1038 2912 rasura
1069 2869 1205 2912 unius
1237 2868 1423 2912 litterae
1454 2868 1576 2912 inter
1608 2885 1642 2924 φ
1675 2869 1723 2911 et
1752 2885 1780 2912 v
1813 2868 1860 2911 P

239 2929 356 2984 διαφ
388 2943 516 2984 υγειν
549 2928 594 2972 U
