2060 3162
700 182 927 226 LIBANII
960 181 1182 226 ORATIO
1215 182 1363 226 XVIH
1746 184 1852 238 307

169 328 232 390 τῇ
272 328 416 390 ψυχῇ
455 326 554 373 τοῦ
593 324 781 385 θυμοῦ
823 317 1059 386 ζέοντος,
1104 312 1210 381 εἶξε
1250 319 1311 372 δὲ
1351 319 1494 386 ὅμως
1531 328 1647 382 ταῖς
1687 319 1853 389 ἀνάγ-

168 429 285 472 καις
323 415 591 461 τοσοῦτον
627 406 1117 476 ἐπιφθεγξάμενος,
1158 408 1231 470 ὡς
1263 410 1415 461 ἔσται
1453 428 1534 471 τις
1566 407 1595 461 ὁ
1628 418 1854 477 σκῶμμα

167 496 249 551 ἐπ’
274 498 442 551 αὐτὸν
467 497 714 566 ἀφήσων,
743 498 814 559 ὡς
840 498 1014 558 ὄντως
1038 502 1120 564 εἴη
1146 504 1245 549 τοῦ
1269 495 1542 566 προτέρου
1569 500 1851 566 συγγενής.

278 586 396 639 164.
452 589 759 652 Σκκοπῶμεν
809 586 876 653 δὴ
924 584 1028 637 κάν
1074 593 1137 654 τῇ
1184 585 1434 657 καθέδρᾳ
1481 586 1578 639 τὸν
1626 587 1854 654 βασιλέα

163 674 252 728 και
292 676 339 728 εἰ
377 675 566 744 καιρὸς
606 675 743 736 ἅπας
784 670 893 743 εἶχε
932 673 1154 743 πράξεις
1193 672 1479 742 ἐγκωμίων
1518 674 1680 738 ἀξίας.
1899 697 1918 728 5
1951 693 1954 697 ’

267 765 431 816 Ηκεν
487 763 633 835 αὐτῷ
678 763 966 833 γράμματα
1007 764 1253 833 Περσικὰ
1304 759 1568 826 δέξασθαι
1622 765 1853 831 δεόμενα

160 855 457 923 πρεσβείαν
496 853 584 905 καὶ
626 854 771 924 λόγω
815 853 880 905 τα
934 852 1178 922 διάφορα
1226 861 1423 921 τεμεῖν.
1502 853 1554 905 oz
1602 853 1702 921 μὲν
1750 849 1853 907 οὖν

160 943 317 996 ἄλλοι
349 942 547 1004 πάντες
579 940 882 1010 ἐπηδῶμεν,
917 940 1266 1009 ε’κροτοῦμεν,
1299 939 1545 1010 ἐβοῶμεν
1574 941 1853 1010 δέχεσθαι,

161 1031 190 1085 ὁ
243 1028 304 1083 δὲ
355 1031 512 1101 ῥίψαι
565 1031 824 1093 κελεύσας
881 1029 1083 1098 ἀτίμως
1135 1030 1234 1098 τὴν
1285 1028 1580 1098 ἐπιστολὴν
1628 1031 1853 1084 πάντων

160 1117 265 1188 ἔφη
308 1121 629 1173 δεινότατον
668 1113 808 1172 εἶναι
849 1124 1071 1171 κεῖσθαι
1117 1115 1219 1187 μὲν
1259 1119 1352 1181 τὰς
1390 1120 1598 1187 πόλεις,
1651 1119 1850 1182 αὐτοὺς
1877 1142 1918 1173 10

160 1209 220 1262 δὲ
269 1208 624 1276 διαλέγεσθαι
671 1209 761 1261 καὶ
810 1206 1191 1261 ἀντεπέστειλέ
1239 1227 1300 1276 γε
1346 1204 1521 1276 μηδὲν
1567 1208 1686 1261 δεῖν
1724 1209 1851 1278 πρέ-

159 1300 336 1365 σβεων
369 1298 539 1350 αὐτοῦ
572 1297 795 1366 τάχιστα
829 1296 1043 1350 ἐκεῖνον
1075 1296 1366 1366 ὀψομένου.
1447 1297 1655 1350 οὐκοῦν
1687 1305 1850 1351 τοῦτο

155 1382 226 1453 ἦν
279 1389 403 1454 νίκη
453 1387 558 1455 πρὸ
615 1387 893 1454 συμβολῆς
946 1384 1037 1438 καὶ
1090 1386 1196 1455 πρὸ
1251 1386 1423 1454 μάχης
1479 1388 1759 1455 τρόπαιον,
1817 1385 1846 1438 ὃ

157 1476 468 1542 συμβαῖνον
519 1479 673 1543 ἴσμεν
711 1472 773 1527 ἐν
820 1482 935 1535 τοῖς
982 1483 1272 1541 γυμνικοῖς
1318 1473 1544 1541 ἀγῶσιν,
1600 1474 1733 1526 ὅταν
1777 1472 1850 1547 τᾷ

154 1565 296 1616 πολὺ
352 1562 673 1631 διαφέροντι
724 1570 968 1631 φανῆναι
1015 1563 1188 1629 μόνον
1234 1562 1386 1632 ἀρκῇ.
1467 1561 1585 1614 165.
1640 1563 1730 1615 καὶ
1777 1563 1838 1615 τὸ
1867 1583 1907 1616 15

156 1648 256 1717 μὲν
295 1652 400 1720 ἤδη
440 1659 539 1704 τοῦ
579 1650 846 1719 βασιλέως
882 1652 1155 1720 παρόντος
1195 1650 1406 1704 ἐκεῖνον
1445 1658 1607 1703 τοῦτο
1639 1657 1846 1704 παθεῖν

157 1740 223 1792 οὐ
264 1741 483 1809 σφόδρα
531 1741 599 1792 ἄν
637 1759 719 1802 τις
756 1739 1086 1807 θαυμάσειε,
1137 1740 1312 1792 καίτοι
1360 1739 1450 1791 καὶ
1496 1746 1662 1792 τοῦτο
1702 1745 1845 1792 θαυ-

156 1830 365 1896 μαστὸν
404 1827 620 1898 τρέμειν
665 1828 762 1880 τὸν
802 1829 1042 1880 εἰωθότα
1081 1829 1295 1895 φοβεῖν,
1343 1829 1404 1880 τὸ
1446 1828 1507 1881 δὲ
1546 1830 1843 1882 Κωνσταν-

155 1917 276 1969 τίου
314 1914 416 1984 μὲν
448 1918 860 1985 γεγυμνωκότος
900 1917 1063 1985 τήνδε
1102 1917 1203 1984 τὴν
1240 1916 1426 1985 χώραν
1467 1917 1669 1985 ὅπλων,
1704 1916 1841 1970 Ἰου-

154 2008 348 2057 λιανοῦ
396 2005 456 2058 δὲ
502 2004 754 2058 τάκείνου
801 2002 901 2074 μὲν
956 2006 1244 2072 λαβόντος,
1299 2006 1378 2057 ἔτι
1435 2005 1495 2058 δὲ
1545 2014 1657 2059 τῶν
1710 2007 1838 2074 τῇδε
1869 2028 1911 2059 20

271 2131 297 2171 8
328 2127 390 2172 Io.
417 2128 529 2185 Lyd.
558 2129 614 2173 de
646 2143 787 2172 mens.
815 2128 878 2172 IV
898 2133 981 2172 118

273 2244 294 2282 1
331 2236 419 2292 εἶξε
450 2241 485 2284 I
510 2240 590 2284 sed
623 2255 643 2284 ε
676 2239 874 2284 alterum
905 2239 956 2282 in
979 2253 1053 2283 ras
1086 2238 1155 2282 m³
1223 2235 1340 2291 εἶξεν
1374 2236 1418 2283 δ’
1448 2240 1524 2283 La
1674 2244 1698 2282 2
1733 2238 1832 2283 ἐπι-

154 2298 477 2355 φθεγξάμενος
506 2299 630 2342 inser
660 2299 717 2343 1²
745 2302 750 2356 Ι
777 2297 847 2351 τίς
878 2300 1010 2343 BMo
1023 2300 1135 2344 VIP
1266 2303 1291 2341 3
1323 2304 1404 2342 τοῦ
1438 2312 1512 2341 0111
1536 2297 1658 2342 Fabr
1685 2300 1691 2355 Ι
1718 2314 1753 2342 π
1785 2295 1832 2343 ό-

152 2374 284 2413 τερον
315 2357 438 2401 Fabr
459 2358 528 2403 Re
648 2364 675 2402 4
707 2357 759 2403 δὲ
785 2360 828 2403 V
944 2362 968 2400 5
1002 2357 1043 2402 εἰ
1075 2357 1098 2401 ὁ
1131 2357 1293 2412 καιρὸς
1324 2358 1386 2400 Μ
1409 2360 1414 2412 l
1443 2356 1567 2408 ἅπας
1597 2359 1759 2413 poste
1739 2373 1834 2415 εχε

153 2416 275 2460 inser
306 2417 362 2461 1²
423 2432 497 2461 om
528 2417 662 2461 Wolf
687 2417 810 2461 Fabr
871 2416 994 2467 ἅπας
1025 2413 1134 2475 εἶχε]
1169 2413 1288 2474 εἶχεν
1321 2415 1444 2466 ἅπας
1476 2416 1572 2461 PU
1589 2418 1654 2472 (et
1677 2418 1770 2473 Ba)

154 2515 273 2594 εἶχεν
306 2508 430 2571 ἅπας
452 2521 498 2563 B
665 2524 689 2563 6
729 2518 926 2576 δεόμενα
959 2517 1207 2578 πρεσβείαν
1237 2518 1422 2575 reposui
1457 2532 1480 2561 e
1512 2518 1643 2562 libris
1727 2535 1836 2575 πρε-

155 2576 313 2635 σβείαν
346 2577 543 2635 δεόμενα
577 2579 668 2622 edd
826 2583 851 2621 8
885 2579 1086 2637 ἐβοῶμεν
1119 2579 1394 2634 ἐκροτοῦμεν
1422 2579 1464 2622 V
1592 2583 1617 2621 9
1667 2575 1836 2635 ρῖψαιῗ

154 2638 210 2680 cf
235 2653 279 2694 p.
306 2642 376 2693 28,
396 2642 449 2682 19
492 2638 498 2694 1
543 2635 687 2694 ἀτίμω
723 2639 807 2681 Mo
937 2642 989 2681 11
1023 2636 1370 2682 ἀντεπέστελλεν
1402 2637 1478 2681 La
1509 2637 1588 2681 sed
1620 2639 1644 2680 λ
1677 2650 1835 2681 secun—

154 2695 264 2740 dum
304 2709 528 2753 suprascr.
560 2711 584 2740 s
615 2698 662 2740 et
693 2713 718 2740 ν
756 2695 975 2740 ultimum
1015 2710 1115 2740 eras
1165 2698 1170 2755 Ι
1220 2697 1473 2754 πρεσβειῶν
1512 2695 1562 2738 in
1599 2694 1834 2754 πρέσβεων

155 2768 254 2798 corr
279 2757 340 2800 M
350 2756 366 2780 ²
398 2757 445 2800 et
484 2769 624 2812 supra,
655 2754 743 2798 hoc
775 2768 999 2827 suprascr
1036 2757 1098 2800 M
1107 2755 1123 2780 ³
1297 2759 1349 2798 13
1399 2755 1657 2812 συμβουλῆς
1689 2757 1773 2799 Mo

157 2817 210 2856 14
241 2813 512 2888 συμβαίνειν
536 2814 658 2857 Fabr
681 2814 749 2856 Re
778 2816 783 2869 Ι
812 2811 883 2857 ὅτ’
912 2811 972 2857 ἂν
998 2815 1082 2858 Mo
1109 2817 1115 2871 1
1142 2815 1193 2859 τὸ
1218 2816 1263 2858 Ρ
1292 2813 1409 2857 sed.
1397 2828 1446 2855 111
1468 2821 1530 2857 τῶ
1556 2828 1656 2857 corr
1678 2813 1758 2867 m³‚
1798 2815 1842 2858 U

215 2877 266 2916 17
294 2872 586 2946 θαυμάσειεν
618 2874 694 2916 La
720 2874 726 2928 Ι
754 2873 834 2916 καὶ
865 2885 940 2914 0111
974 2873 1142 2917 CBMo
1217 2873 1340 2916 inser
1372 2874 1463 2916 La·
1615 2876 1667 2915 19
1702 2888 1830 2929 γεγυ-

154 2929 385 2985 μνωκότος
414 2933 460 2976 P
489 2932 570 2975 sed
602 2949 636 2974 ω
668 2931 716 2974 in
740 2944 815 2974 ras
846 2931 916 2973 111³
1073 2936 1128 2974 20
1159 2930 1232 2974 τὰ’
1240 2929 1397 2975 κείνου
1425 2932 1466 2974 V
1521 2931 1577 2973 τὰ
1608 2927 1766 2975 κείνου
1791 2932 1836 2974 Ρ

159 2988 239 3031 sed
269 2990 422 3045 gravis
454 2990 503 3033 in
526 3003 601 3033 ras
626 2990 707 3041 m3,
741 2991 815 3033 La

1482 3062 1567 3104 20*
