2060 3162
221 1063 264 1094 10

221 1505 263 1538 15

285 107 393 160 396
817 107 1044 152 LIBANH
1075 108 1297 154 ORATIO
1329 108 1434 152 XIX

285 238 366 312 ᾖς,
406 243 542 312 μηδὲ
580 250 687 295 νῦν
727 241 814 295 ε’πὶ
854 244 1013 311 δίκην
1050 242 1253 297 ἐλθεῖν.
1321 246 1377 297 τί
1412 246 1515 314 γὰρ
1550 245 1616 313 δὴ
1655 243 1746 297 καὶ
1783 264 1963 307 νεανι-

285 333 387 385 κὸν
440 333 605 384 πόλιν
659 331 905 399 ὑπήκοον
957 340 1181 400 ποιῆσαι
1235 342 1432 397 κακῶς;
1494 330 1624 386 οὐδὲ
1685 334 1788 403 γὰρ
1849 343 1965 396 τοῖς

286 419 507 488 ποιμέσι
551 420 719 472 θύειν
764 419 939 473 ὁπόσα
983 421 1276 489 βούλοιντο
1323 431 1433 474 τῶν
1477 423 1784 491 προβάτων,
1831 419 1965 475 οὐδὲ

286 517 398 571 τοῖς
459 510 752 575 βουκόλοις
813 519 923 562 τῶν
983 493 1133 577 βοῶν
1187 507 1318 562 οὐδὲ
1378 518 1492 573 τοῖς
1549 513 1793 574 αἰπόλοις
1853 519 1966 563 τῶν

288 598 476 665 αἰγῶν,
517 596 654 649 ἀλλὰ
684 598 744 650 τὸ
776 594 877 666 μὲν
907 595 1046 666 ὑπὲρ
1086 598 1269 652 αὐτῶν
1300 599 1570 668 μάχεσθαι
1601 608 1716 662 τοῖς
1747 598 1965 652 ἐπιοῦσι

285 695 398 739 τῶν
435 688 652 755 θηρίων
697 687 788 738 καὶ
833 695 1054 755 κρατεῖν
1099 685 1188 739 καὶ
1227 686 1477 741 ἀπωθεῖν
1516 688 1653 757 [καὶ]
1699 687 1837 755 μέγα
1873 688 1966 742 καὶ

288 776 552 844 λαμπρόν,
607 774 667 826 τὸ
720 771 780 826 δὲ
834 777 1146 828 κατεσθίειν
1197 777 1231 828 ἅ
1283 796 1364 838 τις
1412 776 1586 845 νέμει,
1639 777 1966 846 θαυμαστὸν

288 863 470 916 οὐδέν.

397 953 482 1005 24.
541 952 699 1005 Οὕτω
746 951 863 1021 μέν,
910 950 951 1006 ὦ
999 956 1242 1021 βασιλεῦ,
1288 954 1379 1006 καὶ
1424 961 1581 1023 κοινῇ
1627 962 1720 1022 τῆς
1757 956 1967 1016 πόλεως

287 1041 656 1110 ἡμαρτηκυίας
701 1050 766 1112 τῇ
814 1061 875 1109 γε
915 1050 981 1112 σῇ
1023 1043 1189 1111 φύσει
1234 1041 1571 1111 προνοητέον
1621 1040 1690 1094 ἂν
1727 1038 1813 1110 ἦν,
1858 1050 1966 1095 νῦν

288 1129 337 1182 δ’
370 1130 611 1183 ἄκουσον
657 1130 854 1183 ἕκαστα
901 1130 1291 1199 διηγουμένου·
1347 1130 1531 1198 γένοιο
1571 1131 1673 1199 γὰρ
1715 1129 1783 1182 ἂν
1822 1131 1964 1183 οὕτω

288 1219 629 1289 δικαιότερος
667 1220 854 1287 κριτὴς
904 1218 993 1271 καὶ
1034 1220 1338 1287 διαιτήσαις
1385 1218 1473 1272 ἀπ’
1507 1219 1688 1272 αὐτῶν
1726 1229 1837 1271 τῶν
1875 1237 1966 1272 πε-

289 1307 618 1376 πραγμένων
655 1310 785 1370 τοὺς
824 1309 1112 1370 οἰκοῦντας
1149 1309 1249 1376 τὴν
1286 1310 1466 1361 πόλιν.

397 1395 482 1448 25.
530 1389 659 1448 ῒΗκε
698 1397 764 1448 τὰ
809 1395 935 1464 περὶ
973 1403 1071 1449 τοῦ
1119 1400 1350 1466 χρυσίου
1399 1397 1699 1466 γράμματα,
1745 1404 1968 1467 πρᾶγμα

287 1486 453 1538 πάλαι
501 1488 759 1555 φοβερόν.
835 1485 1232 1551 πιστευομένου
1279 1482 1341 1538 δὲ
1390 1493 1489 1537 τοῦ
1528 1484 1661 1547 τέως
1711 1484 1968 1538 ἀπιστου-

287 1573 458 1643 μένου
497 1573 587 1627 καὶ
627 1582 720 1642 τῆς
760 1582 858 1642 γῆς
897 1574 961 1626 οὐ
1005 1575 1280 1643 φερούσης
1325 1575 1386 1627 τὸ
1427 1575 1600 1643 ἄχθος
1638 1572 1968 1642 κατηνέχθη-

288 1678 392 1715 σαν
432 1663 484 1715 oi
522 1670 617 1731 τῆς
647 1661 934 1731 ἐπιστολῆς
965 1662 1252 1730 ἀκηκοότες
1291 1663 1368 1724 εἰς
1406 1671 1510 1731 γῆν
1541 1661 1874 1726 ἐξετάζοντες
1913 1663 1968 1715 οἱ

287 1752 483 1804 πολλοὶ
520 1752 622 1819 τὴν
660 1753 869 1819 πολλὴν
908 1751 1090 1804 αὑτῶν
1137 1750 1448 1819 ἀδυναμίαν
1494 1749 1583 1803 καὶ
1624 1751 1696 1814 ὡς
1735 1752 1783 1803 εἰ
1823 1750 1856 1803 ἃ
1894 1751 1966 1819 μὴ

290 1841 555 1892 δύνανται
594 1839 712 1908 μέν,
760 1838 880 1892 οὐδ’
911 1841 959 1893 εἰ
998 1840 1143 1893 πάνυ
1191 1841 1509 1907 βούλοιντο,
1557 1841 1915 1908 δυνήσονται,
1959 1836 1963 1909 Ι

290 2073 382 2102 S.v.
410 2059 504 2102 ἄνω
537 2065 774 2114 ποταμῶν·
810 2057 1036 2115 παροιμία
1069 2060 1143 2104 ἐπὶ
1175 2066 1267 2102 τῶν
1300 2055 1374 2103 ἐπ’
1397 2057 1584 2103 ἐναντία
1615 2056 1873 2114 γενομένων
1908 2056 1964 2100 cf.

289 2117 396 2161 Eur.
416 2117 691 2174 Suppl..520.
725 2118 845 2161 Med.
865 2122 963 2161 410.
1025 2118 1133 2161 Luc.
1161 2117 1269 2160 dial.
1295 2120 1427 2161 mort.
1456 2122 1496 2171 6,
1515 2122 1552 2160 2.
1707 2122 1760 2159 12
1794 2116 1966 2174 [Βθω.]

291 2191 327 2220 c.
354 2177 519 2234 Euerg.
553 2192 597 2233 p.
626 2181 754 2229 1142,
773 2181 828 2220 26
973 2182 1027 2220 14
1060 2176 1115 2220 cf.
1141 2178 1174 2220 t.
1191 2177 1233 2219 II
1265 2192 1308 2232 p.
1338 2181 1377 2230 2,
1397 2181 1420 2218 9
1438 2176 1479 2218 R
1496 2190 1561 2231 sq.
1611 2174 1886 2220 Sozom.V11
1911 2180 1965 2219 23

411 2389 431 2427 1
467 2383 527 2440 μὴ
559 2382 611 2427 δὲ
635 2382 1002 2427 APVIBadTB
1029 2383 1035 2437 Ι
1064 2380 1163 2426 νῦν“
1183 2381 1259 2425 ἐπὶ
1289 2381 1337 2424 in
1361 2395 1493 2439 marg
1516 2383 1577 2438 ΙΙ
1606 2380 1742 2438 δίκην
1772 2383 1807 2426 Ι
1832 2381 1912 2426 sed
1937 2382 1967 2424 ὃ

289 2442 338 2485 in
369 2456 443 2486 ras
475 2442 544 2485 m²
627 2440 762 2498 νίκην
793 2440 904 2484 Bad
935 2443 981 2485 et
1012 2458 1065 2498 γρ
1097 2441 1198 2484 Mor
1326 2446 1351 2483 2
1383 2448 1575 2497 ποιῆσαι
1606 2442 1640 2484 Ι
1665 2441 1745 2485 sed
1775 2456 1886 2496 ποιη
1916 2440 1966 2483 in

289 2514 364 2544 ras
388 2501 457 2544 m²
540 2499 760 2558 γενέσθαι
791 2501 901 2545 Bad
1050 2503 1074 2542 3
1109 2500 1230 2543 ἐστὶν
1261 2502 1368 2556 post
1398 2499 1644 2558 προβάτων
1677 2501 1786 2544 Bad
1807 2499 1909 2542 Mor

291 2565 316 2603 6
350 2561 428 2603 καὶ
459 2575 534 2603 om
558 2561 714 2604 BadB
739 2559 827 2602 Sav
888 2558 1141 2603 cancellavi
1263 2564 1315 2602 11
1346 2557 1404 2602 ἀν
1430 2574 1504 2603 om
1529 2559 1638 2602 Bad
1758 2563 1811 2601 12
1844 2559 1966 2601 διαι-

289 2618 449 2672 τήσαις
480 2619 643 2676 scripsi
669 2632 692 2662 e
719 2619 763 2663 V
831 2616 1086 2672 ὃιαιτήσοις
1109 2619 1218 2662 Bad
1242 2617 1329 2661 Sav
1391 2617 1642 2686 διαιτήσεις
1665 2616 1833 2671 reliqui
1856 2616 1968 2660 libri

290 2677 392 2720 Mor
414 2677 481 2721 Re
604 2682 656 2721 13
690 2679 981 2726 ὃιοικοῦντας
1005 2677 1114 2720 Bad
1129 2676 1231 2720 Mor
1351 2681 1406 2720 14
1435 2672 1546 2730 ἧκεν
1564 2679 1608 2720 Α
1730 2679 1783 2719 15
1816 2674 1867 2719 δὲ
1891 2688 1966 2717 om

290 2737 400 2780 Bad
425 2736 512 2780 Sav
571 2753 618 2780 τε
643 2736 744 2779 Mor
866 2739 920 2778 18
945 2736 1097 2779 αὑτῶν
1120 2737 1193 2790 (ex
1218 2736 1370 2779 αὐτῶν
1395 2740 1511 2790 corr)
1535 2735 1645 2779 Bad
1662 2735 1751 2778 Sav
1812 2734 1967 2777 αυτῶν

289 2794 458 2850 reliqui
489 2794 598 2838 libri
629 2795 730 2839 Mor
753 2795 821 2838 Re
860 2797 866 2851 Ι
905 2794 970 2845 εἰς
1000 2795 1109 2838 Bad
1121 2795 1204 2839 UT
1231 2795 1322 2838 edd
1361 2795 1605 2849 „fortassis
1629 2795 1770 2849 plane
1800 2798 1863 2837 est
1893 2793 1966 2836 de-

292 2855 507 2898 lendum⁴⁸
540 2854 607 2898 Re
632 2856 679 2897 et
703 2853 906 2898 Sintenis
1029 2857 1081 2897 19
1115 2852 1197 2909 μέν
1229 2853 1305 2896 del
1330 2855 1402 2897 Ρα
1435 2855 1481 2896 et
1506 2851 1707 2896 Sintenis
1768 2851 1828 2908 μὴ
1861 2850 1966 2894 coni

290 2912 423 2956 Boiss
467 2914 472 2969 Ι
515 2913 755 2970 βουλοιντο
788 2926 812 2956 e
845 2912 1090 2971 βούλονται
1122 2925 1222 2955 corr
1243 2914 1289 2956 A
