2054 3140
238 103 304 154 16
786 102 1015 146 LIBANII
1046 102 1269 147 ORATIO
1301 103 1386 147 XII

229 236 625 307 κοσμουμένων
671 238 773 290 οὐκ
823 240 973 291 ἔστιν
1024 237 1052 290 ὅ
1100 258 1152 291 τι
1197 239 1270 307 μὴ
1315 240 1610 309 κρύπτεται
1654 247 1728 312 τῷ
1768 241 1916 311 παρὰ

229 328 394 380 τοῦδε
443 329 598 395 φωτί.
675 329 815 395 μόνη
866 327 968 396 γὰρ
1014 326 1113 393 ἥδε
1158 335 1332 394 τιμῶν
1377 328 1467 380 καὶ
1510 327 1776 395 βασιλέως
1821 329 1916 398 ’ἥρ-

230 430 365 485 μοσε
403 417 552 485 τύχῃ.

347 504 427 556 19.
485 502 596 556 Καὶ
633 504 758 573 περὶ
796 502 898 571 μὲν
949 510 1047 555 τοῦ
1095 504 1409 571 πράγματος
1455 504 1627 558 αὐτοῦ
1674 506 1767 559 καὶ
1804 515 1917 559 τῶν

187 612 206 646 5
233 592 321 646 ἀπ’
360 593 531 646 αὐτοῦ
579 600 695 655 τοῖς
733 599 1062 661 μετασχοῦσι
1101 591 1450 660 γιγνομένων
1488 592 1696 664 ἀπόχρη
1736 595 1803 647 τά
1841 595 1916 648 εἰ-

232 680 458 752 ρημένα·
509 683 678 734 πλείω
717 681 818 749 μὲν
858 682 961 749 γὰρ
1003 679 1187 749 ἕτερος
1227 681 1356 743 ἴσως
1394 679 1444 749 γ’
1476 680 1546 735 ἀν
1586 687 1747 752 εἴποι,
1786 682 1917 752 με’μ-

231 779 331 834 ψιν
371 768 421 822 δ’
458 770 560 822 οὐκ
598 768 669 822 ἂν
707 769 1092 838 ἀπειροκαλίας
1131 768 1379 838 ἐκφύγοι.
1456 763 1539 833 οἷς
1579 771 1640 824 δὲ
1677 770 1916 841 ἡγοῦμαι

231 868 344 912 τῶν
382 858 655 927 βασιλέων
695 858 826 911 αὐτὸ
865 857 1094 928 πρέπειν
1125 857 1215 911 καὶ
1245 858 1469 928 προσέτι
1499 878 1563 928 γε
1595 863 1917 929 λυσιτελεῖν,

231 947 479 1001 ἐνταῦθα
527 947 778 999 ὑπειπὼν
824 945 913 999 ἐπὶ
959 948 1025 999 τά
1072 948 1235 1000 λοιπά
1282 948 1595 1016 βαδιοῦμαι.
1672 948 1757 1000 20.
1811 947 1916 1017 ἐγὼ

166 1056 208 1089 10
231 1039 431 1103 νομίζω
471 1036 569 1088 τὸν
607 1035 710 1104 μὲν
750 1037 857 1088 σὺν
894 1034 1057 1110 τέχνῃ
1095 1039 1349 1107 βασιλικῇ
1381 1037 1483 1105 τὴν
1512 1045 1618 1106 γῆν
1637 1038 1917 1097 ,κατευθύ-

231 1144 403 1178 νοντα
442 1123 532 1177 καὶ
571 1125 638 1176 τὰ
675 1124 777 1193 μὲν
810 1121 1086 1192 Ῥωμαίων
1131 1126 1356 1194 κρείττω
1402 1132 1694 1194 ποιοῦντα,
1744 1126 1811 1178 τὰ
1857 1123 1919 1179 δὲ

231 1223 343 1266 τῶν
383 1213 699 1266 ἀντιπάλων
738 1212 973 1281 ἀσθενῆ,
1011 1211 1103 1266 καὶ
1141 1221 1255 1276 τοῖς
1293 1210 1394 1280 μὲν
1431 1213 1783 1282 εὐφροσύνας
1819 1232 1918 1267 πο-

233 1304 475 1372 ρίζοντα,
529 1310 646 1364 τοῖς
693 1302 754 1354 δὲ
806 1303 1037 1370 θρήνων
1091 1302 1344 1372 ἀφορμὰς
1398 1303 1774 1372 περιιστάντα,
1827 1303 1919 1356 καὶ

231 1392 299 1444 τὰ
336 1391 438 1460 μὲν
491 1387 551 1443 εὗ
601 1392 916 1457 διακείμενα
962 1392 1337 1460 φυλάττοντα,
1390 1392 1456 1444 τά
1502 1388 1562 1444 δὲ
1601 1391 1674 1455 ὡς
1723 1390 1919 1461 ἑτέρως

166 1501 208 1534 15
234 1479 674 1550 ἐπανορθοῦντα,
711 1480 889 1551 τούτῳ
928 1481 1029 1549 μὲν
1066 1479 1155 1533 καὶ
1194 1482 1494 1550 προσήκειν
1525 1478 1587 1533 ἐν
1616 1480 1792 1552 τούτῳ
1832 1499 1918 1548 γε-

231 1567 434 1621 νέσθαι
483 1567 575 1622 καὶ
623 1567 820 1638 κέρδος
865 1565 1008 1622 εἶναι
1061 1570 1162 1637 τὴν
1209 1568 1393 1622 ἀίδιον
1445 1570 1679 1638 μνήμην,
1734 1569 1916 1638 ὥσπερ

238 1661 405 1725 Θησεῖ
442 1655 534 1709 καὶ
567 1661 744 1725 Πηλεῖ
780 1655 872 1710 καὶ
906 1658 1229 1726 Παλαμήδει
1259 1655 1351 1710 καὶ
1383 1650 1467 1720 οἷς
1499 1656 1760 1726 ἐμέλησεν
1798 1656 1918 1726 ἀρε-

232 1753 341 1813 τῆς.
403 1746 489 1798 21.
531 1746 651 1799 ὅσοι
683 1743 745 1815 δὲ
775 1747 841 1798 τὰ
871 1742 973 1813 μὲν
1002 1755 1113 1799 τῶν
1146 1747 1365 1799 οἰκείων
1396 1747 1474 1808 εἰς
1508 1749 1727 1815 φαῦλον
1757 1746 1919 1799 κατά-

232 1848 420 1903 γουσι,
466 1835 532 1886 τὰ
579 1834 639 1887 δὲ
684 1843 795 1887 τῶν
842 1833 1109 1887 ἐναντίων
1156 1840 1375 1905 αἴρουσι
1421 1833 1512 1887 καὶ
1563 1835 1920 1899 συνεθίζουσι

168 1944 211 1976 20
235 1931 398 1975 νικᾶν
428 1923 530 1991 μὲν
561 1921 823 1991 ἐκείνους,
864 1923 1064 1986 αὐτοὺς
1097 1923 1158 1976 δὲ
1189 1924 1437 1992 φεύγειν,
1476 1925 1607 1985 τοὺς
1639 1923 1707 1991 δὴ
1738 1923 1918 1976 τοιού-

233 2031 363 2074 τους
403 2011 503 2080 οὐχ
545 2011 689 2074 ὅπως
727 2007 878 2079 οἶμαι
918 2011 1039 2064 δεῖν
1076 2013 1177 2079 τὴν
1209 2010 1263 2074 ἐξ
1294 2011 1507 2064 ὑπάτου
1539 2011 1758 2079 μνήμην
1790 2010 1919 2063 διώ-

234 2120 376 2168 κειν,
439 2099 576 2152 ἀλλὰ
635 2098 726 2152 καὶ
779 2108 894 2162 τοῖς
945 2100 1006 2152 τὸ
1067 2108 1289 2169 πρῶτον
1352 2099 1579 2169 εὑροῦσι
1633 2099 1919 2168 γράμματα

234 2194 579 2258 καταρᾶσθαι
609 2189 700 2240 καὶ
731 2196 930 2257 μισεῖν,
963 2188 1048 2240 ὅτι
1076 2197 1258 2241 κακῶν
1284 2187 1561 2241 ἀπιόντων
1586 2186 1917 2256 ἐπελάβοντο

146 2289 188 2331 R
209 2294 294 2333 374
331 2275 422 2329 καὶ
452 2276 715 2346 κατέσχον
749 2278 756 2346 Ι
791 2277 881 2330 καὶ
912 2277 1013 2345 την
1053 2276 1156 2329 ἀπὸ
1197 2284 1296 2330 τοῦ
1337 2278 1543 2346 χρόνου
1577 2277 1759 2344 λήθην
1789 2274 1918 2328 ἐκώ-

356 2397 408 2435 18
440 2395 494 2436 ub
525 2391 822 2436 Constantius
855 2391 911 2436 cf.
944 2406 989 2448 p.
1016 2396 1085 2447 23,
1113 2396 1166 2435 12
1183 2406 1247 2447 sq.

358 2502 379 2538 1
415 2494 439 2539 ὅ
470 2497 532 2554 τι]
566 2494 589 2540 ὃ
625 2496 669 2540 V
703 2498 710 2553 Ι
743 2511 821 2539 ται
851 2495 900 2539 in
932 2495 1181 2550 κρύπτεται
1212 2495 1261 2538 in
1292 2509 1367 2539 ras
1399 2495 1471 2539 Ρ*
1605 2498 1631 2537 5
1662 2490 1916 2551 γινομένων

247 2555 290 2598 V
405 2559 429 2596 6
469 2552 515 2611 γ’
550 2568 625 2597 om
657 2555 787 2599 UIM
937 2559 960 2597 7
1003 2554 1145 2611 φύγοι
1186 2551 1338 2611 Ula*
1372 2554 1440 2598 Re
1591 2557 1617 2596 8
1652 2567 1703 2608 γε
1734 2551 1914 2609 0111Βὶ

237 2615 482 2656 λυσιτελεῖν
506 2614 541 2655 Ι
567 2613 647 2656 sed
679 2620 747 2657 εῖν
778 2613 827 2656 in
858 2626 932 2656 ras
964 2612 1034 2655 m²
1161 2618 1185 2656 9
1226 2610 1367 2656 ταῦθ’
1406 2612 1550 2656 Cobet
1579 2609 1807 2654 MnemV
1833 2615 1915 2654 111

237 2670 366 2728 (Coll.
396 2673 496 2727 107)
656 2676 708 2715 15
754 2671 976 2726 προσήκει
1007 2672 1117 2715 Fen·
1147 2671 1248 2715 Mor
1407 2675 1459 2714 17
1506 2668 1751 2725 παλαμήδη
1792 2669 1867 2713 UI

238 2734 294 2773 20
327 2730 495 2779 αὑτοὺς
522 2730 591 2775 CI
615 2732 662 2773 et
693 2731 766 2786 (ex
790 2731 959 2780 αὐτοὺς
984 2732 1099 2787 corr)
1126 2730 1188 2772 M
1196 2729 1213 2755 ²
1236 2730 1303 2773 Re
1365 2745 1507 2774 αντον
1539 2729 1584 2773 U
1605 2730 1611 2784 Ι
1639 2727 1691 2772 δὲ
1718 2728 1756 2772 Ο
1782 2727 1864 2771 sed
1888 2726 1915 2783 ὴ

238 2789 499 2845 suprascrf
628 2793 682 2831 21
714 2787 904 2832 ὑπάτων
935 2789 1003 2831 Re
1123 2793 1179 2830 22
1221 2804 1272 2832 το
1303 2795 1485 2843 πρῶτον
1518 2788 1622 2832 VM
1682 2793 1918 2841 τοπρῶτον

238 2848 312 2892 ΙΒ
345 2850 392 2891 et
420 2861 444 2891 e
474 2847 526 2891 τὸ
557 2854 740 2902 πρῶτον
766 2860 866 2890 corr
889 2847 960 2890 ,Ρ3
1081 2851 1135 2890 23
1169 2862 1275 2891 οντο
1307 2846 1356 2890 in
1380 2845 1656 2904 ἐπελάβοντο
1689 2846 1738 2888 in
1760 2858 1835 2888 ras
1859 2844 1917 2889 Ι2

299 2911 354 2949 24
386 2922 440 2951 ον
472 2906 520 2949 in
551 2904 774 2964 κατέσχον
806 2906 855 2948 in
878 2918 952 2948 ras
977 2906 1012 2949 Ι
1018 2904 1034 2930 ²
