2060 3162
693 159 921 203 LIBANH
952 158 1176 204 ORATIO
1210 119 1359 204 ivm
1744 161 1851 214 267

162 295 252 350 καὶ
292 297 648 358 κατακλείσας
694 296 772 358 εἰς
816 303 981 348 τοῦτο
1029 300 1168 367 λιμῷ
1212 296 1399 364 λαβὼν
1449 297 1653 365 ἔπεμψε
1704 297 1854 349 δεδε-

162 385 365 454 μένους
402 391 476 457 τῷ
508 386 737 453 μείζονι,
782 391 1007 452 πρᾶγμα
1045 386 1390 452 καινότατον,
1439 385 1528 437 καὶ
1568 386 1671 453 γὰρ
1719 383 1853 437 ἐκεί-

163 494 283 536 νοις
335 475 502 541 νόμος
546 473 580 542 ἢ
626 480 790 525 νικᾶν
835 472 867 541 ἢ
914 474 1147 525 πίπτειν.
1226 471 1343 526 ἀλλ’
1382 474 1526 541 ὅμως
1575 471 1853 541 ἐδέθησαν

162 563 380 630 ταύτόν,
420 557 596 630 οἶμαι,
639 563 916 623 παθόντες
953 570 1070 623 τοῖς
1108 559 1170 613 ἐν
1210 564 1539 632 Σφακτηρίᾳ
1577 562 1852 615 Λάκωσιν.

162 649 408 713 ἐκείνους
446 646 549 716 μὲν
588 645 692 702 οὗν
733 649 917 718 λαβὼν
956 648 985 702 ὁ
1025 652 1287 717 βασιλεὺς
1326 650 1476 721 δῶρά
1515 669 1573 702 τε
1612 650 1854 719 ὠνόμαζε
1901 671 1921 704 5
1975 711 1978 715 <

162 740 253 792 καὶ
292 748 406 802 τοῖς
452 738 626 792 αὑτοῦ
673 741 856 808 λόχοις
903 736 1120 805 ἀνέμιξε
1165 739 1414 807 πύργους
1460 740 1614 801 τινας
1660 741 1855 808 σφίσιν

162 827 626 896 ἑγκαταμιγνύναι
662 828 953 880 πιστεύων.
1032 827 1207 890 οὕτως
1254 826 1375 880 ἀντὶ
1415 830 1638 880 πολλῶν
1677 828 1854 895 σωμά-

162 937 274 970 των
311 916 536 979 ἕκαστος
580 912 664 984 ἦν.
744 916 828 968 71.
883 916 946 968 ἓν
990 913 1093 984 μὲν
1130 918 1326 969 τοίνυν
1372 924 1537 969 τοῦτο
1585 924 1856 970 τοσοῦτον

163 1007 330 1074 ἔργον
369 1006 698 1074 χειμερινόν,
738 1003 929 1074 ἕτερον
968 1001 1028 1057 δὲ
1068 1005 1171 1057 οὐκ
1216 1002 1458 1058 ἔλαττον.
1536 1008 1703 1068 ἔθνος
1749 1006 1854 1074 γὰρ

163 1094 298 1146 ὅλον
345 1092 605 1163 ἐξαίφνης
654 1092 932 1146 καταθέον
976 1094 1078 1162 τὴν
1127 1095 1314 1162 χώραν
1369 1096 1489 1147 ἔθει
1536 1094 1638 1163 μὲν
1692 1094 1857 1156 αὐτὸς
1881 1115 1923 1147 10

163 1183 236 1245 ὡς
275 1181 474 1245 ἐξελῶν
520 1183 653 1250 μετὰ
691 1191 804 1235 τῶν
843 1182 1143 1251 φυλάττειν
1188 1181 1536 1251 τεταγμένων
1581 1183 1643 1235 τὸ
1684 1183 1857 1247 πιεζό-

163 1292 352 1340 μενον,
393 1272 446 1324 οῑ
487 1268 548 1324 δὲ
588 1272 915 1338 αἰσθόμενοι
954 1278 1055 1324 τοῦ
1097 1272 1307 1341 δρόμου
1341 1271 1661 1340 φθάσαντες
1699 1271 1858 1324 αὐτοὶ

164 1362 294 1422 τοὺς
333 1361 631 1427 πολεμίους
670 1358 932 1427 ἐξέβαλον
996 1362 1002 1428 1
1068 1359 1445 1428 ἀποβαλόντας
1491 1360 1594 1412 οὐκ
1634 1360 1747 1412 ὀλί-
1797 1372 1945 1415 R546

163 1469 308 1516 γους.
379 1448 555 1511 οὕτως
593 1448 622 1502 ὁ
662 1451 922 1517 βασιλεὺς
960 1450 1153 1518 παρών
1191 1468 1248 1501 τε
1287 1449 1378 1500 καὶ
1409 1448 1625 1517 μέλλων
1656 1448 1858 1516 ὁμοίως

164 1537 330 1590 ἐνίκα.
410 1537 493 1589 72.
534 1538 623 1590 καὶ
663 1544 834 1590 ταῦτα
873 1539 1138 1607 ἔπραττεν
1177 1535 1236 1590 ἐκ
1276 1536 1458 1605 μέσων
1497 1536 1857 1605 ἀνιστάμενος
1882 1557 1923 1590 15

163 1626 252 1678 καὶ
307 1627 426 1679 τότε
479 1635 591 1678 τῶν
646 1628 895 1695 βιβλίων,
956 1628 1168 1692 μᾶλλον
1223 1625 1283 1678 δὲ
1338 1634 1532 1694 χωρῶν
1587 1623 1674 1677 ε’πὶ
1724 1626 1858 1687 τοὺς

164 1712 453 1775 ἐναντίους
492 1714 625 1779 μετὰ
662 1714 877 1766 τούτων
924 1713 1126 1783 ἐχώρει.
1204 1713 1286 1766 ἀεὶ
1334 1714 1437 1782 γὰρ
1486 1709 1631 1782 εἶχεν
1673 1711 1735 1765 ἐν
1774 1732 1858 1782 χε-

165 1809 291 1870 ροῖν
329 1801 362 1869 ἢ
400 1803 632 1868 βίβλους
670 1802 702 1870 ἢ
743 1801 884 1855 ὅπλα
924 1804 1162 1870 νομίζων
1210 1802 1418 1870 μεγάλα
1462 1803 1703 1870 πόλεμον
1748 1801 1857 1853 ὑπὸ

164 1891 366 1958 σοφίας
405 1889 745 1958 ὠφελεῖσθαι
784 1891 875 1943 καὶ
910 1892 1068 1957 μείζω
1103 1909 1163 1957 γε
1195 1889 1388 1959 φέρειν
1419 1889 1600 1959 ῥοπὴν
1630 1888 1858 1957 βασιλέα

165 1979 539 2046 βουλεύεσθαι
579 1979 894 2046 δυνάμενον
924 1978 957 2047 ἢ
994 1981 1323 2048 μαχόμενον.
1402 1978 1485 2031 73.
1526 1978 1721 2031 αὐτίκα
1753 1978 1856 2030 δύο
1882 1999 1927 2032 20

163 2067 320 2119 ταυτὶ
359 2076 475 2130 πῶς
514 2068 579 2120 οὐ
621 2067 1042 2121 λυσιτελέστατα
1079 2068 1181 2135 μὲν
1219 2076 1333 2130 τοῖς
1382 2068 1592 2134 ἄλλοις,
1640 2067 1859 2135 γνώμης

289 2293 310 2331 1
345 2287 495 2331 Amm.
520 2287 649 2331 XVII
673 2292 713 2342 2,
732 2292 757 2330 3
880 2293 907 2331 4
939 2287 1081 2331 Thuo.
1109 2287 1172 2330 IV
1199 2291 1253 2331 38

288 2499 312 2536 3
347 2492 507 2549 νόμοις
531 2495 615 2538 Mo
743 2499 768 2536 5
802 2495 955 2552 λαβὼν
988 2493 1012 2538 ὁ
1046 2493 1211 2550 scripsi
1243 2495 1432 2538 auctore
1465 2491 1622 2536 Gasda
1653 2506 1679 2537 ο
1710 2492 1801 2535 Par

169 2551 194 2596 ὃ
226 2553 380 2611 λαβὼν
412 2552 580 2608 reliqui
610 2552 722 2596 libri
753 2552 843 2597 edd
878 2556 884 2609 1
920 2554 1073 2607 δῶρον
1108 2554 1151 2597 V
1175 2552 1404 2608 probante
1437 2551 1594 2596 Gasda
1621 2553 1627 2607 1
1656 2548 1860 2607 ὠνόμαζε

170 2613 246 2656 La
277 2611 357 2655 sed
392 2630 425 2655 ω
452 2626 488 2668 p
550 2609 730 2667 ἐνόμισε
762 2612 868 2655 coni
890 2611 992 2655 Mor
1111 2617 1137 2655 6
1171 2612 1314 2656 αὐτοῦ
1339 2611 1552 2656 LalMP
1580 2610 1662 2654 sed
1693 2609 1741 2653 in
1773 2609 1861 2653 hoc

170 2669 289 2713 lenis
309 2670 358 2713 in
383 2683 480 2727 asp.
507 2684 608 2714 corr
630 2670 713 2723 m³‚
754 2671 886 2715 BMo
948 2676 1092 2714 αυτοῦ
1121 2671 1166 2716 U
1199 2673 1205 2726 Ι
1241 2667 1401 2726 σφίσιν
1426 2683 1502 2713 om
1525 2670 1601 2714 La
1750 2672 1776 2711 9
1809 2667 1861 2713 δὲ

171 2743 246 2772 om
269 2729 372 2772 Mor
462 2726 507 2773 δ’
536 2729 605 2772 Re
781 2733 833 2772 11
868 2728 1030 2782 ἐξελὼν
1056 2729 1190 2773 13Mo
1202 2730 1406 2774 VIMLa
1445 2728 1527 2773 sed
1557 2728 1608 2771 in
1639 2728 1727 2772 hoc
1759 2730 1782 2769 λ
1814 2728 1862 2770 et

168 2789 390 2831 accentus
422 2787 471 2831 in
501 2801 576 2831 ras
609 2801 664 2830 ex
695 2789 770 2839 λθ,
802 2789 856 2830 ut
885 2788 1082 2841 videm,
1115 2801 1216 2831 corr
1240 2803 1273 2831 ‘n
1426 2792 1478 2831 12
1523 2784 1862 2841 αἰσθανόμενοι

172 2846 248 2890 La
385 2851 438 2890 13
471 2845 712 2904 ἐξέβαλλον
737 2847 812 2890 La
839 2848 846 2902 Ι
874 2845 1199 2904 ἀποβαλόντας
1224 2847 1263 2892 G
1289 2846 1371 2891 sed
1395 2861 1443 2897 ες
1466 2859 1606 2901 supra
1631 2862 1688 2895 ας
1709 2858 1794 2901 pos
1818 2859 1862 2888 m

203 2903 824 3004 βπ
970 2909 1027 3006 12⁷1
1054 2903 1862 3018 23202255322121‚05213’520ffi2v
