2054 3140
642 131 823 176 LIBAN
825 131 869 176 11
899 130 1121 175 ORATIO
1155 131 1238 175 XII
1718 132 1790 184 29

221 268 306 321 54.
362 269 450 320 Σὺ
498 267 599 334 μὲν
637 263 741 320 οὗν
780 267 883 320 ἀπὸ
922 274 1022 320 τοῦ
1062 269 1327 337 τροπαίου
1366 267 1533 320 πάλιν
1573 266 1659 320 ἐπὶ
1698 269 1792 331 τὰς

112 358 344 420 Μούσας
397 355 653 427 ἐτρέπου,
707 357 959 426 καθάπερ
1014 355 1257 425 ἀθλητὴς
1310 354 1398 409 ἐπὶ
1451 357 1793 426 παλαίστραν

113 445 217 498 ἀπὸ
257 445 557 514 στεφάνου,
604 445 694 498 καὶ
731 446 798 498 τὰ
837 445 976 498 ὅπλα
1013 444 1384 511 καταθέμενος
1422 443 1792 513 ἀνελάμβανες

111 535 178 586 τὰ
221 535 428 602 βιβλία,
473 531 599 603 παρ’
640 529 719 587 ὧν
766 532 1030 603 ὁρμηθεὶς
1066 531 1158 586 καὶ
1195 534 1297 601 τὴν
1346 535 1507 602 νίκην
1546 533 1790 587 ἀνείλου·

110 625 313 692 πλήθει
366 623 470 692 γὰρ
525 621 949 691 ἀντιταττομένῃ
1005 624 1176 690 σοφία
1222 623 1448 691 κρείττω
1501 631 1647 676 ποιεῖ
1695 623 1793 676 τὸν
1839 642 1858 675 5

112 712 499 780 συνετώτερον.
575 710 661 763 55.
702 710 1066 779 ἀφικνοῦνται
1099 710 1164 763 δέ
1194 724 1282 763 σοι
1313 718 1408 779 τῆς
1447 710 1607 779 δόξης
1642 712 1793 781 αἰρο-

111 799 277 870 μένης
316 799 418 852 ούκ
456 799 718 870 ὀρχησταὶ
756 797 846 852 καὶ
884 807 1040 868 μῖμοι
1079 798 1314 868 γέλωτος
1354 798 1605 869 ἀφορμὰς
1642 802 1795 869 κομί-

111 891 293 954 ζοντες
332 886 450 941 οὐδ’
483 886 713 956 αὐληταὶ
751 886 842 941 καὶ
880 886 1190 959 κιθαρῳδοὶ
1223 888 1464 941 δείπνων
1494 890 1795 958 χρησίμους

113 976 495 1041 ἐξελαύνοντες
530 977 536 1045 Ι
572 979 787 1044 λόγους,
828 977 965 1030 ἀλλὰ
1003 980 1179 1045 σμήνη
1219 996 1277 1030 τε
1316 977 1565 1047 ρητόρων
1603 975 1694 1030 καὶ
1733 990 1775 1032 R
1797 994 1881 1033 385

110 1068 420 1135 φιλόσοφος
474 1065 801 1134 Ἀθήνηθεν,
854 1066 1016 1128 καλὸς
1069 1066 1171 1135 μὲν
1226 1066 1390 1134 ἰδεῖν,
1443 1067 1680 1119 καλλίων
1735 1064 1795 1120 δὲ
1820 1087 1862 1120 10

114 1157 442 1224 χρήσασθαι,
481 1158 739 1208 πλεῖστον
776 1154 877 1224 μὲν
916 1154 1233 1224 ἀνθρώπων
1270 1153 1413 1224 ἔχων
1443 1163 1600 1224 νοῦν,
1641 1154 1702 1208 ἐν
1734 1155 1796 1209 δὲ

112 1245 297 1311 λόγοις
328 1244 551 1313 ἄριστος
583 1239 724 1296 εἶναι
756 1247 967 1313 μᾶλλον
997 1243 1030 1312 ἢ
1064 1242 1219 1307 δόξαι
1249 1246 1563 1313 βουληθείς.
1617 1243 1701 1297 56.
1736 1244 1796 1306 ὃς

112 1332 179 1384 τὰ
238 1332 340 1399 μὲν
394 1330 711 1401 ἐπαινέσας,
771 1331 897 1402 περὶ
950 1330 1011 1386 δὲ
1071 1342 1183 1386 τῶν
1244 1333 1795 1402 συμβουλευσάμενος

112 1419 477 1490 ἀπηλλάττετο
519 1422 704 1491 δῶρον
734 1422 935 1490 λαβών,
972 1421 1001 1474 ὃ
1032 1423 1202 1488 μόνος
1232 1420 1503 1490 βασιλέων
1534 1420 1794 1489 δέδωκας,

110 1505 211 1576 ἔπη
264 1509 362 1562 τὸν
409 1510 586 1579 ἄνδρα
630 1511 925 1578 μηνύοντα.
1002 1511 1051 1563 εἰ
1098 1507 1158 1563 δὲ
1198 1512 1600 1579 Πεισίστρατον
1645 1509 1795 1563 ἐπαι-
1819 1530 1860 1563 15

114 1604 321 1665 νοῦμεν
366 1597 505 1667 ὑπὲρ
556 1605 652 1665 τῆς
697 1606 808 1650 τῶν
855 1596 1018 1669 ἑτέρῳ
1071 1597 1452 1666 πεποιημένων
1504 1602 1794 1668 συλλογῆς,

114 1692 222 1737 ποῦ
261 1687 510 1753 θήσομεν
547 1686 645 1738 τὸν
675 1684 911 1755 Ὁμήρου
950 1689 1208 1755 μιμητήν;
1713 1745 1715 1748 ,

221 1772 306 1825 57.
366 1771 522 1826 Ἀλλὰ
559 1774 663 1843 γὰρ
703 1767 786 1837 οἷς
823 1776 952 1837 τοὺς
988 1776 1284 1844 πολεμίους
1322 1773 1615 1844 ἐξέκοπτες,
1662 1777 1795 1845 μετὰ

233 2010 286 2049 10
318 2005 553 2061 Πρίσκοςῖ)
586 2006 642 2050 cf.
660 2006 825 2051 Iulian.
852 2021 923 2064 ep.
942 2013 981 2051 3.
1003 2012 1070 2052 71.
1135 2008 1314 2065 Eunap.
1339 2009 1420 2053 vit.
1446 2009 1575 2066 soph.
1607 2025 1652 2066 p.
1680 2014 1750 2066 65,
1770 2014 1794 2053 7
1856 1989 1862 1997 ⁸

112 2065 183 2108 ed.
214 2065 359 2109 Boiss.
394 2065 554 2110 Liban.
587 2066 670 2110 vit.
704 2071 729 2120 ξ
764 2071 847 2110 123
878 2069 911 2111 t.
937 2066 959 2110 I
987 2082 1031 2124 p.
1062 2071 1159 2123 142,
1185 2073 1210 2112 6

233 2292 255 2330 1
298 2295 381 2332 τοῦ
414 2303 489 2332 om
515 2289 588 2333 UI
700 2294 726 2333 5
769 2289 892 2333 inter
923 2290 1027 2333 ἀντι
1059 2291 1106 2334 et
1135 2288 1386 2347 ταττομένη
1417 2303 1580 2334 rasura
1611 2295 1638 2334 4
1668 2290 1796 2334 litte-

111 2359 267 2390 rarum
297 2347 348 2390 in
378 2348 414 2390 I
477 2347 963 2405 ἀντιπαραταττομένη
1003 2349 1108 2393 UM
1231 2354 1256 2393 6
1289 2348 1426 2406 δόξης
1456 2350 1559 2405 AP,
1591 2349 1641 2394 in
1663 2363 1797 2407 marg

142 2407 219 2460 ραι
248 2411 331 2461 τῆς
367 2406 508 2465 τύχης
538 2406 680 2452 A²P⁸
760 2407 901 2464 τύχης
933 2408 980 2463 Ο,
1019 2408 1069 2451 111
1099 2421 1233 2466 marg
1270 2411 1379 2466 γραι
1410 2407 1548 2466 δόξης
1576 2409 1606 2463 f
1658 2410 1798 2467 τύχης

151 2477 223 2508 err
252 2464 353 2508 Mor
388 2467 394 2522 Ι
431 2464 687 2522 ἐρρωμένης
715 2466 784 2511 Re
807 2467 946 2510 Anim
1097 2471 1121 2510 7
1153 2465 1281 2524 μίμοι
1323 2468 1472 2512 VUM
1616 2473 1642 2511 8
1687 2468 1796 2513 οὐδὲ

122 2523 224 2568 VM
371 2528 425 2568 10
463 2525 604 2576 καλὸς
642 2539 667 2569 e
698 2527 845 2575 καλῶς
884 2540 984 2569 corr
1018 2525 1076 2571 Cf
1223 2531 1275 2569 11
1323 2529 1535 2572 πλεῖστον
1575 2527 1740 2583 scripsi
1772 2541 1796 2572 e

122 2582 300 2626 VIBM
332 2596 436 2626 cum
468 2582 639 2628 Cobetzo
670 2583 838 2628 Mnem.
856 2584 899 2628 V
925 2589 1005 2628 111
1031 2583 1284 2643 (0011107)
1367 2584 1589 2630 πλείστων
1626 2585 1797 2643 reliqui

113 2639 223 2684 libri
252 2641 344 2685 nisi
375 2642 500 2697 quod
530 2641 686 2686 πλείστ
716 2657 821 2687 cum
850 2657 1012 2687 rasura
1036 2649 1061 2687 2
1093 2643 1356 2689 litterarum
1386 2644 1530 2688 habet
1561 2646 1612 2699 U,
1645 2645 1737 2689 edd

117 2703 171 2742 13
217 2714 307 2756 συμ
344 2702 452 2744 ante
481 2701 855 2802 ίβουλευσάμενος
891 2703 1016 2747 inser
1046 2703 1113 2748 Α2
1264 2707 1319 2747 14
1364 2705 1472 2760 post
1509 2702 1533 2748 ὃ
1575 2717 1738 2748 rasura
1770 2710 1792 2747 1

113 2755 319 2813 litterae,
350 2762 404 2804 ut
433 2760 478 2803 vi
514 2762 616 2804 elmi·
646 2775 686 2814 σ,
711 2763 757 2805 Β
798 2763 804 2818 Ι
847 2761 1069 2819 βασιλέων
1109 2775 1132 2806 e
1175 2763 1427 2821 βασιλεύων
1466 2776 1549 2819 per
1585 2776 1796 2807 rasuram

116 2828 216 2859 corr
239 2817 277 2862 0
395 2823 448 2862 15
480 2834 591 2862 num
621 2819 890 2875 ὑμνοῦνταῖ
1013 2825 1065 2864 16
1098 2820 1254 2876 ἑτέρωι
1285 2835 1341 2865 ex
1371 2820 1537 2877 ἑτέρων
1561 2835 1645 2878 per
1667 2835 1795 2865 rasu-

114 2887 216 2918 ram
246 2890 348 2920 con·
368 2878 405 2920 I
457 2876 631 2932 ἑτέροισ
656 2880 719 2923 Μ
745 2878 827 2922 sed
858 2893 930 2923 οισ
961 2879 1010 2922 111
1041 2893 1115 2924 ras
1177 2879 1331 2936 ὃμήρω
1356 2882 1402 2925 Β
1428 2883 1435 2937 Ι
1462 2879 1795 2938 πεπονημένων

119 2933 182 2977 Μ
295 2939 350 2978 17
382 2952 432 2992 μι
463 2935 514 2980 in
543 2936 740 2994 μιμητήν
771 2938 822 2981 in
850 2951 926 2981 ras
958 2939 993 2982 I
999 2937 1016 2963 ²
