2060 3162
263 153 366 205 122
812 152 1039 195 LIBANII
1071 151 1293 196 ORATIO
1325 152 1409 197 XV

256 289 599 358 ἡμερότητος,
638 289 709 356 ἣν
740 285 949 354 ἔπεμψέ
979 307 1043 354 με
1075 295 1182 341 νῦν
1213 290 1506 357 αἰτήσοντα
1536 291 1692 351 πόλις
1723 288 1940 358 ἀτυχής,

257 378 305 430 εἰ
345 374 405 429 δὲ
443 377 657 445 βούλει,
696 379 993 447 προπετής,
1039 378 1196 439 πόλις
1235 375 1322 430 ἐπὶ
1361 374 1462 444 μὲν
1500 386 1614 440 τοῖς
1662 386 1779 440 σοῖς
1818 397 1940 448 τρο-

256 468 437 528 παίοις
497 463 762 533 ἡδομένη,
825 473 941 527 ταῖς
997 463 1046 516 δ’
1085 465 1252 534 αὑτῆς
1307 467 1504 528 αἰτίαις
1558 465 1940 535 αἰσχυνομένη.

257 553 303 605 ἵ).
344 555 603 622 πεποίηκε
643 554 707 607 δέ
742 574 834 620 μοι
873 555 974 622 τὴν
1013 556 1361 624 χειροτονίαν
1399 555 1525 608 οὔτε
1556 555 1617 607 τὸ
1652 553 1799 622 γένει
1830 564 1942 608 τῶν

212 665 232 696 5
258 643 440 696 ἄλλων
480 642 768 711 διαφέρειν
800 643 926 695 οὔτε
958 644 1019 696 τὸ
1053 645 1232 714 χρόνῳ
1271 646 1534 713 προήκειν
1567 643 1697 696 οὐδὲ
1727 648 1942 712 πλῆθος

256 734 617 802 λειτουργιῶν
656 728 787 784 οὐδὲ
826 732 887 784 τὸ
928 732 999 800 μὴ
1038 732 1319 784 δύνασθαι
1349 733 1476 794 τοὺς
1508 733 1707 794 ἄλλους
1739 730 1940 799 λέγειν·

256 818 361 873 εἰσὶ
401 821 523 890 γάρ,
578 818 721 873 εἰσὶν
766 821 900 889 ἡμῖν
947 821 1143 890 ἄνδρες
1194 819 1255 873 ἐν
1293 821 1576 873 παιδεύσει
1622 819 1712 873 καὶ
1760 823 1942 888 λόγοις

255 908 626 978 τεθραμμένοι
676 910 766 962 καὶ
805 908 930 980 περὶ
970 910 1304 979 πραγμάτων
1352 907 1530 963 ἱκανοὶ
1569 910 1941 978 διαλεχθῆναι.

257 999 303 1050 6.
353 996 467 1051 ἀλλ’
508 996 596 1051 ἐπὶ
643 999 850 1067 ταύτην
886 1017 953 1065 με
992 999 1093 1066 τὴν
1131 1000 1429 1068 πρεσβείαν
1467 996 1756 1067 κατέστησε
1797 1007 1942 1069 πρῶ-

187 1109 231 1140 10
255 1107 353 1140 τον
405 1087 506 1154 μὲν
560 1088 626 1139 τὰ
679 1095 793 1150 τοῖς
847 1087 1200 1149 διδασκάλοις
1260 1086 1368 1139 ὑπὸ
1424 1095 1534 1140 τῶν
1588 1087 1942 1155 ὡμιληκότων

255 1175 584 1244 ὀφειλόμενα
622 1175 773 1246 χρέα·
828 1177 1114 1229 πεπείκασι
1162 1176 1265 1245 γὰρ
1315 1175 1540 1243 αὑτούς,
1587 1176 1660 1238 ὡς
1706 1173 1832 1243 ἐμὸς
1872 1177 1940 1228 σὺ

254 1267 525 1333 μαθητής,
577 1264 678 1318 οὐκ
717 1264 851 1334 ἐμοῦ
891 1272 1061 1317 ταῦτα
1109 1263 1614 1332 ἀλαζονευσαμένου
1661 1264 1798 1334 πρὸς
1843 1265 1942 1332 τὴν

254 1355 437 1421 πόλιν,
485 1352 602 1406 ἀλλ’
642 1353 673 1422 ἡ
720 1362 831 1406 τῶν
870 1355 1051 1421 λόγων
1090 1352 1343 1422 ὁμοιότης
1388 1354 1489 1422 τὴν
1527 1352 1693 1416 δόξαν
1738 1354 1943 1421 ταύτην

165 1455 313 1498 R453
369 1443 622 1510 εἰσήγαγε
683 1442 773 1494 καὶ
830 1440 837 1513 Ι
895 1440 1013 1495 οὐδ’
1061 1441 1132 1495 ἂν
1181 1443 1234 1494 οἱ
1284 1442 1513 1511 χρησμοὶ
1567 1442 1941 1510 μεταβάλοιεν,

190 1553 232 1585 15
259 1531 330 1592 ὡς
392 1530 459 1583 οὐ
520 1531 657 1601 πρὸς
717 1527 810 1598 ἐμὲ
873 1533 942 1583 σὺ
1005 1530 1223 1599 βλέπων
1284 1538 1511 1584 τοιαῦτα
1579 1532 1943 1599 δημιουργεῖς.

258 1620 304 1670 7.
361 1619 422 1671 ἓν
460 1616 562 1687 μὲν
600 1627 764 1672 τοῦτο
803 1621 934 1681 τοὺς
974 1619 1312 1690 ἀνθρώπους
1357 1617 1678 1689 περιέστησέ
1720 1639 1815 1685 μοι
1853 1619 1943 1671 καὶ

256 1707 595 1777 παρέστησεν
649 1706 897 1776 ἐλπίδας,
960 1709 1032 1770 ὡς
1094 1709 1399 1778 αἰδεσθήσῃ
1461 1709 1563 1776 τὴν
1617 1706 1943 1774 συγγένειαν

255 1806 365 1849 τῶν
421 1799 617 1865 λόγων,
679 1795 870 1866 ἕτερον
924 1793 984 1849 δὲ
1040 1796 1072 1849 ἃ
1127 1806 1299 1863 τιμῶν
1353 1796 1723 1858 διατετέλεκας
1775 1795 1943 1865 θέρος

258 1885 391 1937 ὅλον
426 1884 516 1937 καὶ
547 1894 786 1953 χειμῶνα
817 1889 1019 1954 καλῶν,
1059 1887 1555 1954 μεταπεμπόμενος,
1596 1883 1941 1951 ἐπιστέλλων,

187 1996 233 2028 20
259 1972 516 2041 λέγοντος
577 1973 869 2042 ἡδόμενος,
933 1973 1239 2042 ἀχθόμενος
1302 1983 1581 2041 σιγῶντος.
1659 1969 1789 2025 οὐδὲ
1842 1972 1942 2039 τὴν

257 2061 569 2131 ἀγρυπνίαν
629 2062 909 2130 ἠγνόησαν
970 2062 1040 2130 ἣν
1095 2060 1242 2130 ε’ρεῖν
1295 2060 1430 2114 ποτέ
1486 2082 1594 2129 μου
1647 2059 1941 2126 μέλλοντος

255 2151 555 2219 ἠγρύπνεις
595 2150 688 2202 διὰ
725 2151 821 2212 τὰς
861 2148 923 2202 ἐν
960 2157 1078 2211 ταῖς
1116 2150 1395 2211 τοιαύταις
1435 2148 1725 2211 ἐπιδείξεσι
1763 2148 1941 2216 τύχας.

259 2239 304 2291 8.
345 2238 410 2291 τά
449 2258 509 2306 γε
548 2239 657 2307 μὴν
696 2238 819 2307 περὶ
859 2244 957 2290 τοῦ
1000 2240 1173 2306 σίτου,
1215 2235 1286 2289 δι’
1318 2236 1383 2289 ὃν
1423 2238 1573 2290 ἔστιν
1612 2237 1743 2305 ἡμῖν
1781 2235 1814 2304 ἡ
1846 2238 1941 2288 πό-

258 2330 358 2394 λις,
398 2328 445 2379 εἰ
484 2328 588 2397 γὰρ
627 2327 699 2395 μὴ
732 2328 852 2379 τότε
891 2324 1105 2378 ἐκεῖνον
1143 2323 1347 2387 ἔδωκας
1387 2324 1632 2393 ἐγκαλῶν
1671 2323 1810 2393 ὁμοῦ
1849 2323 1939 2377 καὶ

376 2448 431 2485 23
464 2441 548 2485 Iul.
575 2442 676 2485 Mis.
711 2457 755 2498 p.
784 2446 867 2484 369
885 2442 926 2484 A
944 2456 1009 2496 sq.

377 2550 399 2588 l
433 2544 492 2600 ἣν
516 2546 561 2589 A
594 2546 675 2589 sed
706 2563 733 2588 ν
764 2546 814 2588 in
837 2559 912 2588 ras
938 2550 963 2588 2
995 2545 1074 2588 litt
1097 2543 1166 2587 m2
1286 2549 1311 2586 2
1345 2542 1477 2594 πόλις
1507 2544 1555 2585 in
1584 2556 1717 2599 marg
1749 2542 1872 2586 inser
1895 2542 1940 2585 A

317 2608 342 2646 3
375 2611 518 2661 αυτῆς
549 2605 592 2648 U
730 2608 755 2647 5
787 2604 839 2648 τὸ
871 2606 904 2647 Ι
931 2604 1012 2648 sed
1045 2604 1068 2647 ὸ
1101 2603 1151 2647 in
1180 2616 1256 2646 ras
1280 2602 1350 2645 m⁸
1485 2606 1509 2644 6
1542 2602 1677 2656 ,,Οοά.
1715 2602 1819 2645 Ven.
1852 2605 1941 2645 445

258 2668 361 2706 teste
386 2664 549 2707 Bastio
579 2663 631 2707 τὸ
657 2663 896 2707 δύνασθαι
925 2661 1055 2718 παρὰ
1085 2663 1219 2712 τοὺς“
1244 2662 1453 2705 Boisson.
1577 2664 1631 2703 10
1662 2659 1792 2715 παρὰ
1819 2661 1903 2704 VB
1931 2661 1934 2716 ξ

258 2719 550 2777 ὡμιληκότων
585 2722 620 2765 Ο
656 2722 738 2765 sed
771 2739 787 2765 ι
817 2722 867 2765 in
897 2736 972 2765 ras
1003 2721 1145 2778 paulo
1176 2721 1351 2764 maiore
1383 2719 1453 2763 m²
1484 2721 1531 2762 et
1562 2736 1596 2762 ω
1631 2732 1730 2761 corr
1761 2732 1817 2762 ex
1848 2735 1871 2762 ο
1903 2733 1938 2772 s,

258 2782 305 2823 et
335 2779 383 2822 in
418 2779 640 2836 ὁμιλητῶν
673 2795 773 2824 corr
802 2796 862 2824 m.
895 2795 983 2824 rec.
1020 2781 1063 2823 V
1237 2783 1289 2822 11
1335 2778 1505 2828 αὐτοὺς
1538 2779 1582 2823 U
1613 2779 1660 2822 et
1690 2777 1739 2819 in
1771 2778 1940 2827 αὐτοὺς

259 2840 410 2882 corrI
524 2844 578 2882 14
603 2839 926 2897 μεταβάλλοιεν
954 2841 998 2884 U
1002 2837 1180 2883 VIBM
1297 2842 1350 2881 18
1383 2838 1444 2888 ὡς
1466 2836 1542 2880 vel
1567 2833 1635 2880 ὅτι
1660 2837 1763 2879 coni
1782 2835 1938 2879 Gasda

259 2902 313 2940 22
347 2895 593 2950 ἐπιδείξεσι
616 2898 660 2940 Α
693 2898 773 2940 sed
797 2915 813 2941 ι
837 2898 1040 2954 primum
1063 2897 1145 2950 m2,
1178 2899 1223 2941 P
1252 2897 1334 2940 sed
1358 2911 1378 2940 ε
1402 2895 1603 2951 primum
1627 2897 1674 2938 et
1698 2912 1714 2937 ι
1737 2895 1939 2950 primum

258 2957 306 2998 in
331 2969 405 2999 ras
429 2957 497 2998 m⁴
560 2955 805 3008 ἐπιδείξεσι
828 2957 968 3013 τύχας
999 2957 1047 2998 in
1069 2970 1202 3012 marg
1227 2955 1282 2999 I2
1402 2959 1456 2998 23
1492 2952 1543 2999 ὅν
1569 2955 1690 2999 ἐστιν
1715 2953 1823 2997 libri
1848 2953 1939 2996 edd
