2054 3140
697 112 924 156 LIBANH
958 110 1180 156 ORATIO
1213 111 1297 156 ΧΠ
1782 111 1846 163 11

167 257 438 316 κιμοῦσαν
477 248 718 317 δύναμιν
756 246 962 317 ἐλέγχει
994 256 1105 300 τῶν
1137 249 1315 317 ἔργων
1346 247 1378 316 ἡ
1411 248 1594 316 φύσις,
1633 254 1851 315 κοῦφον

165 339 268 406 ἤδη
302 339 546 406 γίγνεται
576 337 666 388 καὶ
697 342 771 408 τῷ
799 335 1122 407 φαυλοτέρςο
1154 336 1287 402 μετὰ
1317 343 1416 388 τοῦ
1449 337 1731 405 βελτίονος
1762 354 1850 388 νε-

165 430 428 494 νικῆσθαι
467 425 557 477 καὶ
595 433 711 487 τοῖς
750 423 1000 493 ἀμείνοσι
1046 422 1159 493 μετ’
1198 423 1464 493 ἀλλήλων.
1542 425 1590 477 6.
1638 424 1704 477 οὐ
1743 425 1849 494 γὰρ

167 514 309 568 οὕτω
349 515 409 567 τὸ
449 522 562 566 τῶν
599 512 849 582 πράξεων
881 512 1293 582 ἀπολειφθῆναι
1323 521 1438 576 τοῖς
1469 512 1691 582 λέγουσι
1723 514 1850 581 φαί-

164 622 314 657 νεται
364 604 565 671 δεινόν,
620 603 692 665 ὡς
745 603 806 655 τὸ
853 604 983 665 τοὺς
1035 602 1137 671 μὲν
1187 603 1430 671 ἰσχύσαι,
1484 604 1615 664 τοὺς
1664 598 1725 654 δὲ
1777 602 1850 670 μὴ
1897 622 1916 655 5

165 692 495 760 δυνηθῆναι.
572 691 710 744 ὅπου
752 687 812 743 δὲ
850 701 961 743 τῶν
1001 690 1381 744 ἐπαινούντων
1426 692 1492 743 τὰ
1538 699 1650 743 τῶν
1699 689 1849 744 ἐπαι-

163 778 451 849 νουμένων
481 781 620 833 καλὰ
650 781 1041 849 περιγίγνεται,
1082 777 1278 842 δέξαιτ’
1309 778 1378 832 ἂν
1417 778 1642 841 ἕκαστος
1681 779 1850 832 εἰπὼν

163 876 496 937 κοινωνῆσαι
528 875 602 941 τῷ
647 869 653 936 Ι
702 871 976 938 κρείττονι
1007 876 1102 936 τῆς
1133 869 1294 937 ἥττης
1324 868 1357 937 ἢ
1388 869 1490 937 τὴν
1519 868 1753 937 ἡσυχίαν
1789 879 1831 922 R
1853 884 1936 924 368

168 957 390 1027 ἀγαγὼν
428 958 499 1026 μὴ
538 959 670 1026 μετὰ
707 967 819 1010 τῶν
858 959 1127 1011 εἰπόντων
1166 957 1542 1026 ἀριθμεῖσθαι.

276 1047 321 1099 7.
357 1044 431 1099 ‘H
455 1047 557 1115 μὲν
596 1042 699 1100 οὖν
737 1054 836 1099 τοῦ
877 1046 1141 1115 βασιλέως
1180 1046 1342 1117 ἀρετὴ
1373 1050 1526 1100 καλεῖ
1556 1046 1694 1115 πρὸς
1726 1043 1847 1098 ἕαυ-
1872 1067 1915 1099 10

163 1136 265 1205 τὴν
301 1136 399 1188 τὸν
438 1137 622 1203 λόγον,
662 1135 691 1189 ὁ
726 1132 787 1188 δὲ
817 1142 917 1188 τοῦ
958 1137 1129 1203 λόγου
1168 1137 1338 1202 νόμος
1376 1133 1465 1188 ἐπὶ
1503 1135 1602 1188 τὸν
1635 1134 1849 1187 ὕπατον

160 1226 434 1294 πρότερον
472 1225 609 1292 ἄγει,
652 1226 832 1278 πόθεν
870 1243 928 1277 τε
966 1225 1068 1293 τὴν
1107 1223 1279 1295 ἀρχὴν
1317 1222 1587 1293 ἐνομίσθη
1627 1223 1715 1276 καὶ
1756 1224 1850 1275 διὰ

161 1315 231 1381 τί,
270 1311 361 1365 καὶ
400 1322 497 1366 ποῖ
534 1316 801 1382 προῆλθε,
841 1311 932 1366 καὶ
970 1316 1054 1376 τίς
1090 1313 1118 1367 ὁ
1150 1314 1358 1381 καρπὸς
1388 1320 1487 1366 τοῦ
1520 1313 1846 1381 πράγματος.

165 1402 214 1455 8.
253 1411 364 1454 τῶν
402 1403 505 1471 γὰρ
547 1403 660 1455 ἄνω
700 1401 973 1470 βασιλέων
1011 1403 1147 1456 κατὰ
1176 1403 1377 1470 μικρὸν
1407 1403 1538 1464 τοὺς
1567 1409 1663 1470 τῆς
1692 1402 1848 1468 βασι-

163 1493 309 1552 λείας
347 1489 715 1557 ἐκβαινόντων
753 1491 920 1561 ὅρους
957 1492 1047 1544 καὶ
1086 1491 1187 1559 τὴν
1234 1493 1474 1559 ἔννομον
1520 1489 1692 1558 ἀρχὴν
1730 1487 1848 1552 ἐξα·
1871 1510 1913 1543 15

162 1580 376 1646 γόντων
437 1579 515 1641 εἰς
574 1581 906 1648 τυραννίδος
974 1578 1230 1642 ἐξουσίαν
1298 1581 1457 1641 πόλις
1526 1577 1847 1647 ἐλευθερίας

163 1665 342 1736 ἐρῶσα
379 1667 470 1719 καὶ
506 1669 775 1737 πρόνοιαν
810 1665 912 1736 μὲν
944 1667 1226 1738 ἀρχόντων
1257 1667 1536 1736 ἀγαπῶσα,
1577 1667 1845 1719 δεσπότου

162 1751 223 1807 δὲ
273 1755 441 1823 ὕβριν
495 1755 562 1808 οὐ
618 1757 926 1825 δυνηθεῖσα
979 1755 1172 1826 φέρειν
1225 1757 1325 1810 τὸν
1376 1753 1478 1823 μὲν
1529 1755 1847 1824 ὑπερόπτην

160 1841 375 1896 ἐκεῖνον
423 1842 514 1896 καὶ
559 1845 741 1914 βαρὺν
786 1843 876 1898 καὶ
924 1847 1094 1913 ὄγκου
1142 1843 1380 1914 γέμοντα
1425 1845 1516 1898 καὶ
1562 1843 1846 1912 ἀσελγείας

163 1930 398 2000 ἐξέβαλε,
439 1934 695 2001 φυλακὴν
734 1932 799 1986 δέ
833 1953 957 1987 τινα
995 1941 1091 2002 τῆς
1129 1932 1451 2003 ἐλευθερίας
1487 1932 1520 2001 ἡ
1552 1934 1728 2001 βουλὴ
1760 1935 1845 2001 ζη-
1869 1956 1912 1988 20

158 2027 331 2073 τοῦσα
379 2023 702 2074 Λακωνικόν
752 2041 805 2074 τι
852 2030 1090 2090 μιμεῖται
1144 2023 1490 2093 παράδειγμα
1534 2020 1625 2074 καὶ
1672 2039 1844 2091 παρα-

161 2110 338 2162 δοῦσα
374 2111 505 2172 τοὺς
541 2106 644 2177 μὲν
688 2112 957 2180 μαχίμους
1004 2110 1267 2174 ε’πετειόις
1313 2118 1637 2180 στρατηγοῖς
1682 2111 1845 2162 δυοῖν

160 2199 479 2266 κοσμήσασα
516 2205 591 2271 τῷ
623 2208 735 2252 τῶν
766 2199 993 2252 ὑπάτων
1024 2199 1267 2269 ὀνόματι,
1306 2201 1406 2253 τὸν
1437 2200 1615 2268 δῆμον
1654 2198 1702 2252 δ’
1735 2197 1843 2252 ἑτέ-

160 2305 279 2354 ροις
318 2287 601 2356 ἄρχουσιν,
641 2287 785 2350 ὅπως
817 2287 1087 2357 ἀλλήλους
1118 2286 1296 2358 ἔχοιεν
1328 2290 1404 2350 εἰς
1435 2290 1494 2341 τὸ
1529 2295 1844 2357 σωφρονεῖν

275 2436 329 2474 21
374 2431 508 2476 Dion.
534 2432 639 2476 Hal.
665 2432 728 2476 IV
756 2437 809 2476 73

278 2570 302 2608 2
351 2562 528 2622 γίνεται
563 2566 697 2610 CAV
721 2566 812 2609 edd
955 2571 982 2610 4
1021 2566 1073 2610 τὸ
1107 2567 1215 2610 ante
1246 2566 1421 2610 lineam
1452 2566 1496 2609 P
1571 2565 1695 2609 inser
1729 2564 1786 2610 Ο(

157 2626 221 2683 τῷ
244 2623 355 2667 Fen.-
370 2624 470 2668 Mor
590 2630 616 2667 5
649 2625 710 2675 ὡς
733 2638 788 2668 ex
813 2623 925 2669 ὥστε
951 2639 1052 2669 con·
1074 2625 1133 2668 1⁸
1157 2623 1268 2669 ὥστε
1293 2626 1338 2669 U
1366 2625 1371 2683 1
1401 2625 1617 2681 ἰσχῦσαιῖ
1650 2623 1707 2668 cf.
1727 2628 1796 2678 10,
1813 2628 1841 2666 4

220 2686 244 2724 7
276 2681 560 2740 περιγίνεται
586 2683 715 2728 CVR
748 2683 837 2728 edd
960 2689 1013 2727 12
1046 2683 1281 2742 τηναρχὴν
1308 2685 1391 2728 VB
1424 2686 1471 2727 et
1495 2697 1550 2727 ex
1579 2683 1663 2740 τὴν
1691 2682 1840 2741 ἀρχὴν

161 2754 262 2784 corr
290 2742 349 2785 1⁸
375 2742 381 2799 Ι
411 2739 535 2786 διατί
570 2743 749 2787 VIBM
865 2748 920 2787 14
953 2743 1238 2800 καταμικρὸν
1278 2743 1382 2787 VM
1499 2747 1551 2786 19
1587 2743 1695 2799 posis
1727 2742 1841 2786 ἐκεῖ·

160 2815 245 2844 νον
274 2813 436 2844 rasura
461 2806 486 2845 5
518 2801 592 2845 vel
617 2806 641 2845 6
674 2801 938 2846 litterarum
963 2804 1025 2847 M
1047 2804 1052 2858 1
1081 2803 1160 2846 καὶ
1191 2802 1390 2845 alterum
1415 2815 1490 2845 om
1516 2802 1559 2846 V
1672 2805 1726 2844 22
1762 2800 1840 2844 ἐπε

161 2858 208 2900 et
239 2857 272 2902 ε’
308 2861 354 2903 et
385 2875 454 2909 οις
482 2859 531 2902 in
557 2858 777 2911 ἐπετείοις
807 2861 856 2904 in
879 2874 955 2904 ras
980 2860 1037 2904 1²
1064 2863 1070 2918 Ι
1097 2868 1194 2912 τοῖς
1216 2867 1487 2917 στρατηγοῖς
1505 2861 1567 2906 Μ
1682 2864 1736 2902 23
1763 2875 1839 2903 κο-

161 2915 370 2971 σμήσασα
401 2917 452 2963 δὲ
482 2926 544 2962 τῶ
576 2919 622 2962 Β
