2054 3140
118 1699 172 1738 92

205 145 279 197 56
741 144 971 189 LIBANII
1002 142 1225 188 ORATIO
1257 136 1362 187 XIII

329 286 433 333 164
490 284 625 343 τίνας
664 281 725 332 ἂν
765 283 892 333 εἴποι
931 282 1107 349 λόγους
1145 283 1256 342 αἴας
1296 281 1412 347 μετὰ
1458 283 1548 348 τὴν
1588 283 1769 347 μανίαν
1807 298 1900 333 σω-

213 357 490 425 φρονήσαςε
533 360 607 406 est
638 361 804 406 autem
844 357 1101 420 ethopoeia
1138 364 1310 406 revera
1347 373 1445 406 non
1483 358 1618 417 haec,
1659 357 1742 406 sed
1773 357 1927 418 Αἴας-

214 430 399 496 μέλλων
438 430 612 480 ἑαυτὸν
650 429 980 494 ἀποσφάττειν
1020 426 1116 498 (IV
1144 425 1310 498 1039)

329 507 430 554 165
487 506 623 564 τίνας
668 503 731 553 ἂν
777 505 906 554 εἴποι
952 504 1128 571 λόγους
1175 504 1330 564 δειλὸς
1369 503 1490 554 ἰδὼν
1536 503 1749 569 πόλεμον
1788 504 1900 565 ἐζω-

209 577 533 646 γραφημένον
578 578 631 628 ἐν
669 583 771 638 τοῖς
809 579 988 644 τοίχοις
1034 586 1121 642 τῆς
1167 577 1343 627 ἑαυτοῦ
1389 578 1546 638 οἰκίας
1593 573 1688 647 (IV
1716 573 1897 646 1021).

211 654 424 716 Reliqua
461 669 577 716 pars
620 654 833 718 paginae
875 655 978 701 166
1020 668 1177 701 vacua
1216 654 1389 701 relicta
1429 656 1514 701 est.

325 729 427 775 167
490 726 808 792 Λιβάνιος·
874 722 1176 794 Ἰουλιανῷ
1230 725 1725 792 προσφωνητικός
1786 743 1897 775 cum

211 802 410 850 scholiis
449 802 807 865 marginalibus
847 803 1057 863 scriptus
1096 817 1247 849 manu
1284 803 1448 864 priore

325 876 429 924 180
469 875 604 934 τίνας
643 872 704 923 ἂν
743 870 846 924 εἷπε
885 873 1061 941 λόγους
1101 872 1126 923 ὅ
1166 874 1420 938 μενοικεύς
1461 868 1555 942 (IV
1582 868 1749 942 1045)

325 950 426 997 181
465 943 755 998 Ἠθοποιία·
796 949 932 1007 τίνας
963 946 1026 997 ἂν
1064 948 1193 998 εἴποι
1231 947 1407 1014 λόγους
1445 946 1727 1015 ἀνδρομάχη
1760 947 1900 998 ἀναι-

210 1020 439 1089 ρεθέντος
485 1021 679 1088 ἕκτορος
730 1017 823 1090 (IV
859 1017 1039 1090 1011).
1117 1023 1329 1085 Reliqua
1375 1038 1489 1086 pars
1536 1024 1748 1086 paginae
1791 1024 1892 1072 181

209 1113 369 1146 vacua
409 1100 496 1146 est.

326 1172 429 1220 183
470 1171 721 1236 Λιβανίου
754 1165 1003 1236 Ἀχιλλέως
1042 1168 1280 1236 ἀπολογία
1319 1169 1395 1220 ὅτε
1433 1163 1559 1234 ἧκον
1598 1170 1651 1219 οἵ
1676 1168 1899 1236 πρέσβεις

209 1242 331 1310 ὑπὲρ
370 1251 457 1294 τοῦ
497 1243 835 1311 ἀγαμέμνονος
873 1243 1003 1313 αὐτῷ
1037 1244 1450 1310 πρεσβευσάμενοι
1489 1238 1585 1311 (IV
1610 1238 1726 1312 47),
1774 1261 1899 1307 quae

210 1319 394 1368 desinit
423 1335 536 1383 pag.
567 1321 668 1367 196
710 1319 871 1368 verbis
911 1317 1033 1384 πρὸς
1071 1317 1156 1378 τὰς
1194 1316 1502 1385 παραινέσεις
1539 1316 1622 1367 καὶ
1657 1325 1899 1384 σωφρονῶ

241 1395 326 1455 60,
354 1394 419 1441 15
452 1432 459 1441 .

214 1387 236 1460 (
320 1387 445 1515 111ᾱέ
475 1483 505 1515 a
528 1467 713 1531 pagina
740 1469 842 1516 197
878 1469 1074 1515 exstant
1096 1467 1264 1515 Nonni
1287 1467 1351 1514 ad
1376 1465 1665 1530 Gregorium
1687 1466 1898 1514 Nazian-

210 1557 383 1589 zenum
422 1541 609 1589 scholia
646 1557 797 1589 manu
837 1542 1019 1590 saeculi
1058 1541 1181 1588 XIII
1219 1543 1432 1589 exarata.

323 1614 553 1664 Codicem
592 1616 871 1664 examinavi
911 1617 960 1663 et
999 1632 1056 1663 ex
1094 1617 1238 1677 parte
1278 1615 1464 1663 contuli
1504 1630 1632 1663 anno
1676 1614 1832 1662 1880.

321 1690 405 1737 45.
443 1689 871 1738 Ambrosianus
905 1688 941 1737 G
968 1691 1035 1736 47
1063 1705 1182 1751 sup.
1217 1689 1501 1737 chartaceus
1533 1689 1720 1736 formae
1754 1703 1897 1749 quar-

207 1766 289 1811 tae
351 1764 544 1812 saeculo
598 1763 690 1810 XV
749 1763 873 1811 bene
935 1764 1187 1824 exaratus,
1249 1779 1279 1811 a
1338 1762 1571 1811 Federico
1630 1762 1898 1810 Borromeo

209 1837 457 1885 cardinale
510 1837 563 1884 in
612 1836 964 1885 bibliothecam
1008 1837 1390 1886 Ambrosianam
1435 1837 1605 1885 illatus
1652 1838 1778 1884 teste
1823 1836 1896 1883 in-

209 1911 473 1972 scriptione
523 1911 768 1959 Felicibus
821 1913 1053 1971 auspiciis
1101 1912 1434 1959 Illustrissimi
1484 1910 1630 1959 Oard.
1676 1909 1899 1957 Federici

209 1984 528 2032 Borrho‘maei
562 1983 779 2044 Olyiatus
816 1985 939 2033 vidit
975 1999 1105 2032 mmo
1142 1987 1284 2032 1603
1325 1985 1546 2032 continet
1583 1985 1696 2046 post
1729 1982 1897 2031 Philo-

209 2059 355 2106 strati
377 2059 508 2106 vitas
533 2057 866 2120 sophistarum
888 2059 1038 2106 titulo
1063 2059 1233 2121 privas
1259 2052 1365 2123 (fol.
1388 2051 1589 2124 1—55)
1623 2059 1673 2105 et
1695 2056 1896 2104 initium

211 2131 411 2180 Heroici
450 2127 558 2197 (fol.
595 2124 767 2199 55v)1)
807 2132 921 2180 inde
961 2147 990 2179 a

320 2206 404 2254 fol.
441 2206 507 2253 57
551 2202 737 2269 μελέται
775 2212 861 2254 τοῦ
900 2204 1125 2270 λιβανίου
1139 2198 1179 2272 ²)

323 2278 559 2337 δύσκολος
596 2278 743 2328 λάλον
780 2278 941 2345 γήμας

326 2354 420 2400 63v
458 2351 802 2418 πρεσβευτικὸς
841 2352 963 2418 πρὸς
1001 2351 1116 2412 τοὺς
1154 2360 1322 2419 τρῶας.
1387 2350 1630 2416 μενέλεως.

325 2427 420 2474 67³⁷
458 2425 802 2492 πρεσβευτικὸς
839 2425 963 2493 πρὸς
1000 2425 1115 2486 τοὺς
1152 2434 1308 2493 τρῶας
1346 2424 1468 2493 ὑπὲρ
1508 2423 1685 2488 ἓλένης.
1748 2421 1895 2473 ὀδυσ-

212 2497 324 2557 σεὺς
364 2515 474 2548 cum
514 2500 798 2562 protheoria

329 2574 422 2620 79v
450 2573 544 2621 inc.
583 2570 615 2635 ἡ
655 2580 752 2622 τῶν
791 2576 1054 2622 πολιτικῶν
1093 2571 1381 2623 ὑποθέσεων
1418 2573 1511 2636 ὕλη
1550 2572 1581 2619 i.
1607 2588 1645 2620 e.
1674 2567 1897 2636 Ὀρέστης

211 2660 321 2693 cum
361 2647 645 2707 protheoria

322 2720 388 2766 88
433 2718 609 2767 Πόθεν
649 2723 749 2777 τοῖς
789 2717 981 2783 ἕλλησιν
1011 2720 1042 2767 i.
1070 2736 1107 2767 e.
1141 2719 1425 2785 Πάτροκλος
1463 2734 1572 2768 cum
1612 2719 1896 2782 protheoria

328 2891 371 2945 1)
404 2888 590 2932 Folium
623 2893 682 2932 56
714 2902 911 2932 vacuum
943 2890 1033 2943 est3
1066 2889 1179 2932 folio
1213 2893 1268 2932 57
1303 2888 1398 2933 alia
1427 2902 1592 2932 manus
1624 2887 1803 2943 incipit.

326 2950 370 3004 2)
406 2947 575 2991 Omnes
607 2947 736 2991 tituli
767 2947 991 2991 rubricati
1023 2949 1141 2991 sunt.
