2060 3162
701 145 930 190 LIBANII
961 144 1186 190 ORATIO
1218 145 1325 189 XXI
1748 148 1853 199 451

167 287 482 351 μεμνῆσθαι
521 282 610 334 καὶ
648 289 745 350 τῆς
781 301 840 335 τε
880 280 941 335 ἐν
971 280 1129 334 παισὶ
1162 283 1547 352 σωφροσύνης,
1588 279 1684 336 εἶτ’
1717 282 1851 337 ε’πει-

169 372 339 440 δήπερ
381 369 439 423 ἐκ
478 371 695 423 παίδων
743 369 992 439 ἐξῆλθεν,
1044 371 1274 441 ἀνδρίας
1320 391 1376 424 τε
1425 371 1485 424 ἐν
1532 365 1616 434 οἷς
1659 373 1862 442 ταύτης

167 460 279 512 ἔδει
339 458 430 512 καὶ
493 460 711 529 γνώμης
779 460 868 513 καὶ
930 468 1042 512 τῶν
1104 461 1182 522 εἰς
1249 463 1564 531 παρρησίαν
1632 461 1861 515 ἁπασῶν

168 547 437 618 ἀφορμῶν
482 547 574 601 καὶ
626 549 698 612 ὡς
738 547 957 617 ἑτέρους
996 546 1138 618 ἔχων
1184 551 1383 617 φοβεῖν
1422 549 1585 612 αὐτὸς
1625 551 1861 620 ἄληπτος

1905 575 1925 604 4

165 633 236 705 ἦν
289 634 297 707 Ι
354 638 523 690 ἅπασι
574 638 664 690 καὶ
715 638 788 700 ὡς
837 645 933 706 τῆς
984 639 1263 706 βασιλείας
1317 638 1512 691 ἄλλοτε
1566 639 1748 693 ἄλλων
1799 652 1948 696 R680

166 726 333 794 οὔσης
372 724 456 778 δι’
480 731 619 779 ἴσων
666 727 831 789 αὐτὸς
875 725 1119 779 ἐπαίνων
1167 727 1413 795 διηκόνει
1460 734 1559 780 τοῦ
1608 727 1692 781 ἀεὶ
1731 747 1860 795 κρα-

163 821 394 877 τοῦντος
440 813 502 868 ἐν
547 814 731 886 κέρδει
777 814 1119 884 ποιουμένου
1173 817 1275 884 τὴν
1322 818 1633 887 Καισαρίου
1685 818 1860 886 φύσιν

163 934 236 941 --
275 905 323 956 εἰ
362 900 464 973 μὲν
504 900 608 957 οὖν
647 904 906 960 ἁπάντων
946 904 1256 971 ἁπτοίμεθα
1296 912 1420 972 νῦν,
1459 905 1859 973 κατεγνωκέναι

162 1001 275 1045 τῶν
305 994 597 1061 παρόντων
629 993 879 1061 δόξομεν,
911 995 985 1056 ὡς
1017 994 1120 1047 οὐκ
1151 994 1527 1064 ἀποχρώντων
1558 996 1636 1057 εἰς
1668 997 1859 1063 λόγον·

164 1082 212 1134 εἰ
252 1082 314 1135 δὲ
354 1081 441 1134 ἐπὶ
482 1084 675 1155 τούτῳ,
717 1081 949 1150 δόξομεν
987 1094 1153 1150 τιμᾶν
1191 1084 1293 1151 τὴν
1333 1084 1605 1152 βοήθειαν
1650 1090 1725 1156 τῷ
1758 1104 1858 1152 μη-

165 1170 261 1223 δὲν
301 1171 625 1240 ἐπεισάγειν.
696 1173 832 1226 οἵων
870 1175 1067 1225 τοίνυν
1101 1171 1553 1241 ἄπολελαύκαμεν
1592 1171 1653 1226 ἐν
1686 1171 1859 1237 ζέοντι

163 1265 238 1330 τῷ
277 1261 541 1330 κλύδωνι,
582 1260 840 1330 λέγωμεν.

276 1348 324 1401 5.
389 1353 500 1402 Τοῦ
540 1359 711 1403 κακοῦ
759 1349 1067 1419 ἀρξαμένου
1115 1351 1217 1420 μὲν
1262 1350 1369 1403 ἀπὸ
1418 1358 1607 1420 φωνῆς
1652 1349 1858 1420 ὀλίγης,

162 1438 474 1506 προβάντος
514 1435 575 1491 δὲ
622 1440 700 1501 εἰς
745 1442 988 1502 πολλοὺς
1033 1447 1134 1492 τοῦ
1181 1439 1544 1509 κεκινημένου
1590 1441 1651 1492 τὸ
1698 1443 1857 1509 μήπω

163 1527 299 1595 πρὸς
341 1527 540 1594 ὁμοίαν
589 1529 830 1597 ταραχὴν
877 1527 1260 1595 ἐπισπωμένου
1312 1527 1402 1581 καὶ
1451 1528 1708 1598 ῥημάτων
1754 1526 1856 1595 μὲν

164 1614 550 1685 ἐκδραμόντων
589 1617 750 1685 δίκην
783 1616 1023 1686 ἐχόντων
1060 1617 1327 1683 θάνατον,
1369 1619 1546 1687 ἔργων
1586 1613 1647 1669 δὲ
1685 1631 1856 1687 προσ-

162 1703 439 1757 τεθέντων
501 1705 645 1758 οῧτω
709 1706 927 1773 δεινῶν,
991 1706 1063 1768 ὡς
1122 1706 1323 1776 μικρὸν
1377 1699 1520 1758 εἶναι
1581 1705 1684 1760 τάν
1739 1715 1855 1769 τοῖς

163 1793 416 1862 ῥήμασιν,
457 1795 690 1847 εἰκόνων
721 1799 938 1863 χαλκῶν
968 1793 1392 1864 καθελκομένων
1425 1794 1585 1864 ὕβρει
1622 1793 1712 1848 καὶ
1744 1805 1856 1848 τῶν

282 2035 303 2072 1
351 2030 461 2085 ,,καὶ
491 2031 762 2074 ‘mutandum
793 2031 972 2075 videtur
1002 2044 1101 2074 eum
1135 2027 1251 2084 οἷον,
1291 2036 1374 2075 aut
1398 2031 1540 2086 plane
1570 2031 1852 2074 delendum.“

159 2089 228 2133 Re
255 2091 261 2146 Ι
288 2105 336 2133 τε
354 2089 604 2133 delendum
620 2089 805 2133 videbm·
821 2103 927 2133 cum
944 2089 1011 2133 Re
1040 2092 1045 2146 Ι
1074 2084 1172 2134 εἶτα
1192 2091 1259 2134 Va
1352 2094 1376 2132 2
1403 2086 1624 2144 ἀνδρείας
1639 2090 1854 2134 IBMLa

220 2154 247 2192 4
279 2149 360 2192 καὶ
385 2149 447 2200 ὡς
471 2175 526 2181 -
553 2154 578 2192 5
612 2148 758 2192 ἅπασι
790 2162 866 2192 om
890 2148 992 2192 Mor
1112 2153 1140 2192 4
1172 2150 1338 2207 φοβεῖν
1364 2151 1426 2193 Μ
1455 2149 1537 2192 sed
1561 2149 1657 2206 φοβ
1686 2148 1735 2191 in
1759 2161 1850 2202 ras,

161 2203 253 2266 εἶχε
286 2210 483 2266 βοηθεῖν
514 2209 563 2251 in
587 2222 721 2266 marg
894 2212 920 2251 5
953 2208 1100 2252 ἅπασι
1132 2209 1178 2252 Ρ
1206 2208 1288 2251 sed
1321 2225 1336 2252 ι
1368 2208 1417 2251 in
1448 2221 1525 2251 ras
1556 2212 1583 2249 4
1614 2207 1695 2250 litt
1723 2208 1794 2250 m⁸

162 2273 187 2311 6
220 2266 324 2324 ἴσης
356 2268 440 2312 Mo
472 2267 575 2310 Mor
602 2270 607 2324 Ι
634 2275 716 2311 τοῦ
751 2268 823 2312 ἀεὶ
856 2269 901 2311 Ρ
930 2268 1011 2311 sed
1044 2274 1099 2311 οῦ
1133 2267 1185 2310 ἀε
1217 2267 1266 2310 in
1290 2281 1366 2311 ras
1390 2266 1460 2310 m⁸
1582 2271 1606 2309 9
1638 2265 1853 2324 πραγμά-

159 2343 250 2370 των
283 2327 383 2381 Mo,
459 2326 708 2382 παρόντων
739 2327 789 2370 in
812 2341 948 2384 marg
1099 2330 1154 2370 10
1187 2323 1232 2369 δ’
1262 2326 1331 2370 Re
1374 2328 1379 2383 Ι
1422 2333 1557 2369 τοῦτο
1592 2325 1694 2369 Mor
1725 2326 1773 2368 et
1802 2325 1851 2368 in

159 2402 305 2430 τουτω
338 2400 439 2429 corr
462 2387 538 2430 La
598 2401 711 2429 num
740 2386 918 2430 τούτων
951 2385 1284 2445 <ἑστήξομεν>,
1302 2391 1322 2429 *Ρ
1355 2385 1412 2429 cf.
1437 2400 1480 2442 p.
1509 2389 1608 2439 310,
1626 2390 1652 2428 4
1680 2384 1686 2443 Ι
1713 2392 1852 2441 τιμᾶν

159 2443 244 2500 τὴν
277 2444 506 2502 βοήθειαν
537 2445 723 2488 restitui
748 2459 773 2489 e
797 2445 930 2488 libris
962 2445 1054 2488 nisi
1086 2445 1211 2500 quod
1239 2446 1277 2490 C
1302 2459 1386 2501 pro
1418 2443 1503 2500 τὴν
1533 2443 1678 2487 habet
1709 2443 1774 2494 εἰς
1805 2445 1853 2487 et

164 2505 220 2548 0⁸
251 2503 354 2547 loco
388 2504 508 2547 erasi
538 2512 676 2561 τιμᾶν
709 2504 829 2548 etin
851 2518 1005 2561 marg:
1041 2501 1234 2555 δικαίως
1263 2511 1402 2560 τιμᾶν
1434 2503 1479 2555 ἐξ
1513 2498 1575 2546 ὧν
1607 2510 1694 2547 νῦν
1719 2503 1852 2558 εὐηρ-

160 2562 394 2618 γετήμεθα
426 2560 540 2618 παρ’
563 2564 707 2607 αὐτοῦ
731 2564 812 2607 καὶ
837 2563 896 2619 μὴ
931 2561 1120 2607 δεῖσθαί
1144 2579 1271 2614 τινος
1294 2576 1414 2618 quae
1447 2563 1519 2605 est
1541 2561 1681 2605 lectio
1707 2562 1851 2606 etiam

162 2621 335 2666 codicis
355 2624 438 2666 Mo
470 2621 560 2664 nisi
584 2622 708 2678 quod
735 2623 876 2666 effiam
909 2623 975 2673 εἰς
1001 2622 1231 2680 βοήθειαν
1255 2624 1363 2678 post
1385 2637 1512 2672 τινος
1535 2620 1679 2664 habet
1703 2634 1851 2677 aeque

161 2682 301 2736 atque
341 2681 432 2724 edd
473 2681 571 2737 (sed
610 2679 806 2724 δικαίων
839 2683 887 2725 et
918 2681 1293 2739 εὐηργετούμεθα
1324 2681 1409 2737 Re)
1450 2678 1508 2723 cf.
1540 2695 1584 2736 p.
1612 2684 1712 2733 472,
1736 2684 1788 2723 16

161 2740 202 2784 εἰ
238 2739 289 2785 δὲ
330 2740 404 2784 ἐπὶ
443 2740 495 2783 τὸ
535 2738 839 2796 προκείμενον
879 2741 1025 2790 εὐθὺς
1064 2739 1218 2797 ἴωμεν,
1257 2739 1538 2796 ἀρκούμενοι
1578 2738 1647 2783 ἑνὶ
1685 2739 1848 2798 τούτῳ,

162 2841 357 2900 δόξομεν
389 2841 583 2894 δικαίως
611 2850 750 2899 τιμᾶν
783 2843 828 2896 ἐξ
854 2838 919 2887 ὧν
943 2843 1010 2886 Re
1034 2843 1173 2886 Anim
1297 2847 1348 2885 11
1385 2815 1738 2898 ἀπολελοξῖαμεν
1765 2842 1850 2885 Mo

221 2901 594 2960 ἀπολελόγχαμεν
625 2902 727 2945 Mor
872 2907 926 2945 14
958 2899 1003 2946 δ’
1033 2902 1100 2945 Re
1143 2904 1148 2958 Ι
1190 2901 1493 2957 κεκινημένου
1526 2902 1572 2943 Ρ
1600 2901 1679 2944 sed
1712 2916 1767 2943 ov
1798 2900 1848 2943 in

160 2973 236 3004 ras
259 2962 330 3004 m⁴
452 2965 506 3004 15
539 2960 888 3017 ἐπεσπασμένου
920 2961 1022 3004 Mor
1143 2965 1197 3003 16
1229 2958 1555 3015 προτεθέντων
1590 2961 1657 3004 Va

1495 3033 1582 3076 29·

1883 1106 1925 1138 10

1881 1550 1922 1583 15
