2060 3162
238 140 346 192 164
768 126 995 183 LIBANH
1027 138 1250 184 ORATIO
1282 140 1389 184 XVI

236 278 327 330 καὶ
379 285 490 329 τῶν
544 277 827 329 εἰωθότων
880 276 940 328 τὸ
995 276 1198 344 πάθος,
1252 284 1351 329 τοῦ
1405 277 1465 329 δὲ
1516 277 1581 329 οὐ
1632 278 1806 329 πολλὰ
1857 278 1922 346 τὰ

235 367 663 436 παραδείγματα.
751 365 841 417 καὶ
895 372 994 417 τοῦ
1049 361 1150 431 μὲν
1204 366 1273 417 ἄν
1327 385 1408 428 τις
1463 365 1767 418 αἰτιάσαιτο
1823 367 1923 434 τὴν

238 454 425 522 τύχην,
463 454 525 506 τὸ
567 450 628 506 δὲ
666 461 761 521 τῆς
799 453 1018 522 γνώμης
1057 455 1282 522 ἔλεγχον
1322 455 1467 523 ἔχειν
1506 455 1670 515 δοκεῖ.
1739 452 1828 507 καὶ
1860 455 1920 507 τὸ

235 542 336 610 μὲν
375 540 602 595 ἐλεεῖται
641 543 789 610 παρὰ
828 551 939 594 τῶν
987 541 1306 611 ὁμοφύλων,
1356 541 1447 595 καὶ
1496 544 1733 611 βοηθεῖν
1782 544 1924 595 εἰσιν

181 651 211 685 v⁷5
236 629 441 698 ἕτοιμοι
495 639 609 693 τοῖς
660 629 1087 699 πεπληγμένοις,
1142 632 1285 684 τῶν’
1305 629 1352 682 δ’
1392 631 1531 694 ἅπας
1580 651 1662 694 τις
1709 630 1778 683 ἄν
1825 633 1925 699 τὴν

228 721 431 788 ,φιλίαν
470 720 639 788 φύγοι
685 726 783 772 τοῦ
831 721 974 772 πολὺ
1024 726 1088 789 τῇ
1114 720 1324 790 γνώμῃ
1374 720 1652 773 διεστάναι
1700 728 1926 788 σημεῖον

228 807 487 878 ἐκφέρων
525 809 587 861 τὸ
628 817 826 878 μισεῖν.
906 808 989 861 11.
1030 809 1240 861 οὔκουν
1280 809 1327 860 εἰ
1365 809 1438 877 μὴ
1476 807 1758 861 πέπτωκεν
1796 809 1926 876 ἡμῖν

234 897 268 965 ’ἦ
308 899 490 965 πόλις,
543 898 807 967 προσήκει
853 899 1066 967 χαίρειν
1112 895 1145 964 ἢ
1193 899 1424 967 μετρίως
1474 898 1575 966 τὴν
1623 897 1926 950 δυσκολίαν

238 984 453 1056 φέρειν,
500 985 618 1039 ἀλλ’
657 987 704 1038 εἰ
753 986 855 1054 τὴν
900 983 1035 1055 πρὶν
1082 984 1439 1054 ἀποβαλοῦσα
1487 983 1655 1048 δόξαν
1703 985 1763 1039 ἐν
1809 994 1926 1047 ταῖς

172 1096 214 1128 10
237 1076 673 1146 μοχθηροτάταις
710 1074 984 1142 τέτακται,
1024 1077 1236 1142 μᾶλλον
1276 1073 1467 1142 ἀλγεῖν
1504 1073 1536 1142 ἢ
1579 1075 1626 1127 εἰ
1664 1076 1792 1137 τοὺς
1829 1092 1926 1126 πο-

239 1165 460 1233 λεμίους
499 1163 603 1216 ἀπὸ
651 1172 762 1216 τῶν
807 1172 1003 1233 τειχῶν
1051 1161 1316 1232 ἑωρῶμεν.
1395 1161 1516 1232 ἐμοὶ
1563 1164 1667 1233 γὰρ
1709 1168 1789 1231 εἴη
1830 1163 1927 1232 μά-

238 1256 398 1305 λιστα
449 1252 552 1320 μὲν
599 1253 687 1305 καὶ
737 1253 1008 1316 σώζεσθαι
1055 1250 1145 1304 καὶ
1196 1252 1478 1324 σπουδαίῳ
1527 1253 1729 1319 δοκεῖν,
1785 1253 1832 1304 εἰ
1873 1250 1921 1303 δ’

238 1340 388 1394 ἕλκοι
427 1343 566 1410 πρὸς
605 1341 780 1410 αὑτὴν
819 1340 851 1408 ἡ
892 1342 1068 1408 κακία,
1107 1342 1486 1410 μετριώτερον,
1527 1337 1568 1393 ὦ
1601 1341 1799 1409 ἄνδρες
1833 1358 1929 1393 πο-

239 1433 401 1498 λῖται,
447 1430 670 1498 τελευτὴ
717 1432 997 1500 πονηρίας.
1077 1429 1159 1481 12.
1215 1429 1417 1482 οὑτωσὶ
1461 1426 1561 1496 μὲν
1601 1425 1705 1482 οὗν
1751 1430 1799 1482 εἰ
1838 1428 1928 1482 καὶ

175 1538 215 1572 15
239 1523 475 1589 θαρρεῖν
514 1518 722 1588 ὑπῆρχε
760 1518 884 1589 περὶ
923 1526 1023 1571 τοῦ
1062 1517 1381 1587 μέλλοντος,
1421 1518 1515 1571 διά
1556 1537 1617 1586 γε
1655 1519 1756 1586 τὴν
1794 1536 1930 1587 παρ-

241 1615 413 1661 οῦσαν
476 1607 745 1676 αἰσχύνην
809 1607 921 1660 ἔδει
981 1607 1359 1682 καταδύεσθαι
1426 1605 1516 1659 καὶ
1571 1605 1784 1660 στένειν
1839 1605 1929 1659 καὶ

240 1697 482 1763 νομίζειν
521 1703 584 1766 τῇ
632 1697 787 1748 πόλει
836 1702 1012 1764 σχῆμα
1058 1697 1377 1765 προσήκειν,
1426 1688 1547 1748 οἷον
1586 1694 1647 1749 ἐν
1685 1704 1800 1758 τοῖς
1837 1697 1931 1761 κή-

244 1785 399 1837 δεσιν
461 1780 616 1837 οἷκον
678 1783 908 1837 ἕκαστον
965 1784 1392 1853 καταλαμβάνει,
1455 1791 1562 1836 νῦν
1617 1782 1664 1836 δ’
1699 1785 1868 1853 οὔσης
1920 1783 1926 1854 i

155 1885 299 1928 R488
338 1880 434 1940 τῆς
472 1870 692 1935 ἀδοξίας
730 1873 1000 1940 τοσαύτης
1039 1870 1157 1925 οὐδ’
1190 1872 1218 1926 ὁ
1259 1869 1432 1941 μηδὲν
1470 1872 1610 1941 ἡμᾶς
1640 1874 1930 1926 πείσεσθαι

178 1982 223 2014 20
247 1970 358 2013 τῶν
398 1959 712 2028 ἀνηκέστων
751 1960 1095 2029 ἐγγυώμενός
1142 1959 1308 2028 ἐστιν,
1360 1962 1408 2013 εἰ
1446 1965 1518 2029 μή
1555 1981 1620 2028 με
1667 1963 1930 2030 λελήθατε

246 2050 525 2118 χρησμοὺς
563 2047 622 2101 ἐκ
653 2053 894 2117 Δελφῶν
934 2048 1231 2116 δεξάμενοι.
1314 2049 1395 2101 13.
1434 2048 1535 2111 ἕως
1574 2045 1678 2101 οὖν
1714 2049 1930 2116 ἀκμάζει

245 2145 342 2205 τῆς
381 2136 547 2205 ὀργῆς
585 2138 783 2205 ταύτης
826 2138 854 2205 ἡ
896 2137 1059 2204 φλόξ,
1111 2140 1192 2199 τίς
1239 2137 1412 2199 οὕτως
1452 2136 1728 2206 ἀνδρεῖος,
1784 2136 1932 2198 ὅστις

370 2302 391 2339 1
426 2297 584 2347 πάθος
616 2296 780 2353 scripsi
813 2310 836 2340 e
863 2299 946 2340 Mo
979 2310 1084 2339 cum
1113 2295 1284 2340 Cobeto
1309 2296 1475 2339 Mnem.
1502 2296 1543 2338 X
1571 2300 1652 2339 193
1679 2294 1808 2351 (Coll.
1831 2299 1931 2351 109)

248 2358 299 2399 et
332 2355 512 2399 Sinteni
603 2358 785 2411 πλῆθος
826 2355 996 2410 reliqui
1034 2355 1143 2398 libri
1176 2355 1266 2398 edd
1358 2369 1495 2409 „num
1533 2352 1841 2398 πεπονθότων
1880 2356 1931 2399 τὸ

249 2418 457 2471 πλῆθος“
490 2416 571 2467 Re,
606 2415 731 2470 quod
763 2414 1043 2470 improbavit
1065 2414 1251 2458 Bastius
1277 2413 1411 2471 Greg.
1440 2413 1536 2457 Cor.
1567 2429 1609 2470 p.
1633 2417 1714 2457 139
1749 2413 1850 2456 coll.
1869 2413 1932 2455 IV

249 2478 351 2528 474,
379 2478 432 2516 18
469 2475 473 2531 ζ
510 2475 584 2531 οὐ]
618 2473 682 2523 εἰς
716 2475 799 2518 Mo
935 2478 960 2516 2
993 2472 1076 2529 τὴν
1109 2486 1183 2516 0111
1208 2473 1318 2517 ΒΜ
1446 2478 1470 2516 3
1503 2474 1635 2516 δοκεῖ
1664 2487 1768 2515 oum
1798 2486 1872 2515 ras
1908 2478 1928 2514 1

243 2533 329 2577 litt
359 2534 404 2576 P
537 2539 561 2576 6
595 2533 711 2576 πολὺ
742 2534 777 2576 Ι
802 2533 883 2576 sed.
914 2533 942 2575 ὺ
972 2532 1021 2575 in
1051 2545 1127 2575 ras
1159 2532 1228 2575 m²
1303 2534 1444 2588 πολλῆ
1484 2532 1528 2576 U
1579 2535 1583 2585 Ι
1633 2531 1716 2587 τὴν
1747 2532 1932 2588 γνώμην

254 2593 337 2635 Mo
370 2591 451 2634 sed
482 2608 508 2634 ν
539 2591 758 2635 ultimum
790 2605 890 2635 eras
1014 2596 1035 2633 7
1069 2590 1198 2647 ἡμῶν
1230 2591 1353 2634 Fabr
1472 2595 1497 2633 8
1530 2589 1756 2644 προσήκοι
1790 2591 1873 2634 Mo

252 2654 278 2692 9
314 2650 613 2707 ἀποβαλοῦσα
645 2652 677 2693 Ι
703 2650 784 2693 sed
816 2651 902 2708 βαλ
933 2650 981 2693 in
1004 2664 1078 2693 ras
1102 2649 1172 2692 m²
1198 2650 1204 2708 Ι
1233 2648 1375 2702 δόξαν
1407 2651 1442 2692 Ι
1467 2649 1548 2693 sed
1579 2647 1660 2701 δόξ
1692 2648 1742 2691 in
1764 2662 1839 2692 ras
1865 2649 1934 2691 m²

316 2712 368 2750 10
401 2707 775 2765 μοχθηροτάταις
797 2710 832 2751 Ι
858 2709 939 2752 sed
971 2711 1094 2766 μοχθ
1125 2709 1173 2751 in
1196 2722 1271 2752 ras
1295 2708 1364 2751 m²
1486 2712 1538 2751 12
1573 2707 1819 2760 σώιζεσθαι
1843 2709 1886 2751 Α
1923 2711 1927 2728 ³

252 2766 306 2811 δὲ
330 2767 398 2810 Re
520 2772 573 2810 13
608 2767 724 2812 ἕλκει
759 2768 831 2812 UI
866 2770 872 2823 Ι
915 2768 1060 2823 αὐτὴν
1095 2768 1243 2812 ΜοΜ
1299 2767 1446 2823 αυτὴν
1479 2767 1522 2811 U
1577 2765 1747 2821 ἑαυτὴν
1773 2767 1817 2809 Β
1843 2767 1933 2810 edd

317 2830 370 2867 14
403 2823 487 2869 οὖν
519 2825 643 2869 inser
665 2825 801 2870 A²I3
862 2840 936 2870 om
963 2826 1083 2870 CMo
1206 2831 1258 2869 15
1291 2826 1415 2898 :17:8qu
1441 2825 1520 2870 διὰ
1545 2826 1590 2868 Β
1712 2829 1765 2868 18
1799 2825 1932 2882 §yna-

254 2883 534 2942 ταλαμβάνει
550 2886 594 2928 Α
619 2885 700 2927 sed
726 2885 773 2941 ἐγ
797 2898 998 2941 praepos
1015 2884 1096 2938 m2,
1114 2886 1210 2929 PU
1313 2889 1364 2927 19
1389 2891 1509 2940 ημᾶς
1531 2882 1777 2927 πείσεσθαι
1800 2885 1835 2926 Ι
1852 2884 1933 2927 sed

256 2942 283 2998 ἡ
310 2945 355 2986 et
378 2958 454 2986 πει
479 2943 527 2984 in
550 2957 625 2986 ras
649 2943 717 2985 m²
832 2949 884 2986 21
913 2943 1101 2999 ἀκμάζει
1120 2945 1164 2986 P
1185 2943 1266 2986 sed
1283 2943 1368 2995 §in
1385 2957 1458 2986 ras
1475 2943 1545 2986 111Β
1659 2948 1711 2986 22
1739 2939 1872 2992 οὗτος
1887 2943 1932 2985 Β
