2072 3162
716 86 945 132 LIBANH
975 86 1199 132 ORATIO
1231 86 1339 131 XIII
1800 88 1870 140 67

189 219 232 296 ᾧ
252 224 320 293 δὴ
347 233 567 295 πρῶτον
590 219 831 292 τάφανὲς
854 221 1160 292 ἀνιχνεύων
1190 223 1251 276 τὸ
1276 223 1527 294 σφοδρὸν
1549 232 1708 290 μῖσος
1738 224 1875 276 κατὰ

188 322 300 366 τῶν
336 318 490 366 θεῶν
530 310 748 381 ἐπέσχες
778 311 889 364 ὑπὸ
920 320 1032 364 τῶν
1061 310 1456 381 μαντευμάτων
1486 311 1873 382 ἡμερούμενος.

192 402 274 454 12.
309 402 383 465 ὡς
406 397 468 454 δὲ
496 396 622 469 ἧκες
653 401 730 463 εἰς
753 398 970 453 Ἰωνίαν
1000 400 1090 453 καὶ
1122 396 1263 463 εἶδες
1287 400 1463 470 ἄνδρα
1485 401 1575 454 καὶ
1601 402 1874 455 δοκοῦντα

187 491 278 543 καὶ
309 492 442 544 ὄντα
473 489 653 558 σοφὸν
683 487 775 542 καὶ
806 487 932 559 περὶ
962 498 1075 542 τῶν
1105 489 1167 542 τὸ
1192 497 1303 542 πᾶν
1328 490 1395 558 δὴ
1428 497 1592 543 τοῦτο
1620 508 1874 558 τεκτήνα-

186 577 368 646 μένων
404 597 463 631 τε
500 578 591 631 καὶ
631 578 1043 649 διατηρούντων
1079 578 1323 645 ἤκουσας
1360 578 1451 631 καὶ
1481 579 1618 649 πρὸς
1648 578 1710 631 τὸ
1744 578 1872 631 κάλ-
1919 600 1944 632 5

188 672 282 730 λος
318 674 414 736 τῆς
452 668 786 737 φιλοσοφίας
824 668 1056 734 ἔβλεψας
1093 664 1184 719 καὶ
1222 672 1320 719 τοῦ
1351 667 1732 735 ποτιμωτάτου
1762 676 1874 719 τῶν

187 756 446 825 ναμάτων
469 754 691 825 ἐγεύσω,
722 754 925 825 ταχέως
955 754 1386 823 ἀποσεισάμενος
1415 756 1516 824 τὴν
1546 756 1761 824 πλάνην
1784 756 1874 808 καὶ
1963 740 1969 745 ¹

187 843 480 915 διαρρήξας
518 844 698 913 ὥσπερ
737 842 878 897 λέων
908 844 976 896 τά
1015 844 1188 912 δεσμὰ
1225 842 1316 896 καὶ
1351 850 1446 912 τῆς
1477 843 1676 913 ἀχλύος
1707 843 1875 896 ἀπαλ-

186 934 372 1002 λαγεὶς
410 933 682 1002 ἀλήθειαν
719 929 822 1001 μὲν
853 931 1144 1000 ἀντέλαβες
1175 931 1418 1000 ἀγνοίας,
1456 933 1518 986 τὸ
1551 929 1612 985 δὲ
1643 935 1875 1001 γνήσιον

185 1029 286 1075 τοῦ
317 1024 514 1091 νόθου,
545 1023 675 1085 τοὺς
706 1021 766 1075 δὲ
796 1023 1064 1084 παλαιοὺς
1094 1022 1362 1091 ἄρχοντας
1393 1019 1516 1074 ἀντὶ
1548 1028 1648 1074 τοῦ
1673 1021 1868 1075 νεωστὶ
1896 1044 1945 1076 10

185 1121 365 1174 κακῶς
417 1111 870 1180 εἰσκωμάσαντος.
958 1109 1041 1163 13.
1102 1113 1301 1178 μιγνὺς
1357 1110 1423 1178 δὴ
1478 1118 1594 1173 τοῖς
1647 1110 1874 1181 ῥήτορσι

186 1201 286 1253 τὸν
324 1199 528 1269 ἀμείνω
568 1200 751 1270 χορόν,
790 1197 882 1252 καὶ
923 1199 1026 1270 γὰρ
1066 1206 1230 1252 τοῦτο
1269 1204 1423 1252 θεῶν
1461 1201 1626 1269 ἔργον
1661 1196 1666 1269 1
1703 1201 1780 1262 εἰς
1813 1212 1968 1256 R409

186 1287 423 1357 μέγεθός
462 1302 552 1341 σοι
589 1289 690 1357 τὴν
729 1288 985 1341 διάνοιαν
1023 1288 1116 1340 διὰ
1147 1294 1246 1340 τοῦ
1272 1287 1574 1350 Πλάτωνος
1605 1287 1871 1358 ἀγόντων,

189 1376 336 1440 ὅπως
367 1377 551 1448 ὑψηλῇ
583 1378 771 1447 γνώμῃ
804 1375 1040 1446 μέγεθος
1069 1374 1364 1440 ὑποδέξαιο
1387 1377 1738 1446 πραγμάτων,
1769 1379 1873 1446 ἤδη

186 1467 383 1519 τοίνυν
415 1466 621 1536 ἰσχύων
654 1464 894 1535 ἑκάτερα,
936 1466 1121 1537 δρόμῳ
1154 1484 1212 1518 τε
1243 1466 1484 1533 γλώττης
1513 1463 1603 1518 καὶ
1634 1467 1871 1535 μαθήσει
1896 1486 1944 1519 15

188 1563 301 1607 τῶν
339 1555 534 1622 ὄντων,
571 1552 708 1624 πρὶν
744 1552 778 1622 ἢ
811 1556 1047 1622 βοηθεῖν
1078 1556 1224 1622 ἔχειν
1254 1561 1371 1616 τοῖς
1403 1554 1587 1623 ἱεροῖς,
1628 1552 1873 1623 ἐμήνυες,

310 1703 332 1742 1
366 1698 418 1742 Π.
443 1715 469 1756 χ
496 1702 579 1741 192
725 1702 751 1742 3
784 1698 841 1742 cf.
873 1712 919 1754 p.
945 1702 1016 1753 20,
1042 1702 1148 1754 4sq.
1294 1703 1319 1742 6
1351 1697 1470 1742 Plat.
1496 1697 1613 1742 Tim.
1638 1714 1683 1755 p.
1705 1703 1758 1743 75
1775 1699 1813 1742 E

193 1763 245 1802 11
280 1757 337 1802 ef.
370 1772 415 1814 p.
441 1762 513 1812 29,
537 1761 645 1812 9sq.

308 1881 334 1919 3
366 1875 536 1933 ἄνδρα]
554 1875 637 1920 τὸν
660 1875 881 1932 Μάξιμον
906 1888 1130 1948 suprascr.
1149 1875 1196 1919 A
1219 1890 1278 1918 m.
1306 1876 1398 1919 ant.
1419 1877 1466 1920 et
1488 1875 1555 1920 1²²
1613 1876 1696 1921 τὸν
1719 1876 1876 1930 Μάξι·

190 1952 279 1992 μον
313 1935 434 1980 ἔοικε
463 1932 611 1992 λέγειν
640 1935 723 1980 τὸν
755 1935 806 1979 ἐκ
834 1934 1001 1990 Τύρου,
1034 1927 1070 1995 ᾧ
1094 1934 1381 1993 χρησάμενος
1399 1932 1654 1986 Ἰουλιανὸς
1685 1934 1874 1993 ἡγεμόνι

189 1994 255 2045 εἰς
283 1995 336 2039 τὸ
366 2000 447 2050 τῆς
475 1992 688 2053 ἀσεβείας
717 1993 966 2052 βάραθρον
996 1980 1262 2077 κάτηνέχθη
1294 1994 1330 2037 Ι
1353 2009 1411 2038 m.
1444 1996 1615 2051 poster.
1656 1996 1705 2039 et
1735 1995 1874 2039 Lam·

189 2053 310 2097 LXX
329 2058 382 2097 13
407 2052 484 2098 fol.
506 2058 614 2097 196
637 2054 686 2097 et
715 2058 926 2109 „uterque
949 2053 1043 2097 cod.
1069 2053 1209 2110 Reqf‘
1235 2055 1308 2110 (=
1325 2052 1427 2097 Par
1454 2058 1583 2098 3035.
1611 2055 1713 2111 963)
1746 2055 1872 2111 apud

188 2112 435 2156 Morellum
579 2116 630 2155 11
675 2089 845 2170 κάκῶς]
878 2110 924 2156 τί
954 2109 1001 2157 δ’
1026 2129 1085 2156 αν
1117 2111 1274 2168 ἕτερον
1303 2112 1533 2169 τοσαύτην
1571 2116 1635 2173 τῷ
1666 2115 1872 2172 φιλοχρι-

192 2171 394 2232 στοτάτῳ
441 2172 621 2230 βασιλεῖ
662 2169 999 2230 Κωνσταντίνῳ
1044 2170 1174 2227 παρὰ
1218 2179 1310 2216 τῶν
1359 2170 1513 2229 ὀρθῶς
1558 2159 1874 2245 ἐπισταμένων

188 2217 480 2288 ψηφίζεσθαι
506 2229 817 2287 προύξένησεν
842 2216 1088 2287 εὐφημίαν,
1123 2228 1236 2286 ὅσην
1266 2231 1318 2274 τὸ
1350 2231 1470 2288 υμᾶς
1500 2228 1574 2274 ἐπ’
1603 2232 1746 2275 αὐτὸν
1776 2248 1870 2276 τοι-

189 2297 310 2334 αῦτα
347 2292 682 2348 μελαγχολῆσαι
717 2290 891 2340 κακους
924 2296 1076 2341 κακῶς
1107 2286 1360 2364 ἐπιτρίψαι
1401 2289 1796 2347 προθυμηθέντα·
1842 2292 1880 2334 Ι

188 2364 248 2392 111.
281 2351 402 2406 post
436 2351 483 2392 et
514 2349 684 2393 omissa.
713 2362 825 2393 voce
848 2346 1184 2408 Κωνσταντίνῳ
1215 2348 1432 2393 Laur.e1:
1461 2350 1556 2394 cod
1581 2351 1691 2408 Rey.
1717 2349 1819 2394 Μο1

310 2488 333 2526 1
374 2478 439 2526 ὧν
471 2481 594 2526 Mos
711 2486 736 2524 2
777 2480 1135 2538 ἐξημερούμενος
1166 2481 1251 2526 Mo
1283 2481 1364 2524 sed
1397 2481 1418 2526 ἐ
1447 2481 1572 2525 inser
1598 2481 1682 2535 m',
1714 2481 1750 2526 S
1778 2482 1870 2526 edd

248 2546 276 2585 4
321 2540 438 2597 ὑπὲρ
468 2540 572 2585 Μο1
609 2540 690 2596 qui
722 2540 936 2585 adnotat:
980 2541 1115 2596 ,,περὶ
1145 2541 1240 2584 eod.
1264 2543 1374 2585 vet.“
1425 2542 1431 2596 Ι
1479 2548 1572 2585 τῶν
1602 2540 1727 2584 inser
1749 2541 1810 2584 1²

190 2605 216 2644 5
247 2616 296 2645 τε
325 2601 407 2644 καὶ
437 2600 783 2656 διατηρούντων
813 2599 937 2642 inser
958 2599 1016 2643 1²
1150 2604 1175 2643 9
1222 2599 1274 2643 τὸ
1306 2598 1495 2657 γνήσιον
1526 2598 1578 2644 δὲ
1609 2601 1644 2642 Ι
1682 2599 1782 2656 (sed
1819 2599 1869 2642 in

188 2658 277 2702 hoc
307 2660 414 2716 post
443 2659 495 2703 τὸ
525 2672 601 2702 ras
635 2664 660 2702 2
691 2658 787 2715 litt)
820 2658 856 2703 S
874 2657 976 2702 Mor
1104 2662 1155 2702 11
1190 2657 1259 2702 εἰσ
1289 2658 1339 2701 111
1371 2657 1740 2715 εἰσκωμάσαντος
1770 2672 1867 2703 era-

190 2732 292 2761 sum
318 2719 362 2763 V
403 2718 409 2776 Ι
451 2718 502 2762 δὲ
536 2719 621 2762 Mo
743 2721 796 2760 12
829 2733 912 2776 χορ
887 2716 970 2773 ρόν
1002 2717 1166 2773 scripsi
1198 2719 1387 2761 auctore
1417 2717 1485 2761 Re
1516 2717 1656 2760 Anim
1730 2717 1869 2774 λόγον

191 2776 253 2820 Μ
281 2779 329 2821 eb
359 2790 384 2820 6
414 2794 468 2834 χρ
444 2774 584 2833 ρόνον
616 2790 717 2821 6011
740 2775 797 2820 1²
884 2774 1054 2834 χρόνον
1084 2776 1254 2832 reliqui
1285 2775 1396 2820 libri
1426 2776 1518 2819 edd
1699 2781 1752 2820 13
1782 2775 1868 2831 τὴν

190 2835 407 2881 διάνοιαν
439 2850 514 2880 0111
537 2836 582 2879 Β
704 2839 758 2879 15
791 2793 984 2890 ἑκάτερα
1007 2837 1043 2879 I
1066 2835 1147 2879 sed
1179 2836 1343 2879 acutus
1375 2848 1515 2892 supra
1539 2851 1559 2879 ε
1585 2848 1741 2879 erasus
1767 2837 1814 2878 et
1837 2851 1868 2877 α

190 2894 252 2951 (2)
283 2894 333 2938 in
355 2907 431 2938 ras
492 2893 725 2950 ἑκατέροις
750 2894 872 2939 VBS
891 2893 992 2938 Mor
1018 2896 1024 2951 Ι
1051 2895 1131 2938 καὶ
1162 2893 1382 2951 μαθήσει]
1415 2893 1618 2950 μαθήσει
1647 2911 1696 2938 τε
1726 2894 1794 2937 Re

1544 2967 1601 3011 ὅ*
