2072 3162
225 148 334 201 100
755 147 981 191 LIBANII
1013 146 1238 193 ORATIO
1270 148 1378 193 XIV

221 287 344 353 κήν,
373 283 775 354 Ἀριστοφάνην
814 283 875 336 δὲ
913 280 1086 352 μηδὲν
1124 283 1312 353 ὀνήσει
1349 287 1482 353 μήτε
1519 294 1630 338 τῶν
1669 287 1842 338 θείων
1879 286 1912 355 ἡ

224 374 532 443 φιλοσοφία
562 373 695 440 μήτε
726 380 838 424 τῶν
869 370 957 424 σοὶ
991 374 1293 440 συνόντων,
1330 366 1412 435 οἷς
1445 378 1537 426 ἴσα
1566 372 1657 426 καὶ
1690 381 1915 442 γονεῦσι

223 460 534 532 προσφέρῃς
589 458 746 512 ταυτὶ
801 461 904 530 γὰρ
961 459 994 513 ἃ
1047 468 1154 514 νῦν
1207 460 1364 530 λέγω,
1420 461 1679 529 Μάξιμον
1730 464 1915 531 νόμιζε

224 549 421 617 λέγειν,
463 550 715 619 Πρίσκον
754 557 1058 619 παραινεῖν.
1135 551 1183 602 εἰ
1223 547 1284 602 δὲ
1324 549 1589 619 ἀπιστεῖς,
1638 551 1915 621 ἐρώτησον

179 660 199 692 5
226 639 440 700 αὐτούς.
532 637 686 708 ὁρᾷς,
742 637 814 699 ὡς
864 635 1203 706 ἐπιθυμοῦσι
1252 647 1438 707 τυχεῖν
1490 659 1641 702 τινος
1694 639 1915 708 ἀγαθοῦ

223 728 322 780 τὸν
361 727 686 796 ἄνθρωπον;
726 724 812 778 35.
854 724 970 778 ἀλλ’
1003 726 1122 779 οὐδ’
1147 724 1442 795 Ἐλπίδιος,
1482 726 1548 780 ὃν
1579 729 1715 780 κατὰ
1754 729 1917 797 σοφί-

134 831 283 874 R436
324 836 393 868 αν
439 817 444 884 Ι
490 812 592 884 μὲν
631 816 918 868 λείπεσθαι
958 817 1248 884 συμβαίνει
1296 824 1417 868 τοῖν
1456 815 1704 886 ἀνδροῖν,
1749 825 1814 887 τῇ
1855 814 1916 870 δὲ

225 903 352 974 περὶ
390 905 452 957 τὸ
491 909 654 957 θεῖον
694 905 906 973 σπουδῇ
945 902 1037 956 καὶ
1077 910 1150 977 τῷ
1184 905 1310 975 περὶ
1349 901 1409 956 σὲ
1441 907 1651 978 φίλτρῳ
1684 906 1916 974 μάλιστα

226 994 419 1046 αὐτοῖν
468 991 730 1060 ἐοικέναι,
782 991 901 1045 οὐδ’
943 987 1106 1055 οὗτος
1156 993 1228 1055 ὡς
1273 990 1413 1062 ὑπὲρ
1463 992 1768 1064 ἀλλοτρίων
1805 1003 1917 1047 τῶν

159 1081 646 1152 ιοἎριστοφάνους
675 1082 1015 1149 βουλεύεται,
1055 1081 1193 1134 ἀλλὰ
1230 1080 1321 1134 καὶ
1360 1081 1525 1135 τοῦθ’
1556 1081 1617 1135 ἕν
1655 1081 1768 1135 ἐστι
1806 1092 1918 1136 τῶν

226 1171 542 1241 ἀγρυπνίαν
581 1170 729 1243 αὐτῷ
763 1172 1048 1240 φερόντων
1085 1169 1176 1223 καὶ
1212 1173 1560 1238 ποιησόντων
1601 1190 1661 1239 γε
1692 1171 1917 1240 ἡδονήν,

226 1261 275 1312 εἰ
314 1258 544 1327 γε’νοιτο.
621 1259 708 1311 36.
758 1260 891 1327 μετὰ
929 1260 1141 1311 τούτων
1180 1257 1295 1312 ἐστὶ
1339 1259 1512 1328 Φῆλιξ
1554 1259 1582 1313 ὁ
1624 1260 1789 1322 καλὸς
1826 1258 1918 1312 καὶ

226 1357 497 1416 γενναῖος,
536 1349 712 1419 τούτῳ
753 1346 854 1415 μὲν
892 1347 1116 1417 ἀρχαῖος
1157 1346 1386 1417 ἑταῖρος,
1425 1354 1580 1411 θεοῖς
1620 1345 1682 1401 δὲ
1721 1347 1918 1402 νεωστὶ

228 1439 391 1506 φίλος
443 1437 670 1505 ἡγεμόνι
721 1435 810 1489 σοὶ
861 1437 1200 1505 χρησάμενος
1250 1435 1339 1490 ἐπὶ
1391 1439 1494 1505 τὴν
1545 1447 1755 1505 γνῶσιν
1808 1446 1919 1489 τῶν

163 1548 205 1581 15
229 1527 582 1595 κρειττόνων·
623 1525 683 1587 ὃς
723 1524 947 1578 ἐπειδὰν
988 1526 1077 1596 ἴδῃ
1118 1526 1216 1578 τὸν
1255 1526 1552 1595 γνώριμον,
1594 1524 1919 1593 ἐγκαλύπτε-

228 1633 317 1666 ται
363 1622 475 1666 τῶν
525 1614 725 1667 δεινῶν
776 1614 929 1666 οὔπω
981 1614 1219 1676 λελυκὼς
1270 1612 1452 1666 οὐδέν.
1530 1613 1615 1665 37.
1676 1615 1920 1684 πρόσθες

229 1701 420 1774 ἐκείνω
459 1702 556 1754 τὸν
595 1702 833 1771 χρηστὸν
870 1700 961 1754 καὶ
1000 1685 1206 1765 πάντας
1246 1701 1583 1772 ἀνθρώπους
1623 1700 1920 1772 ἀνηρτημέ-

230 1811 333 1844 νον
370 1799 433 1861 τῇ
473 1790 853 1861 καλοκάγαθίᾳ
891 1793 1182 1861 Δωρίωνα,
1229 1784 1271 1863 ᾧ
1303 1792 1404 1860 τὴν
1443 1790 1547 1843 ἀπὸ
1589 1800 1700 1843 τῶν
1738 1791 1920 1843 ἄλλων

231 1879 588 1949 εὐφροσύνην
635 1879 901 1947 ἀμβλύνει
948 1880 1014 1932 τά
1059 1878 1184 1950 περὶ
1231 1887 1432 1933 τοῦτον
1478 1880 1544 1932 οὐ
1592 1881 1920 1947 μεταβεβλη-

163 1990 208 2022 20
231 1967 380 2034 μένα.
457 1967 542 2020 38.
593 1965 683 2019 καὶ
722 1968 831 2035 μὴν
870 1968 1035 2030 αὐτὸς
1075 1967 1103 2020 ὁ
1145 1967 1320 2035 λέγων
1366 1969 1513 2037 παρὰ
1551 1968 1637 2020 σοὶ
1677 1964 1780 2033 μὲν
1818 1966 1920 2020 οὐκ

232 2057 444 2125 ἄτιμος,
490 2056 667 2128 τούτῳ
707 2052 768 2107 δὲ
808 2053 1111 2123 ἐπιτήδειος
1150 2054 1240 2107 ἀπ’
1273 2054 1499 2108 ἐκείνων
1538 2064 1649 2107 τῶν
1688 2056 1919 2124 χρόνων,

351 2251 375 2289 2
409 2245 551 2289 Thuo.
576 2245 598 2287 I
623 2248 722 2298 140,
748 2249 773 2287 6
807 2243 862 2288 of.
888 2245 921 2287 b.
947 2244 967 2286 I
992 2248 1091 2297 651,
1111 2244 1221 2287 21R
1343 2247 1396 2286 18
1429 2243 1513 2299 Ep.
1544 2247 1627 2286 735

352 2428 376 2465 2
411 2420 555 2477 σοφια
583 2422 694 2465 Fen·
717 2422 819 2466 Mor
845 2423 850 2477 Ι
879 2436 951 2465 σοι
985 2421 1112 2465 CAP
1133 2421 1200 2464 Re
1228 2423 1234 2477 Ι
1262 2418 1496 2464 συνόντων
1530 2446 1584 2452 —-
1619 2424 1644 2462 3
1677 2418 1917 2493 προσφέρῃ

234 2480 351 2524 citat
395 2481 511 2524 Plan
543 2480 622 2524 fol.
650 2486 705 2524 38
797 2479 1052 2538 συνόντων]
1096 2479 1272 2523 τούτων
1312 2479 1429 2522 Plan
1571 2483 1598 2522 4
1644 2476 1841 2532 πρίσκον
1873 2479 1918 2522 Β

235 2538 359 2582 sed'
344 2557 359 2582 ι
390 2540 438 2582 in
462 2554 536 2583 ras
562 2544 586 2582 3
612 2540 691 2583 litt
751 2547 975 2595 προῖσκον
1002 2540 1130 2583 UIM
1157 2546 1161 2590 Ι
1190 2536 1235 2582 δ’
1265 2539 1333 2581 Re
1454 2542 1479 2580 6
1513 2538 1697 2594 signum
1724 2537 1919 2581 interro-

234 2598 438 2665 gai-:ionis
469 2599 603 2654 posui
635 2612 660 2642 e
694 2600 869 2643 VIBM
913 2599 976 2654 (et
1008 2598 1107 2641 Par.
1136 2599 1267 2654 3017)
1319 2603 1323 2649 Ι
1375 2595 1525 2641 ἐλπίδι
1565 2610 1590 2639 σ
1622 2610 1726 2639 cum
1757 2610 1919 2640 rasura

234 2657 372 2699 unius
411 2657 596 2701 litterae
630 2658 673 2701 U
729 2655 914 2708 ἐλπίδος
937 2658 971 2700 Ι
996 2657 1077 2700 sed
1110 2657 1158 2699 in
1191 2654 1394 2707 ἐλπίδιος
1427 2670 1526 2699 corr
1556 2655 1638 2709 m·⁰’‚
1682 2655 1793 2698 Fen·
1817 2656 1918 2698 Mor

236 2715 362 2770 quod
394 2716 591 2759 correxit
612 2715 828 2760 Valesius
861 2715 922 2758 ad
947 2715 1096 2758 Amm.
1125 2715 1262 2758 Marc.
1289 2714 1437 2757 XXIII
1464 2721 1485 2757 1
1512 2729 1555 2770 p.
1577 2718 1659 2757 351
1786 2719 1808 2757 7
1836 2714 1917 2770 μὲν

234 2773 285 2816 in
315 2787 391 2817 ras
421 2775 479 2817 1⁸
636 2780 661 2817 9
706 2775 864 2825 αυτοῖς
887 2775 931 2818 Β
1096 2779 1148 2818 11
1193 2790 1243 2831 γε
1275 2787 1350 2817 om
1375 2774 1436 2816 M
1584 2777 1636 2815 12
1672 2772 1817 2889 ἐΦήλιξ
1850 2773 1919 2817 Re

298 2895 351 2934 19
397 2890 572 2935 τούτων
604 2891 714 2934 Ferr
740 2891 840 2934 Mor
871 2892 996 2947 quod.
1027 2906 1129 2935 corr
1159 2891 1227 2935 Re
1253 2891 1390 2934 Anim
1561 2895 1618 2934 20
1650 2849 1791 2940 αὐταδς
1814 2892 1858 2934 Α

236 2954 292 2993 21
327 2967 356 2992 α
386 2949 436 2992 in
467 2947 550 2994 ἀπ’
579 2950 628 2993 111
651 2963 727 2994 ras
751 2907 1009 2994 P⁴1³§n’
1042 2950 1123 2995 ΟΔ
1146 2950 1256 2994 Ferr
1279 2950 1381 2993 Mor
1412 2949 1537 3005 quod
1570 2963 1671 2993 corr
1694 2950 1762 2993 Re
1777 2949 1918 2992 Anim
