2060 3162
12 2962 26 3015 ξ

699 144 927 190 LIBANII
959 144 1183 190 ORATIO
1211 145 1297 198 XX
1741 146 1851 199 419

168 287 310 334 nulla
348 302 406 334 ex
443 285 695 334 Eustathii
742 285 801 333 de
839 285 1012 348 Hysm.
1046 287 1244 348 sumpta
1255 279 1320 352 ¹):
1371 285 1444 333 VI
1471 286 1685 335 10-15
1736 286 1851 335 inde

169 375 198 408 a
251 360 412 409 verbis
474 356 730 423 ἄνθρακας
789 357 998 425 εὑρίσκω
1058 358 1174 417 τοὺς
1233 359 1525 426 θησαυρούς
1533 397 1548 424 ,
1618 358 1853 425 ἕκφρασις

168 426 429 501 φρέατοςῗ)
468 433 499 481 i.
526 449 564 481 e.
597 433 622 480 I
649 434 695 493 5,
735 432 1012 496 συμπόσιον
1048 435 1080 482 i.
1107 449 1144 482 e.
1178 433 1202 480 I
1227 436 1274 494 7,
1312 432 1549 500 ἕκφρασις
1585 441 1672 499 τῆς
1709 432 1852 497 ὑσμί-

167 527 259 572 νης
296 506 542 572 κιρνώσης
580 507 610 554 i.
637 523 675 554 e.
708 507 734 554 I
759 508 805 554 8.

274 581 416 629 Folio
451 583 516 628 17
521 583 582 629 Ο*
613 584 663 629 et
693 574 763 647 13)
803 581 905 628 alia
942 597 1093 628 manu
1133 584 1335 630 exarata
1374 584 1536 630 exstat
1567 583 1728 630 oratio
1758 585 1851 630 Λι-

167 655 348 721 βανίου
380 658 636 717 Σοφιστοῦ
669 648 813 720 (haeo
845 655 942 703 duo
972 655 1121 703 verba
1152 671 1374 718 praepos.
1399 650 1510 723 m2).
1580 661 1668 705 τοῦ
1699 654 1855 704 αὐτοῦ

164 727 324 795 ἕτερος
372 727 524 794 πρὸς
570 727 894 778 θεοδόσιον
940 726 1041 777 τὸν
1086 727 1332 793 βασιλέα
1381 727 1475 778 ἐπὶ
1524 733 1649 788 ταῖς
1688 729 1852 778 διαλ-

165 806 347 868 λαγαῖ
349 821 374 861 ς
412 803 525 851 inde
566 802 627 850 ab
666 803 812 850 initio
839 797 901 850 “A
931 799 1019 866 μὲν
1058 802 1288 862 πολλάκις
1326 818 1480 866 usque
1520 804 1583 851 ad
1623 817 1852 870 στρατιω-

166 884 279 941 τῶν,
319 871 394 936 οἷς
433 875 575 942 ἔργον
614 870 685 942 (p.
719 878 841 938 429,
869 870 941 943 5).

281 950 570 1013 Sequuntur
607 951 707 998 alia
745 966 896 998 manu
936 950 1146 1013 scriptae

275 1026 360 1073 fol.
390 1027 489 1073 171
534 1024 784 1089 Λιβανίου
823 1023 1096 1091 ἐκφράσεις.
1166 1021 1436 1091 ἡρακλέους
1461 1023 1663 1084 ἑστῶτος
1700 1024 1754 1074 έν
1792 1031 1853 1094 τῇ

165 1102 335 1167 λεοντῇ

1170 1169 1441 1238 ἡρακλέους
1479 1170 1852 1240 περιπεπλεγμέ-

166 1264 258 1295 νου
297 1251 362 1314 τῷ
395 1244 577 1316 ἀνταίῳ

282 1323 308 1368 1
320 1323 348 1368 7
357 1323 413 1368 1v
791 1320 1082 1386 πεζομαχίας

787 1393 997 1454 κάλλους

282 1471 307 1516 1
320 1471 347 1515 7
356 1470 385 1515 2
789 1468 953 1533 θήρας

286 1546 310 1590 1
322 1544 351 1589 7
360 1544 415 1589 2*
792 1541 1008 1607 τρωάδος
1054 1539 1455 1608 ἀντεστραμμένης
1501 1536 1597 1609 (IV
1625 1544 1762 1591 1091
1783 1540 1850 1610 R)

786 1615 1003 1680 τρωάδος
1039 1613 1438 1682 ἄπεστραμμένης
1478 1610 1575 1682 (IV
1603 1610 1768 1683 1093)

168 1705 295 1753 quae
335 1690 517 1739 desinit
554 1690 715 1738 verbis
755 1686 820 1753 ἣν
858 1689 1028 1753 εἴληφε
1066 1689 1202 1748 τάξιν
1241 1684 1427 1757 (1094,
1455 1683 1561 1757 19).

279 1763 565 1826 Sequuntur
601 1764 716 1812 inde
755 1779 786 1811 a
816 1764 935 1812 folio
972 1765 1074 1811 173
1115 1760 1331 1830 ἡρωικὸν
1368 1763 1438 1822 εἰς
1475 1763 1566 1828 τὴν
1603 1770 1692 1813 τοῦ
1731 1781 1855 1828 μου-

168 1837 301 1886 σείου
318 1835 701 1901 ἀνοικοὸόμησιν
724 1833 923 1900 aliaque
948 1854 1077 1900 quae
1091 1853 1342 1887 recensere
1365 1854 1465 1886 non
1482 1840 1557 1886 est
1572 1838 1717 1886 huius
1742 1838 1850 1886 loci.

279 1910 507 1960 Codicem
546 1927 674 1959 anno
717 1912 859 1960 1880
900 1912 1191 1973 examinavi,
1229 1915 1497 1975 postquam
1535 1927 1664 1960 anno
1708 1913 1849 1960 1875

166 2001 397 2049 magnam
428 1988 621 2047 partem
654 1979 1060 2053 (f01.95—173)
1094 2001 1124 2033 a
1150 1985 1327 2035 Carolo
1353 1985 1521 2034 Graux
1553 1989 1603 2034 et
1635 1985 1852 2036 Sturmio

166 2058 584 2123 Luxemburgensi
624 2059 856 2108 collatam
897 2061 1073 2122 accepi.

277 2132 555 2182 Libaniana
604 2149 729 2196 quae
782 2133 895 2181 inde
942 2150 972 2182 a
1010 2134 1131 2182 folio
1175 2136 1278 2182 127
1335 2137 1530 2182 exstant
1582 2134 1853 2196 plurimam

166 2210 360 2268 partem
399 2224 425 2254 e
465 2207 630 2256 codiee
670 2207 896 2256 Parisino
935 2225 1005 2272 gr.
1033 2201 1231 2276 30164)
1271 2209 1391 2255 dum
1436 2208 1478 2256 is
1524 2209 1718 2271 integer
1763 2210 1852 2270 est,

168 2280 413 2343 descripta
459 2296 561 2329 esse
606 2282 852 2330 videntur.
930 2281 1175 2338 Quoniam
1219 2298 1336 2331 vero
1381 2284 1434 2330 is*
1473 2281 1851 2329 fundamentum

167 2354 316 2402 fuisse
355 2354 551 2402 videtur
590 2355 819 2404 editionis
858 2355 1199 2416 Morellianae,
1246 2356 1510 2420 singularis
1555 2357 1687 2403 inter
1724 2355 1852 2404 hane

170 2430 219 2475 et
256 2427 538 2476 Parisinum
579 2429 682 2477 583
722 2429 957 2477 vitiorum
1008 2445 1272 2478 consensus
1311 2429 1607 2491 explicatur,
1651 2430 1710 2476 ut
1746 2447 1851 2493 my-

166 2501 274 2565 χλία
322 2495 536 2566 (κιγκλία
573 2497 706 2568 Mor)
759 2519 848 2566 pro
888 2503 1095 2568 κιγκλίδι
1148 2520 1195 2566 p.
1230 2505 1296 2551 42
1306 2505 1352 2564 2,
1371 2505 1463 2564 20,
1516 2509 1612 2550 νῦν
1661 2519 1751 2565 pro
1797 2501 1851 2551 ἐν

168 2576 291 2635 428,
310 2577 395 2636 21,
433 2573 722 2639 τετιμημένη
760 2592 849 2638 pro
880 2575 1150 2640 τετμημένη
1185 2579 1307 2638 429,
1333 2578 1381 2637 3,
1419 2576 1713 2625 omissorum
1742 2593 1849 2625 ver-

289 2717 330 2772 1)
364 2714 493 2767 Quae
522 2715 726 2759 indicavi
756 2716 874 2760 Ann.
900 2716 1060 2773 philol.
1090 2722 1219 2770 1876,
1245 2721 1343 2760 213.

288 2776 332 2830 2)
380 2773 479 2826 Quo
510 2773 900 2819 Montefaloonius
939 2775 1016 2820 1.1.
1049 2775 1235 2820 Libanii
1274 2777 1328 2820 de
1358 2781 1497 2832 puteo
1534 2774 1848 2831 fragmentum

169 2832 396 2877 contineri
428 2832 644 2889 opinatus
676 2835 787 2877 erat.

288 2893 331 2947 3)
368 2890 491 2935 Ordo
523 2891 800 2948 paginarum
831 2906 954 2936 nune
985 2892 1034 2935 in
1067 2893 1226 2937 codice
1257 2892 1465 2936 inversus
1498 2894 1580 2936 est.

288 2953 332 3006 4)
366 2949 430 2994 cf.
457 2952 489 2994 t.
507 2951 528 2993 Ι
558 2965 604 3006 p.
630 2955 685 2994 53
701 2965 765 3007 sq.

1493 3024 1582 3067 27*
