2060 3162
659 129 887 174 LIBANH
918 128 1142 174 ORATIO
1174 129 1279 173 XIX
1701 129 1808 182 407

127 265 287 329 δείξω
321 264 398 332 δέ,
431 265 504 327 ὡς
534 263 596 318 ἐν
620 264 828 331 ὁμοίοις
861 264 1025 327 αὐτὸς
1056 263 1264 328 ἐκεῖνος
1296 264 1525 334 ἐγένετο.
1575 263 1811 319 ’Έδεσσα

126 356 230 424 γὰρ
269 354 302 423 ἡ
341 355 519 421 πόλις,
569 354 915 422 μεμψάμενοί
948 373 1000 406 τι
1038 363 1151 407 τῶν
1187 355 1326 423 πρὸς
1365 354 1566 417 αὐτοὺς
1604 358 1810 423 χαλκῆν

125 445 310 497 εἰκόνα
359 442 531 495 αὐτοῦ
585 445 938 513 καθελόντες,
994 437 1111 495 εἶτα
1161 443 1389 510 ἄραντες
1440 451 1619 511 πρηνῆ
1674 444 1810 495 κατὰ

125 533 224 585 τὸν
262 529 349 584 ἐπὶ
388 532 519 593 τοὺς
548 531 747 593 παῖδας
784 533 915 594 τοὺς
953 529 1015 583 ἐν
1045 539 1160 593 τοῖς
1192 531 1596 593 διδασκαλείοις
1635 533 1809 600 νόμον

125 622 360 673 ἔτυπτον
400 621 582 686 ἱμάντι
629 620 695 672 τά
740 639 798 672 τε
846 628 993 672 νῶτα
1030 620 1120 672 καὶ
1167 620 1233 672 τὰ
1277 621 1410 686 μετὰ
1454 627 1618 673 τοῦτο
1665 621 1808 673 κάτω
1857 641 1876 674 5

122 707 538 778 προστιθέντες,
601 709 673 771 ὡς
730 709 836 780 ὅτῳ
891 707 1095 776 πληγαὶ
1148 716 1396 761 τοιαῦται
1450 712 1809 778 προσήκουσι,

122 802 384 851 πλεῖστον
422 796 613 866 ἀπέχοι
653 799 944 864 βασιλείας.
1014 797 1100 849 49.
1141 805 1311 850 ταῦτα
1349 798 1550 866 μαθὼν
1589 797 1617 851 ὁ
1652 801 1809 851 Κων-

124 886 376 949 στάντιος
431 886 533 939 οὐκ
587 887 780 939 ἔπεσεν
835 887 912 948 εἰς
966 886 1155 955 ὀργήν,
1211 885 1314 939 οὐκ
1365 885 1581 955 ἐζήτησε
1632 888 1808 956 δίκην,

122 974 313 1029 οὐδενὶ
352 979 512 1045 χείρω
551 974 844 1043 κατέστησε
875 976 976 1043 τὴν
1005 976 1188 1042 πόλιν,
1228 973 1345 1028 ἀλλ’
1378 975 1559 1045 ὥσπερ
1600 975 1700 1028 οὐκ
1739 974 1809 1029 ἂν

124 1063 349 1117 ἐκόλασε
387 1064 656 1132 γεράνους
695 1064 787 1116 διὰ
825 1065 926 1133 τὴν
964 1067 1224 1134 κλαγγήν,
1276 1064 1451 1127 οὕτως
1496 1061 1628 1117 οὐδὲ
1673 1063 1809 1118 ἐκεί-
1833 1087 1876 1119 ιο

123 1173 272 1216 νους.
348 1161 519 1206 ταῦτα
557 1151 648 1206 καὶ
686 1154 752 1206 τὰ
790 1160 1016 1206 τοιαῦτα
1063 1154 1238 1216 οὕτως
1276 1149 1418 1206 εἶναι
1456 1152 1634 1206 ἐδόκει
1671 1154 1810 1206 καλοί

121 1261 181 1294 τε
227 1243 317 1295 καὶ
365 1241 606 1295 ἐπαίνων
653 1240 798 1309 ἄξια,
854 1243 989 1295 ὥστε
1035 1251 1150 1305 τοῖς
1197 1242 1255 1295 ἐκ
1300 1250 1396 1310 τῆς
1450 1241 1738 1305 ἐπιεικείας
1775 1243 1808 1311 ἡ

118 1332 258 1383 κατὰ
296 1333 427 1393 τοὺς
464 1330 736 1397 πολέμους
776 1329 1070 1399 ἐκρύπτετο
1103 1331 1368 1401 ῥᾳθυμία,
1407 1331 1498 1384 καὶ
1533 1329 1539 1401 Ι
1574 1335 1719 1400 Περ-
1750 1343 1791 1386 R
1811 1348 1895 1388 647

118 1428 238 1472 σῶν
275 1418 402 1472 καθ’
435 1418 666 1472 ἕκαστον
714 1417 833 1482 ἔτος
879 1419 967 1472 ἀεί
1009 1439 1061 1472 τι
1107 1419 1560 1490 παρασπωμένων
1605 1421 1697 1472 καὶ
1741 1421 1809 1473 τὰ

121 1508 307 1561 αὐτῶν
344 1509 502 1575 μείζω
549 1509 864 1561 ποιούντων
908 1517 1025 1570 τοῖς
1072 1507 1354 1578 ἡμετέροις
1399 1510 1620 1578 χωρίοις
1665 1509 1808 1577 ὅμως
1832 1530 1874 1564 15

122 1591 231 1666 εἶχε
283 1600 414 1660 τοὺς
460 1595 902 1666 συνευχομένους
955 1596 1103 1668 αὐτῷ
1153 1598 1243 1650 καὶ
1290 1600 1386 1665 ζῆν
1434 1596 1809 1665 βουλομένους

121 1685 228 1738 ὑπὸ
267 1693 332 1755 τῇ
365 1684 580 1739 ἐκείνου
617 1685 741 1754 περὶ
773 1686 867 1748 τὰς
897 1688 1082 1748 πόλεις
1112 1687 1392 1755 πρᾳότητι.
1469 1685 1555 1739 50.
1595 1687 1807 1739 ἅπαντα

121 1774 223 1840 μὲν
254 1775 358 1843 γὰρ
389 1776 691 1843 ἄνθρωπον
714 1781 877 1827 τοῦτο
901 1783 1126 1842 κοσμεῖν
1151 1775 1400 1843 δύναται,
1432 1776 1809 1845 διαφερόντως

244 1984 265 2022 1
299 1978 355 2022 cf.
388 1994 433 2035 p.
459 1983 558 2031 433,
586 1983 641 2022 20
765 1983 818 2023 13
850 1978 908 2023 cf.
933 1995 978 2036 p.
998 1984 1098 2034 326,
1117 1984 1218 2035 3sq.

241 2177 263 2214 1
299 2170 350 2215 δέ
382 2185 458 2215 om
481 2172 589 2215 Flor
614 2172 620 2229 Ι
649 2172 789 2222 αὐτὸς
819 2186 895 2215 om
927 2173 1035 2216 Bad
1061 2168 1287 2228 ΙἜδεσσα
1320 2171 1484 2228 scripsi
1517 2185 1541 2215 e
1564 2171 1667 2216 Par.
1689 2176 1804 2216 3014

122 2245 228 2274 cum
259 2231 361 2275 Mor
385 2230 497 2274 Sinn
530 2231 655 2286 quod
687 2230 1028 2275 commendavit
1060 2231 1204 2275 etiam
1227 2231 1295 2275 Re
1327 2230 1430 2275 coll.
1455 2230 1606 2275 verbis
1638 2246 1682 2288 p.
1702 2236 1803 2285 433,

123 2294 179 2333 20
240 2290 356 2344 πρὸς
385 2290 466 2335 τὸν
499 2291 549 2335 ἐν
571 2297 668 2341 τοῖς
692 2289 881 2347 ὁμόροις
903 2296 957 2347 τῇ
981 2288 1134 2351 Συρίᾳ
1166 2289 1224 2334 cf.
1248 2289 1519 2333 Amm.XX1
1536 2295 1611 2345 7‚7
1668 2290 1804 2347 ἔμεσα

121 2348 290 2403 reliqui
320 2349 429 2392 libri
503 2346 705 2405 Ἔμεσσα
735 2350 804 2393 Re
983 2354 1008 2392 2
1042 2348 1315 2406 μεμψαμένη
1348 2349 1468 2406 (Par.
1496 2351 1627 2406 3014)
1659 2349 1761 2393 Mor
1796 2352 1799 2407 Ι

122 2408 293 2458 αὐτοὺς
318 2410 375 2452 Μ
497 2413 522 2452 3
555 2407 834 2460 καθελόντες
865 2409 1007 2452 αὐτοῦ
1039 2410 1080 2452 Τ
1192 2414 1220 2452 4
1252 2415 1344 2452 τῶν
1371 2409 1432 2452 Μ
1455 2409 1460 2466 Ι
1487 2409 1596 2460 τοὺς
1626 2407 1677 2451 ἐν
1707 2416 1806 2461 τοῖς

122 2480 197 2510 om
221 2468 344 2511 PaT
379 2470 386 2524 Ι
419 2468 528 2519 τοὺς
558 2481 634 2511 om
665 2469 775 2512 Bad
805 2467 907 2511 Mor
1068 2472 1093 2511 5
1125 2467 1319 2511 τούτων·
1353 2463 1473 2511 κᾶτα
1504 2468 1614 2512 Bad
1643 2467 1746 2511 Mor

124 2527 309 2580 „malim
348 2526 428 2569 καὶ
466 2526 524 2569 τὰ
563 2525 675 2582 μετὰ
703 2533 850 2570 ταῦτα
881 2525 1007 2570 κάτω
1038 2528 1107 2571 vel
1134 2524 1187 2570 τό
1226 2542 1274 2570 τε
1313 2533 1460 2571 νῶτον
1491 2527 1572 2570 καὶ
1602 2525 1659 2570 τὰ
1690 2526 1803 2582 μετὰ

120 2591 257 2629 τοῦτο
288 2584 442 2629 ’enitor‘
474 2584 606 2628 Boiss
757 2590 780 2628 ἰ·
830 2585 991 2643 ἀπέχει
1023 2586 1239 2630 ΒαάΤΜ
1266 2585 1367 2628 Mor
1518 2590 1542 2628 7
1574 2592 1720 2629 ταῦτα
1746 2612 1801 2618 -

125 2647 179 2688 10
212 2642 418 2693 ἐκείνους
449 2643 564 2688 citat
587 2643 704 2687 Plan
733 2643 813 2688 fol.
835 2649 942 2687 103v
1109 2649 1132 2688 7
1167 2643 1191 2688 ὁ
1223 2643 1548 2694 Κωνστοέντιος
1578 2658 1653 2688 om
1684 2643 1803 2688 Plan

181 2707 207 2745 8
247 2703 333 2747 οὐκ
363 2705 424 2758 (2)
459 2729 513 2735 -
546 2707 572 2746 9
602 2700 739 2747 πόλιν
770 2717 846 2746 om
876 2703 993 2747 Plan
1116 2707 1170 2746 10
1210 2701 1312 2747 οὐδ’
1340 2702 1459 2746 Plan
1581 2709 1631 2747 11
1674 2707 1806 2748 δοκεῖ

120 2761 327 2805 Sintenis
458 2766 510 2805 13
544 2759 794 2816 ἐκέκρυπτο
827 2762 936 2806 Bad
966 2762 1068 2806 Mor
1127 2762 1441 2816 ἀπεκρύπτετο
1473 2762 1579 2807 coni
1609 2762 1741 2806 Boiss

184 2825 250 2863 14-
269 2819 563 2865 καθέκαστον
595 2821 705 2864 Βαά
734 2820 836 2864 Mor
957 2826 1011 2865 15
1043 2821 1194 2864 αὐτῶν
1230 2821 1330 2864 ΤΜ
1357 2823 1404 2865 et
1433 2820 1483 2864 in
1515 2822 1668 2865 αὐτῶν
1700 2834 1801 2865 corr

122 2879 255 2923 Βιιά2
315 2879 468 2924 &irem
499 2881 534 2922 Ι
649 2884 702 2923 16
735 2878 1077 2935 συνηδομένους
1105 2880 1213 2925 Βαά
1236 2879 1337 2923 Μοι·
1458 2885 1512 2924 17
1534 2878 1709 2925 ’κείνου
1726 2882 1806 2924 ΑΙ

125 2935 133 2995 1
158 2937 381 2995 πραότητι
404 2938 509 2993 περὶ
533 2937 614 2988 τὰς
636 2937 791 2988 πόλεις
806 2939 991 2983 PaBad
1007 2938 1108 2982 Mor
1223 2942 1277 2981 18
1308 2946 1443 2984 τοῦτο
1468 2952 1543 2982 om
1567 2940 1676 2983 Bad
1699 2939 1800 2982 Mor
