2060 3162
238 89 345 142 296
731 87 958 132 LIBANH
989 87 1212 132 ORATIO
1243 88 1394 133 XVIII

238 222 490 278 ἐλάττων.
567 220 691 277 ὥστ’
729 225 934 287 ἔθνους
986 222 1319 293 μεμνημένοι
1380 224 1469 278 καὶ
1524 225 1624 277 τὸν
1677 224 1921 294 ἀριθμὸν

237 322 348 366 τῶν
386 312 673 382 χρημάτων
718 312 893 375 εὐθὺς
929 315 1350 382 προσετίθεσαν,
1398 313 1465 366 ὃν
1503 312 1747 383 ὑπῆρχεν
1785 311 1921 366 ἐκεῖ-

238 406 344 454 θεν
382 398 540 470 ἔχειν.

353 488 471 542 140.
525 484 697 542 Οὗτοι
735 491 929 543 τοίνυν
969 489 1022 542 οἱ
1060 488 1326 556 βασιλέως
1365 488 1649 560 ὀφθαλμοὶ
1687 488 1779 543 καὶ
1818 491 1922 559 φά-

195 599 213 631 5
240 591 463 640 σκοντες
503 578 715 630 ἅπαντα
762 579 838 641 εἰς
877 586 995 647 φῶς
1035 579 1189 645 ἄγειν
1234 578 1326 631 καὶ
1363 587 1546 632 ποιεῖν
1583 581 1715 641 τοὺς
1752 596 1922 647 πονη-

239 668 371 737 ροὺς
408 669 664 737 μετρίους
702 674 777 739 τῷ
809 667 880 735 μὴ
922 665 1121 730 ἐξεῖναι
1153 667 1457 721 λανθάνειν
1486 668 1661 730 πάσας
1693 667 1921 721 ἀνίεσαν

239 756 315 818 εἰς
345 757 619 825 πονηρίαν
651 755 819 818 ὁδοὺς
850 753 941 808 καὶ
973 757 1149 822 μόνον
1179 755 1282 809 οὐκ
1314 755 1628 827 ἐκήρυττον,
1667 756 1740 819 ὡς
1771 755 1922 809 ἀκίν-

238 845 382 898 δυνα
437 844 753 914 δράσουσιν.
839 842 978 896 ὥσθ’
1017 845 1071 897 οἱ
1124 843 1364 898 κωλυταὶ
1414 853 1525 897 τῶν
1574 844 1923 913 ἀδικημάτων

239 931 396 986 αὐτοὶ
449 934 578 996 τοὺς
639 932 966 996 ἀδικοῦντας
1019 931 1222 998 ἔσωζον
1278 931 1443 986 κυσὶν
1498 931 1733 996 ἐοικότες
1787 947 1924 1002 συμ-

173 1043 215 1075 10
238 1021 540 1092 πράττουσι
586 1029 700 1084 τοῖς
746 1021 945 1084 λύκοις.
1022 1022 1115 1074 διὰ
1160 1029 1330 1075 ταῦτα
1377 1027 1500 1074 ἴσον
1545 1016 1615 1089 ἧν
1660 1027 1929 1094 θησαυρῷ

238 1129 296 1163 τε
341 1108 594 1180 ἐντυχεῖν
615 1108 725 1163 ’καὶ
771 1110 984 1163 τούτων
1029 1119 1318 1180 μετασχεῖν
1363 1120 1475 1163 τῶν
1523 1110 1816 1179 μετάλλων.
1893 1108 1923 1162 ὁ

239 1199 343 1268 γὰρ
382 1199 532 1267 ἥκων
562 1192 703 1269 Ἶρος
742 1197 802 1251 ἐν
836 1200 1030 1269 βραχεῖ
1060 1200 1240 1271 χρόνῳ
1266 1201 1524 1261 Καλλίας.
1597 1198 1716 1251 141.
1750 1200 1921 1252 ἄλλου

238 1289 432 1340 τοίνυν
470 1286 805 1349 ἀντλοῦντος
843 1285 925 1340 ἐπ’
957 1287 1102 1360 ἄλλῳ
1148 1286 1240 1341 καὶ
1278 1288 1623 1356 γιγνομένων
1667 1296 1779 1340 τῶν
1824 1283 1926 1353 μὲν

238 1377 452 1428 πόλεων
496 1374 854 1445 πενεστέρων,
900 1385 1012 1429 τῶν
1051 1373 1113 1429 δὲ
1150 1383 1321 1429 ταῦτα
1366 1378 1791 1444 καπηλευόντων
1838 1375 1925 1428 εὐ-

173 1485 215 1518 15
242 1464 522 1533 δαιμόνων
567 1464 734 1517 πάλαι
772 1484 828 1518 τε
869 1464 897 1518 ὁ
937 1467 1196 1533 βασιλεὺς
1241 1465 1374 1534 ἡμῖν
1412 1466 1613 1534 ἤχθετο
1660 1464 1750 1517 καὶ
1787 1464 1926 1516 παύ-

240 1566 359 1606 σειν
415 1553 624 1621 ἠπείλει
682 1554 946 1622 δυνηθεὶς
1005 1553 1095 1607 καὶ
1158 1552 1424 1622 δυνηθεὶς
1485 1555 1723 1611 ἔπαυσεν
1785 1551 1921 1620 ὅλην

149 1658 191 1701 R
214 1659 298 1699 569
330 1638 432 1709 μὲν
470 1640 687 1710 ἐκείνην
720 1640 727 1713 Ι
763 1642 1123 1705 διασκεδάσας
1161 1643 1261 1711 τὴν
1294 1643 1550 1712 φατρίαν,
1589 1641 1928 1710 ἀφελόμενος

241 1728 303 1784 δὲ
341 1729 432 1783 καὶ
471 1733 849 1801 προσηγορίαν
879 1731 971 1784 καὶ
1001 1729 1172 1799 τάξιν,
1213 1729 1307 1798 ἀφ’
1338 1727 1401 1799 ἧς
1431 1731 1609 1784 πάντα
1641 1729 1925 1799 ἐπόρθουν

241 1839 299 1872 τε
338 1817 428 1871 καὶ
469 1819 792 1889 διώρυττον,
845 1819 1008 1883 αὐτὸς
1048 1816 1107 1872 δὲ
1145 1828 1261 1883 τοῖς
1299 1819 1471 1872 αὑτοῦ
1511 1820 1789 1889 χρώμενος
1825 1814 1928 1884 μὲν

175 1936 218 1968 20
243 1908 319 1969 εἰς
357 1907 689 1977 γραμμάτων
726 1908 969 1977 πομπάς,
1011 1916 1107 1977 τῆς
1146 1905 1209 1961 δὲ
1246 1916 1345 1961 τοῦ
1385 1915 1556 1960 ταῦτα
1595 1908 1736 1973 δρᾶν
1775 1904 1926 1969 ἐξου-

243 1998 363 2057 σίας
404 1995 470 2048 οὐ
510 1997 850 2064 μεταδιδούς.
931 1996 1049 2050 142.
1089 2004 1253 2049 τοῦτο
1291 1993 1351 2049 δὲ
1390 1991 1460 2063 ἦν
1499 1995 1736 2065 ἀκριβῶς
1775 1992 1926 2046 ἔλευ-

363 2175 416 2214 12
449 2170 533 2228 Ep.
554 2174 650 2213 143.
701 2169 758 2213 cf.
785 2169 938 2214 Herm.
964 2170 1048 2213 XII
1073 2174 1157 2213 207
1169 2185 1235 2225 sq.

365 2339 386 2376 1
436 2331 547 2376 ὥστε
591 2332 681 2376 edd
862 2336 886 2374 2
935 2331 1116 2376 ἐκεῖθεν
1160 2332 1363 2388 ὑπῆρχεν
1405 2332 1466 2374 Μ
1519 2332 1524 2387 Ι
1582 2331 1805 2433 ἐγγύθενυ
1820 2331 1866 2374 Β

245 2428 270 2465 5
303 2421 490 2466 ἅπαντα
523 2420 782 2476 φάσκοντες
804 2420 838 2463 Ι
916 2418 1127 2469 ἅπαντας
1161 2419 1199 2464 C
1217 2419 1318 2463 Mor
1341 2419 1409 2462 Re
1560 2424 1584 2462 6
1617 2406 1808 2492 μετρίως
1841 2420 1926 2463 Mo

249 2481 253 2539 Ι
289 2479 491 2536 ἀνήεσαν
515 2481 591 2524 La
704 2483 727 2522 7
756 2475 983 2535 πονηρίας
1007 2479 1068 2521 Μ
1091 2482 1097 2533 l
1125 2478 1357 2534 μονονουκ
1382 2479 1450 2522 Re
1563 2482 1588 2521 8
1622 2474 1743 2521 ὥσθ’
1770 2479 1816 2521 Ρ
1844 2477 1925 2520 sed

243 2542 281 2583 θ
311 2538 360 2582 in
383 2552 459 2582 ras
483 2538 552 2582 m²
613 2536 725 2582 ὥστε
755 2538 831 2582 La
962 2541 1017 2580 10
1050 2540 1276 2582 διαταῦτα
1309 2539 1496 2582 BVIM
1541 2539 1547 2593 Ι
1591 2532 1690 2580 ἴσον
1714 2536 1925 2580 RMoLa

307 2602 358 2640 12
393 2596 555 2648 καλίας
587 2599 649 2642 Μ
765 2601 818 2639 13
851 2594 1134 2669 γιγνομένων
1165 2597 1200 2639 Ι
1225 2597 1306 2640 sed
1337 2614 1383 2654 γι
1413 2596 1462 2639 in
1486 2609 1561 2639 ras
1583 2595 1654 2638 m²
1684 2597 1731 2638 et
1761 2596 1868 2650 post
1898 2612 1925 2652 y

247 2655 443 2700 alterum
473 2669 635 2700 rasum,
667 2660 778 2699 1-—2
811 2655 890 2699 litt
939 2657 945 2710 Ι
995 2653 1076 2711 μὲν
1107 2655 1231 2698 inser
1253 2656 1288 2698 I
1295 2655 1311 2679 ²
1469 2659 1523 2697 15
1555 2655 1621 2712 τε]
1645 2653 1728 2710 μὲν
1759 2652 1881 2696 Fabr
1915 2653 1919 2711 Ι

247 2715 475 2789 βασιλευς
488 2715 627 2767 αὐτὸς
656 2715 766 2771 ἡμῖν
797 2715 873 2759 La
1017 2719 1070 2756 17
1104 2711 1307 2770 φατρίαν
1339 2716 1385 2758 P
1413 2714 1493 2757 sed.
1526 2726 1665 2768 supra
1697 2729 1731 2767 φ
1762 2725 1925 2755 rasura,

306 2790 537 2829 φρατριαν
570 2774 661 2817 edd
693 2773 749 2817 cf.
782 2789 827 2830 p
850 2777 950 2826 207,
969 2777 993 2815 5
1117 2777 1169 2816 19
1203 2773 1347 2817 αὐτοῦ
1381 2775 1427 2817 Ρ
1454 2772 1535 2816 sed
1567 2771 1615 2814 in
1648 2771 1790 2814 αὑτοῦ
1823 2784 1926 2814 corr

245 2839 328 2893 ωδ,
363 2840 541 2884 VLaM
566 2840 668 2884 Mor
690 2840 812 2883 Fabr
902 2846 1045 2882 αυτοῦ
1073 2841 1117 2884 U
1191 2828 1334 2883 αὐτοῦ
1358 2840 1392 2882 Ι
1567 2842 1620 2880 21
1655 2835 1923 2915 ἐλευθέρας]

246 2899 434 2955 ἀληθῶς
464 2899 539 2943 La
