2060 3162
257 152 366 204 204
765 151 992 196 LIBANII
1023 151 1245 196 ORATIO
1276 151 1403 195 XVH

259 291 447 340 Codicis
485 291 734 352 lammam)
775 284 858 357 (cf.
889 308 936 353 p.
965 284 1094 358 234)
1134 294 1183 339 et
1211 291 1441 339 foliorum
1473 292 1591 340 ordo
1623 291 1930 341 disturbatus

254 381 410 427 neque
447 367 500 412 in
538 365 766 413 Palatino
811 381 967 426 neque
1004 367 1057 412 in
1095 365 1319 413 Parisino
1351 382 1420 428 gr.
1448 367 1588 414 3016
1631 392 1700 398 —
1739 365 1782 413 si
1820 368 1931 427 quis

252 440 381 486 hunc
413 439 531 486 olim
568 439 755 487 Noallii
793 440 945 487 fuisse
984 439 1224 501 suspicari
1256 439 1379 487 velit
1421 466 1483 472 ——
1527 442 1779 502 apparent.

364 586 422 633 In
452 587 544 634 hac
576 602 769 648 quoque
802 587 1023 634 oratione
1056 585 1242 634 codices
1276 582 1545 649 ‘eclogarii'
1582 602 1701 648 quos
1733 587 1931 649 quidem

253 661 445 722 inspexi
484 660 725 723 dignitate
762 660 1019 722 pretioque
1059 655 1431 722 ‘corporalibus'
1479 661 1624 724 longe
1673 661 1932 710 inferiores

256 737 384 782 sunt.
459 733 636 795 Itaque
675 734 795 781 satis
836 749 939 782 esse
979 733 1095 781 duxi
1125 735 1270 782 unius
1310 750 1367 781 ex
1404 734 1504 782 illis
1542 736 1683 782 testis
1714 734 1929 782 Lauren-

252 809 380 855 tiani
410 807 597 854 XXXII
622 809 686 855 13
714 800 842 874 (La)
873 809 1108 856 lectiones
1138 809 1192 855 in
1223 810 1517 869 apparatum
1547 808 1771 856 criticum
1800 823 1928 856 rece-

255 883 398 943 pisse.
476 878 836 929 Laurentianus
867 881 938 929 IX
964 883 1033 930 30
1073 881 1135 928 ad
1167 881 1373 929 eundem
1404 883 1591 930 fontem
1629 884 1777 943 atque
1808 882 1931 928 Bar-

252 955 451 1003 berinus
482 955 622 1002 redit.
701 954 834 1011 Quos
870 956 1025 1018 igitur
1062 957 1115 1002 in
1153 971 1349 1004 censum
1386 956 1560 1004 vocavi
1598 958 1712 1003 sunt
1742 955 1931 1003 codices

258 1027 825 1078 CAPUVIBMMoLa.
903 1029 976 1076 De
1028 1031 1221 1077 ratione
1276 1031 1441 1077 autem
1494 1045 1619 1091 quae
1668 1030 1798 1077 inter
1841 1029 1932 1077 hos

252 1103 514 1150 intercedit
550 1104 603 1149 in
640 1104 922 1151 universum
961 1103 1023 1150 ad
1062 1119 1119 1151 ea
1156 1105 1207 1150 te
1242 1102 1522 1166 delegatum
1561 1103 1673 1151 volo
1714 1117 1839 1164 quae
1877 1103 1931 1149 in

254 1176 556 1224 orationibus
609 1178 829 1238 proxime
879 1176 1276 1225 antecedentibus
1323 1178 1535 1238 exposui.
1614 1176 1709 1224 Sed
1763 1192 1930 1237 quam-

255 1266 403 1311 quam
433 1250 514 1297 hic
538 1266 731 1312 quoque
757 1250 881 1298 duae
905 1250 1124 1298 codicum
1149 1250 1368 1298 familiae
1392 1250 1735 1312 dispiciuntur,
1765 1252 1932 1297 tamen

251 1324 463 1387 vestigia
493 1324 826 1386 bipertitionis
854 1324 1011 1387 magis
1037 1324 1276 1386 dissipata
1301 1326 1429 1384 sunt,
1462 1326 1695 1386 quoniam
1724 1339 1824 1371 non
1853 1339 1929 1371 so·

253 1398 357 1444 lum
380 1398 500 1444 ΒΜ
516 1397 846 1445 recensionem
868 1398 1075 1445 mixtam
1097 1398 1347 1460 praebent,
1379 1397 1462 1445 sed
1487 1398 1638 1445 etiam
1659 1398 1707 1445 P
1724 1398 1804 1445 hic
1826 1398 1931 1445 illic

254 1487 363 1518 cum
411 1471 657 1519 codicibus
696 1471 937 1520 secundae
975 1472 1195 1519 familiae
1234 1471 1367 1520 facit.
1446 1471 1541 1519 Sed
1578 1473 1621 1519 is
1661 1473 1811 1518 etiam
1848 1487 1933 1519 ne-

254 1545 531 1608 glegentiae
578 1545 841 1609 singularis
879 1547 1022 1594 notas
1067 1561 1186 1607 prae
1226 1561 1276 1593 se
1315 1547 1424 1592 fert.
1501 1545 1559 1592 In
1596 1546 1689 1592 hac
1738 1561 1932 1607 quoque

253 1621 474 1666 oratione
511 1619 641 1667 inter
680 1620 729 1667 U
770 1621 820 1667 et
856 1620 894 1666 Ι
928 1622 1037 1667 arta
1075 1620 1164 1666 illa
1211 1621 1285 1667 est
1321 1619 1628 1667 necessitudo
1669 1611 1751 1684 (cf.
1783 1635 1830 1680 p.
1860 1612 1931 1685 7).

362 1693 526 1740 Unum
567 1693 729 1741 locum
771 1693 1148 1754 Eustathius,
1195 1693 1315 1741 duos
1354 1693 1601 1741 Thomas
1640 1692 1930 1756 Magister

253 1766 440 1814 citavit.

361 1840 495 1886 Num
531 1856 703 1887 revera
751 1842 1051 1901 quatenusve
1089 1841 1367 1889 Bessario
1414 1840 1686 1888 orationem
1732 1841 1784 1886 in
1829 1855 1930 1887 mo-

252 1913 401 1960 nodia
433 1929 581 1974 quam
613 1914 895 1962 adulescens
925 1914 978 1961 in
1001 1915 1278 1962 Manuelem
1305 1913 1656 1977 Palaeologum
1684 1907 1744 1978 (†
1765 1905 1930 1978 1424)

257 1986 467 2047 scripsit,
505 2003 647 2034 suum
683 1989 737 2034 in
766 2003 912 2035 usum
943 1989 1253 2048 converterit,
1290 1990 1398 2035 tum
1428 1987 1623 2035 demum
1662 1989 1792 2034 certo
1833 1987 1930 2033 sta-

255 2059 392 2106 biliri
428 2060 627 2121 poterit,
667 2076 776 2107 cum
814 2061 933 2108 haec
972 2076 1144 2123 graece
1182 2061 1431 2122 prodierit.

370 2131 491 2180 Cum
550 2134 642 2181 hac
697 2149 852 2195 aeque
906 2136 1053 2194 atque
1109 2149 1219 2181 cum
1270 2133 1503 2181 Aristidis
1563 2134 1615 2179 in
1670 2131 1930 2194 Smyrnam

254 2207 484 2254 monodia
522 2222 631 2254 eam
670 2208 975 2268 comparavit
1021 2209 1070 2254 et
1114 2207 1267 2253 latine
1311 2208 1461 2254 vertit
1498 2206 1783 2253 Nicolaus
1821 2205 1930 2253 Pe-

251 2280 426 2341 rotti,
456 2280 569 2328 inde
594 2281 654 2328 ab
681 2296 808 2328 anno
835 2281 974 2328 1458
1001 2279 1393 2341 archiepiscopus
1419 2279 1719 2341 Sipontinus,
1753 2282 1802 2326 et
1824 2279 1930 2340 ipse

253 2354 424 2402 auctor
438 2354 697 2402 monodiae
713 2356 766 2401 in
783 2355 987 2401 fratrem
1006 2353 1252 2414 Severum,
1276 2356 1333 2400 ut
1355 2353 1459 2415 ipse
1481 2355 1694 2400 testatur
1716 2353 1768 2399 in
1794 2349 1930 2401 ‘Pro-

253 2428 446 2475 hoemio
485 2427 548 2474 ad
576 2427 809 2476 Aristidis
840 2427 1018 2475 Libani
1056 2429 1105 2474 et
1134 2427 1438 2475 Bessarionis
1470 2426 1722 2474 monodias
1761 2442 1791 2473 a
1822 2441 1872 2474 se
1904 2442 1930 2474 0

253 2516 400 2563 greca
437 2501 608 2564 lingua
645 2503 699 2548 in
736 2503 947 2548 latinum
985 2515 1240 2548 conversas
1281 2500 1343 2547 ad
1377 2499 1578 2547 Petrum
1618 2490 1927 2564 [Foscafum]

253 2573 539 2635 Apostolice
581 2574 718 2622 Sedis
771 2569 1181 2636 protonotarium'
1238 2567 1344 2640 (fol.
1386 2567 1538 2640 236),
1593 2574 1724 2634 quod
1769 2575 1931 2620 exstat
2026 2573 2031 2578 ’

255 2646 307 2693 111
347 2647 510 2695 codice
541 2647 654 2695 Vat.
679 2649 765 2696 lat.
793 2649 932 2696 8086
968 2641 1144 2715 (chart.
1168 2647 1219 2694 in
1252 2648 1343 2694 oct.
1369 2661 1491 2694 saec.
1516 2640 1629 2712 XV)
1663 2647 1747 2694 fol.
1775 2646 1929 2694 2382':

252 2720 504 2775 „Primum
535 2723 669 2780 apud
695 2735 858 2781 yrecos
888 2723 973 2769 hoc
995 2722 1183 2769 dicendi
1209 2734 1378 2780 yenere
1410 2714 1515 2786 (fol.
1544 2721 1645 2767 239
1661 2713 1778 2785 inc.)
1808 2733 1929 2766 usus

256 2796 324 2841 est
345 2792 600 2849 Aristides,
633 2795 803 2842 deinde
825 2795 1083 2850 Libanius,
1105 2796 1303 2854 praeter
1334 2807 1409 2841 eos
1433 2808 1487 2840 ex
1509 2794 1742 2840 veteribus
1764 2806 1928 2849 nemo,-

254 2867 389 2926 apud
412 2868 587 2914 latinos
603 2881 711 2914 vero
727 2869 892 2915 nullus
915 2868 1085 2928 adhuc,
1110 2868 1235 2927 quod
1256 2868 1309 2914 in
1325 2881 1480 2914 meam
1502 2867 1721 2913 notitiam
1735 2866 1928 2920 venerit,

251 2953 372 2988 usus
405 2944 482 2987 est.
543 2938 720 2999 Accepi
749 2942 901 2988 subito
931 2939 1198 2988 Aristidem
1227 2941 1585 2999 Libamumque
1622 2941 1675 2987 in
1704 2939 1930 2986 manibus
