2060 3162
645 127 875 173 LIBANH
907 127 1131 174 ORATIO
1163 129 1312 175 XXIV
1725 130 1835 183 513

145 272 415 321 editionem
446 285 557 318 cum
579 271 805 318 versione
836 270 997 319 latina
1022 272 1473 333 commentarioque
1506 270 1651 319 docto
1683 271 1833 319 misit.

145 346 282 403 Quae
320 345 486 393 omnia
516 345 559 392 is
597 344 650 391 in
681 344 1020 392 Bibliothecae
1052 342 1268 392 Graecae
1306 347 1425 394 tom.
1443 344 1542 392 VII
1578 362 1626 407 p.
1655 346 1834 394 145—

148 422 250 468 179
283 418 471 481 publici
507 419 630 466 iuris
662 418 783 466 fecit
793 411 851 485 1),
888 419 964 466 ita
992 419 1162 467 tamen
1192 422 1250 467 ut
1287 419 1352 467 ad
1381 421 1574 467 textum
1605 435 1837 484 graecum

143 491 543 541 constituendum
565 492 888 540 fundamento
921 493 1144 540 uteretur
1175 493 1333 541 altero
1363 494 1648 557 apographo
1672 493 1835 558 Lang-

140 566 366 615 bainiani
413 566 545 628 quod
581 566 793 614 Wolfius
841 582 969 614 anno
1013 568 1154 615 1708
1209 567 1396 615 fecerat
1440 568 1726 630 factumque
1773 567 1837 615 ad

140 640 286 688 illum
323 641 541 689 miserat.
617 640 677 688 In
715 642 1000 689 universum
1040 640 1192 689 editio
1223 641 1520 690 Fabriciana
1559 634 1655 708 (=
1679 635 1835 708 Fabr)

142 714 238 762 fide
279 712 573 763 Olearianae
606 707 702 781 (=
729 707 814 782 Ol)
853 717 1092 777 praestat,
1131 718 1248 763 sunt
1277 717 1446 764 tamen
1478 715 1630 764 etiam
1658 717 1712 764 in
1742 717 1836 765 hac

144 804 271 850 quae
309 790 502 837 rectius
531 789 765 852 legantur
804 805 955 852 quam
991 791 1065 836 in
1083 790 1190 837 illa.
1695 827 1698 830 .

254 862 419 911 Pauca
471 863 598 911 vitia
653 862 884 912 editionis
935 863 1258 912 Fabricianae
1313 863 1582 912 divinando
1637 865 1836 913 sanavit

140 936 421 985 Reiskius
446 935 610 984 Anim.
621 937 668 984 V
688 938 995 999 198—201,
1018 938 1164 1000 plura
1188 954 1280 1000 ope
1305 938 1530 987 codicum
1551 937 1838 1002 Augustani

143 1012 195 1058 et
223 1011 533 1059 Monacensis
564 1013 619 1059 in
650 1011 869 1059 editione
910 1027 1036 1073 quae
1070 1027 1198 1060 anno
1235 1013 1375 1061 1793
1410 1013 1470 1060 ab
1502 1029 1653 1060 uxore
1683 1014 1834 1075 prelis

142 1086 403 1134 commissa
427 1087 503 1133 est
532 1088 568 1133 t.
586 1085 637 1132 Π
659 1102 706 1147 p.
729 1086 961 1134 27—62.
1022 1085 1165 1134 Hanc
1195 1087 1509 1149 paucissimis
1535 1088 1696 1149 iisque
1720 1103 1834 1136 raro

140 1158 354 1207 feliciter
399 1161 607 1207 mutatis
652 1161 890 1222 repetivit
926 1160 1269 1209 Monnerius
1316 1178 1363 1223 p.
1401 1162 1689 1210 162—193
1740 1162 1836 1210 ele-

141 1235 344 1296 gantem
374 1235 651 1282 versionem
675 1232 919 1282 Gallicam
951 1234 1150 1296 addens,
1180 1237 1325 1284 notas
1351 1235 1625 1296 additurus,
1656 1236 1699 1284 si
1730 1237 1838 1285 vita

141 1307 339 1371 longior
376 1301 763 1375 suppetiisset.²)
839 1308 1094 1356 Nonnulla
1132 1310 1344 1358 correxit
1383 1308 1652 1358 Cobetus.

262 1463 307 1580 ἐξ
336 1462 504 1566 ἕὲὓῗθΙ
523 1477 579 1508 ex
592 1463 691 1568 1h5ac
723 1464 929 1508 editione
953 1464 1099 1508 etiam
1131 1465 1181 1508 in
1204 1465 1510 1509 Reiskianam
1532 1467 1833 1511 transierunt.

333 1550 337 1553 -
398 1558 406 1566 .
456 1558 464 1567 .
526 1538 571 1579 p.
652 1558 659 1566 .

232 3019 431 3054 Ismarus
455 3022 774 3058 ed.Foerster.
808 3025 860 3057 II.
1508 3023 1563 3063 33
