2060 3162
223 103 331 156 332
742 104 970 148 LIBANII
1002 103 1225 148 ORATIO
1257 104 1406 149 XVIII
1473 138 1481 146 ,

223 238 313 292 καὶ
367 247 542 308 τεῖχος
591 239 718 309 περὶ
770 247 953 292 πᾶσαν
999 239 1334 312 ἐληλαμένον
1381 238 1553 310 μηδὲν
1601 239 1699 304 ἔξω
1748 261 1909 295 κατα·-

134 342 282 385 R596
334 328 579 390 λελοιπὸς
626 328 797 381 αὑτοῦ
852 326 976 397 μηδ’
1010 329 1143 381 ὅσον
1197 330 1393 382 δοῦναι
1445 331 1630 401 χώραν
1693 331 1699 399 Ι
1763 333 1918 384 ποδί..

222 419 525 486 μακαρίσας
564 417 631 484 δὴ
670 419 801 479 τοὺς
851 419 1140 480 οἰκοῦντας
1185 426 1279 486 τῆς
1323 426 1424 471 τοῦ
1469 420 1643 471 τόπου
1693 409 1913 488 φύσεως

224 504 314 558 καὶ
356 503 677 574 γνούςγὼς,
718 506 765 557 εἰ
804 514 918 568 τοῖς
957 505 1250 574 ἀνηνύτοις
1288 505 1609 578 ἐπιχειροίη,
1648 505 1904 577 χαρίζοιτ’

181 616 199 646 5
225 593 294 646 ἂν
332 602 447 656 τοῖς
492 596 775 664 πολεμιόις
824 595 914 647 καὶ
965 595 1049 647 ὅτι
1098 602 1193 663 τῆς
1248 600 1367 663 ἴσης
1417 595 1605 658 ἀνοίας
1654 595 1908 666 παριέναι

223 702 280 735 τε
327 682 360 735 ἃ
407 685 598 750 λαβεῖν
644 684 726 735 ε”νι
774 681 864 735 καὶ
917 685 1315 754 προσπαλαίειν
1367 685 1583 747 τούτοις
1634 685 1667 737 δὲ
1721 687 1921 754 λαβεῖν

224 771 323 840 οὐχ
364 763 485 824 οἷόν
522 791 603 840 τε,
654 771 856 840 ταχέως
895 770 975 824 ἐπ’
1007 772 1208 835 αὐτοὺς
1252 770 1403 841 ἥξειν
1441 774 1610 826 εἰπὼν
1655 774 1746 832 καὶ
1786 772 1913 836 δέος

225 863 420 929 σφίσιν
467 861 532 912 οὐ
573 862 773 930 μικρὸν
811 860 1187 928 ἐγκατοικίσας
1225 860 1315 914 καὶ
1353 860 1586 931 ταράξας
1631 863 1731 930 τὴν
1769 863 1908 930 γνώ-

223 970 333 1018 μην
370 958 486 1011 τοῖς
525 949 724 1018 ῥήμασι
773 950 941 1003 πάλιν
988 948 1059 1002 δι’
1093 948 1297 1020 ἐρήμου
1345 949 1644 1020 πορευθεὶς
1689 952 1909 1004 ἅπτεται

158 1060 200 1092 10
223 1045 318 1106 τῆς
349 1036 609 1106 Ἄσυρίων
647 1045 771 1106 γῆς,
817 1039 850 1106 ἣ
891 1047 1038 1091 ποιεῖ
1074 1042 1204 1101 τοὺς
1251 1040 1537 1110 οἰκήτορας
1582 1040 1921 1108 εὐδαίμοναςἴ

223 1133 386 1180 τοῦτο
417 1127 519 1194 μὲν
549 1129 752 1195 πλήθει
789 1126 881 1179 καὶ
911 1128 1099 1180 κάλλει
1131 1137 1357 1198 καρπῶν
1396 1126 1484 1180 ἀπ’
1517 1127 1708 1196 ὀλίγου
1748 1128 1910 1198 σπέρ-

224 1235 414 1285 ματος,
465 1223 625 1268 τοῦτο
675 1213 734 1268 δὲ
785 1214 1041 1282 ἀμπέλων
1085 1236 1143 1269 τε
1181 1217 1271 1269 καὶ
1323 1219 1595 1286 φοινίκων
1639 1220 1780 1288 τόκῳ
1818 1215 1909 1269 καὶ

223 1292 339 1367 τοῖς
378 1305 564 1366 ἄλλοις
603 1304 855 1373 ἀγαθοῖς,
895 1305 928 1358 ἃ
961 1306 1111 1374 δῶρα
1143 1313 1242 1373 γῆς
1275 1305 1503 1374 ἀγαθῆς.
1580 1305 1702 1358 220.
1741 1313 1911 1358 ταῦτα

223 1392 518 1460 βλέποντες
546 1391 637 1446 καὶ
660 1394 874 1447 τούτων
905 1393 1219 1463 μετέχοντες
1251 1395 1304 1446 οἱ
1338 1404 1660 1464 στρατιῶται
1691 1397 1923 1446 πολλῶν
2009 1447 2018 1461 ,

159 1504 200 1537 15
226 1484 404 1535 ὄντων
443 1481 504 1534 ἐν
542 1481 739 1553 ἑκάστῃ
778 1484 948 1552 κώμῃ,
988 1483 1185 1536 πολλαὶ
1226 1479 1286 1535 δὲ
1319 1483 1374 1535 αἱ
1405 1492 1579 1549 κῶμαι
1619 1483 1707 1534 καὶ
1747 1482 1910 1551 μεγά-

227 1575 315 1623 λαι
354 1569 445 1623 καὶ
484 1573 715 1624 πόλεσιν
761 1572 827 1624 οὐ
867 1573 1087 1640 σφόδρα
1139 1572 1399 1640 μεγάλαις
1439 1573 1493 1624 αἱ
1539 1569 1736 1623 πολλαὶ
1775 1589 1910 1640 παρ-

226 1661 512 1728 ισούμεναι
552 1661 644 1712 διὰ
682 1661 859 1728 πάσης
895 1668 992 1728 τῆς
1018 1658 1285 1730 Ἀσυρίων
1323 1659 1655 1729 ἐκτισμέναι,
1695 1660 1916 1721 τούτοις

200 1737 329 1800 ὀὖν
379 1747 623 1817 ἐντυχὼν
673 1747 702 1800 ὁ
754 1749 984 1819 στρατὸς
1029 1747 1140 1802 ὀὐκ
1193 1748 1468 1818 ἐμέμψατο
1521 1757 1586 1819 τῇ
1636 1747 1760 1818 περὶ
1810 1748 1919 1816 τὴν·

224 1838 453 1907 πορείαν
506 1840 857 1909 ταλαιπωρία.
944 1838 1005 1903 τὸ
1061 1839 1164 1908 γὰρ
1228 1833 1408 1891 ἆθλον
1470 1836 1624 1901 ἄξιον
1678 1833 1747 1904 ἦν
1798 1829 1915 1889 τῶν

160 1948 203 1979 20
227 1924 622 1993 πεπονημένων
698 1927 789 1979 διὰ
836 1935 959 1995 ,τῆς
1035 1926 1239 1996 ἐρήμου
1308 1928 1409 1995 τὴν
1479 1927 1684 1996 ἥμερον
1751 1924 1913 1994 ἔχειν.

228 2013 349 2065 221.
390 2012 636 2067 ἐνταῦθα
676 2018 931 2084 φοίνικας
969 2014 1268 2084 ἐξέτεμνον,
1316 2014 1607 2083 ἀμπέλους,
1638 2013 1908 2080 ἀνέσπων,

345 2149 372 2187 4
404 2144 532 2189 Dem.
565 2158 648 2200 pro
681 2145 849 2201 Megal.
877 2150 901 2198 ξ
921 2150 975 2188 26
1000 2161 1044 2202 p.
1064 2149 1163 2199 208,
1183 2149 1237 2187 29

345 2267 370 2305 1
406 2263 711 2318 ἐληλασμένον
728 2263 772 2305 Β
797 2262 887 2305 edd
1020 2267 1044 2304 2
1079 2262 1221 2305 αὑτοῦ
1239 2263 1285 2305 P
1313 2262 1394 2305 sed
1421 2263 1433 2282 ‘
1466 2262 1512 2303 in
1538 2275 1612 2304 ras
1637 2261 1706 2304 m3
1768 2262 1911 2304 αὐτοῦ

239 2322 576 2367 ULaIMBMo
606 2321 709 2364 Mor
732 2322 800 2365 Re
869 2321 1010 2376 αὐτῆς
1039 2320 1161 2364 Fabr
1312 2326 1336 2363 3
1370 2323 1553 2375 „malim
1586 2322 1911 2370 ἐνοικοῦντας“

227 2382 296 2424 Re
467 2387 496 2425 4
529 2380 777 2437 ἀνηνύτοις
807 2380 882 2424 La
914 2380 995 2423 sed
1026 2397 1054 2436 η
1087 2381 1134 2423 et
1164 2397 1192 2423 v
1225 2380 1273 2422 in
1303 2394 1379 2423 ras
1410 2395 1441 2438 y
1613 2385 1638 2423 5
1673 2377 1731 2423 ἂν
1763 2394 1817 2423 ex
1850 2380 1909 2422 αὖ

231 2454 330 2485 corr
354 2440 450 2484 Lay
487 2443 492 2496 Ι
528 2437 693 2491 ἀνοίας
715 2441 747 2482 Ι
775 2439 856 2482 sed
890 2455 933 2482 οι
964 2439 1013 2481 in
1044 2452 1118 2482 ras
1150 2439 1220 2481 m⁸
1340 2444 1365 2482 8
1397 2438 1601 2494 ταράξας
1630 2440 1665 2481 Ι
1690 2439 1771 2482 sed
1802 2440 1911 2481 ante

230 2501 277 2542 et
307 2501 414 2554 post
443 2516 500 2542 τα
531 2513 606 2542 ras
640 2503 664 2541 2
697 2498 777 2541 litt
859 2497 1182 2552 καταταράξας
1213 2500 1257 2542 Β
1289 2498 1390 2541 Mor
1473 2497 1766 2553 καταρράξας
1797 2496 1858 2539 Μ
1976 2547 1978 2549 v

229 2557 494 2612 καταράξας
518 2558 621 2601 coni
638 2558 706 2601 Re
769 2556 988 2611 ἐτάρασσε
1013 2557 1135 2600 Fabr
1250 2561 1303 2600 10
1330 2555 1576 2611 Ἀσσυρίων
1594 2556 1668 2600 La
1693 2556 1772 2599 sed
1791 2570 1816 2598 6
1841 2568 1910 2597 se-

230 2616 430 2659 eundum
447 2617 572 2660 inser
587 2617 669 2671 m3,
688 2616 778 2659 edd.
792 2616 913 2672 (vide
927 2617 986 2658 ad
1000 2617 1032 2658 t.
1043 2616 1063 2658 I
1075 2631 1119 2671 p.
1130 2621 1231 2670 455,
1244 2621 1297 2659 12
1309 2618 1356 2659 eis
1370 2614 1676 2659 cf.N0e1deke
1690 2614 1907 2656 Zeitschr.

230 2674 998 2732 d.Deutsch.Morgenlflesellsch.
1013 2677 1195 2731 ‘28‚279)
1224 2677 1229 2731 Ι
1257 2673 1285 2730 ἢ
1305 2677 1380 2719 La
1404 2676 1484 2718 sed
1503 2673 1514 2688 ³
1538 2675 1587 2717 in
1602 2686 1678 2716 ras
1695 2687 1716 2716 s
1777 2671 1804 2728 ἢ
1825 2674 1910 2716 Mo

291 2738 343 2776 12
375 2732 494 2792 τόκῳ
522 2736 564 2778 V
589 2735 669 2777 sed
694 2752 722 2778 κ
754 2747 778 2777 e
808 2749 843 2777 π
875 2747 975 2776 corr
997 2749 1022 2777 r
1204 2738 1255 2777 13
1304 2734 1509 2791 ἀγαθῆς]
1544 2734 1739 2789 ἀγαθῶν
1767 2733 1850 2775 Mo

233 2797 284 2835 16
318 2793 373 2836 οὐ
406 2807 480 2835 om
508 2795 567 2837 Μ
745 2797 797 2836 17
838 2790 1070 2847 ἀσσυρίων
1103 2793 1214 2836 LaI
1246 2793 1326 2835 sed
1358 2793 1405 2834 in
1437 2793 1524 2835 hoc
1562 2791 1690 2847 prius
1723 2804 1748 2832 σ
1786 2791 1910 2832 inser

228 2851 298 2894 m3
383 2848 621 2907 Ἀσσυρίας
652 2852 742 2894 edd
791 2852 797 2910 1
849 2850 1107 2907 ἐκτισμέναι
1146 2852 1330 2907 reposui
1372 2851 1569 2905 e-libris
1662 2847 1908 2908 ᾠκισμέναι

231 2911 501 2966 (praemisso
533 2914 605 2967 γρ)
638 2912 685 2953 in
709 2924 843 2967 marg
867 2911 935 2954 Β2
966 2911 1056 2953 edd
1178 2915 1229 2953 21
1266 2909 1472 2966 ἐξέτεμον
1498 2910 1607 2953 ΒΜ
