2054 3140
214 120 286 172 34
769 118 996 162 LIBANII
1028 117 1251 162 ORATIO
1283 117 1368 162 XII

214 257 450 324 ἄγεσθαι
489 255 625 325 πρὸς
663 254 932 322 ἀνάδημα,
972 254 1118 317 ὅπως
1149 254 1503 325 ἀκολουθήσῃ
1536 262 1611 327 τῷ
1645 255 1900 327 στεφάνῳ

124 358 271 402 R391
312 342 414 414 μὲν
452 344 612 414 ὀργή,
663 350 728 412 τῇ
769 343 830 396 δὲ
868 343 1004 414 ὀργῇ
1042 345 1282 413 κίνησις,
1331 351 1397 414 τῇ
1436 347 1648 413 κινήσει
1687 341 1748 397 δὲ
1804 345 1810 413 Ι
1868 344 1897 398 ὁ

215 436 311 497 σὸς
350 435 551 503 δρόμος
589 432 680 484 καὶ
719 437 903 500 γένοιο
945 432 1012 501 δὴ
1051 441 1166 495 τοῖς
1203 432 1484 502 πράγμασι
1516 435 1766 502 πλησίον.
1843 434 1900 486 εἰ

214 520 282 575 δὲ
321 522 560 589 ὀκνεῖς,
608 523 762 589 φησί,
812 521 924 573 τὸν
963 523 1188 589 φόνον,
1235 521 1485 591 θάρρει.
1561 520 1666 575 καὶ
1704 529 1898 575 τοῦτο

171 632 190 664 5
216 613 370 680 ἡμῖν
407 611 687 678 μελήσει.

325 700 409 752 69.
490 697 648 751 Οὕτω
695 700 890 751 τοίνυν
937 697 1205 751 ὁσιώτατα
1245 693 1324 752 ὧν
1364 703 1522 767 ἴσμεν
1560 707 1654 767 τῆς
1692 719 1750 752 τε
1789 700 1901 752 Εὐ-

215 790 399 860 ρώπης
437 789 498 840 τὸ
535 785 706 840 πλέον
743 785 835 839 καὶ
873 788 974 856 τὴν
1004 785 1189 841 Ἀσίαν
1226 788 1556 858 προσλαβὼν
1588 786 1754 841 οὐδὲν
1792 790 1899 859 πρὸ

213 887 324 931 τῶν
371 879 535 947 ἱερῶν
587 875 947 944 ἐσπούδασεν,
998 877 1179 947 ὥσπερ
1226 895 1310 939 τις
1359 876 1571 945 ἀγαθὸς
1621 879 1901 946 ναυπηγὸς

214 968 316 1036 τὴν
353 967 551 1035 τρόπιν
589 966 696 1035 πρὸ
735 973 847 1017 τῶν
886 964 1069 1017 ἄλλων
1108 967 1486 1032 σκεπτόμενος.
1564 967 1745 1036 ὥσπερ
1786 965 1899 1036 εγάρ

152 1077 195 1108 10
220 1055 281 1109 ἐν
319 1061 394 1127 τῷ
426 1053 627 1122 ταύτης
668 1054 874 1124 ἰσχυρῷ
914 1054 1138 1118 σώζεται
1176 1054 1236 1106 τὸ
1268 1057 1484 1122 πλοῖον,
1523 1054 1698 1117 οὕτως
1737 1053 1798 1124 ἐν
1834 1063 1900 1125 τῇ

214 1144 485 1213 θεραπείᾳ
522 1151 633 1195 τῶν
671 1143 1005 1212 κρειττόνων
1043 1144 1104 1195 αἱ
1146 1144 1345 1205 πόλεις.
1423 1143 1515 1196 διὰ
1561 1150 1725 1196 τοῦτο
1765 1143 1902 1205 νεὼς

216 1232 407 1301 ἀνίστη
466 1232 557 1284 καὶ
609 1232 831 1299 βωμοὺς
884 1229 1058 1284 ἐποίει
1118 1230 1208 1284 καὶ
1268 1232 1371 1300 τὴν
1432 1231 1603 1284 αὑτοῦ
1665 1232 1902 1301 πατρίδα

215 1322 494 1384 συνείθιζε
533 1321 605 1389 μὴ
644 1324 905 1389 πολεμεῖν
943 1328 1057 1383 τοῖς
1095 1324 1283 1382 καλοῖς
1328 1321 1521 1388 ἥκιστα
1568 1320 1902 1390 ἀνεχομένην

215 1412 427 1463 καπνοῦ
475 1412 918 1477 λυσιτελοῦντος,
967 1410 1145 1478 ὥσπερ
1193 1410 1318 1462 τινὰ
1363 1407 1565 1479 μητέρα
1612 1414 1902 1462 νουθετῶν

149 1518 191 1551 15
215 1499 361 1566 υἱός,
417 1498 477 1560 ὃς
531 1497 667 1567 αὐτῇ
721 1498 789 1549 τὰ
840 1506 1029 1568 πρῶτα
1075 1495 1581 1566 συνεξηπατημένος
1635 1497 1806 1550 αὑτόν
1844 1516 1902 1550 τε

215 1586 474 1655 κάκείνην
511 1586 746 1656 ὕστερον
786 1584 1055 1655 ἀπήλλαξε
1094 1594 1189 1655 τῆς
1226 1587 1451 1655 πλάνης.

331 1675 414 1728 70.
458 1675 723 1742 Θαυμάζω
755 1676 952 1728 τοίνυν
986 1677 1159 1743 ἔγωγε
1197 1684 1309 1729 τῶν
1341 1673 1402 1728 ἐν
1433 1677 1614 1745 μνήμῃ
1648 1678 1901 1746 Περσῶν,

218 1763 303 1816 ὅτι
335 1761 436 1832 μὲν
469 1763 652 1816 αὐτῶν
682 1766 985 1834 κρατήσεις,
1017 1765 1310 1832 λεγόντων,
1343 1764 1428 1816 ὅτι
1461 1760 1521 1816 δὲ
1553 1764 1901 1833 κεκράτηκας,

218 1852 320 1905 οὐκ
375 1851 835 1921 ἐνθυμουμένων,
895 1851 987 1905 καὶ
1039 1860 1211 1905 ταῦτα
1265 1851 1352 1905 ἐπὶ
1407 1858 1481 1923 τῷ
1529 1854 1753 1920 στόματι
1802 1859 1901 1905 τοῦ

151 1962 195 1994 20
219 1943 443 1994 Πόντου
483 1941 620 2010 πρὸς
658 1947 732 2012 τῷ
759 1943 1030 2013 Βοσπόρῳ
1061 1944 1375 2010 καθήμενος
1404 1942 1493 1994 καὶ
1523 1950 1700 1993 ποιῶν
1733 1940 1762 1992 ὃ
1794 1947 1903 1993 νῦν

218 2028 341 2098 ἐγώ,
387 2030 608 2096 βιβλίον
655 2028 828 2082 αὑτοῦ
879 2037 944 2099 τῇ
989 2030 1195 2099 μεγάλῃ
1243 2032 1418 2099 βουλῇ
1458 2029 1743 2081 δεικνύων.
1819 2029 1901 2090 τίς

129 2131 278 2174 R392
319 2113 423 2170 οὖν
461 2118 495 2186 ἡ
534 2120 683 2186 νίκης
747 2117 831 2169 71.
878 2118 1172 2186 γυμνώσας
1220 2120 1227 2182 Ι
1275 2117 1376 2186 μὲν
1415 2115 1622 2179 ἐκεῖνος
1659 2123 1754 2184 τῆς
1791 2124 1903 2168 τῶν

337 2326 365 2364 4
396 2320 609 2365 Proverb.
644 2320 779 2365 Coisl.
808 2326 905 2365 180.
960 2322 1091 2365 Bodl.
1120 2326 1216 2365 361.
1279 2321 1448 2376 Miller,
1480 2321 1586 2365 ΜόΙ.
1621 2322 1678 2365 de
1709 2320 1800 2364 litt.
1834 2334 1900 2377 gr.

222 2383 320 2432 352,
349 2384 388 2422 3.
513 2385 566 2424 19
597 2379 703 2425 Her.
729 2380 793 2424 IV
817 2385 888 2435 81,
906 2386 945 2424 2.
993 2381 1106 2425 Xen.
1132 2380 1281 2425 Anab.
1299 2381 1363 2425 Vl
1387 2387 1427 2436 2,
1455 2385 1478 2424 1

338 2575 365 2612 4
398 2568 444 2615 δ’
471 2571 539 2615 Re
567 2574 572 2626 Ι
601 2569 753 2628 φασίῖ
789 2574 794 2629 Ι
831 2570 981 2628 φόνον
1004 2574 1039 2616 Ι
1065 2573 1145 2616 sed
1178 2590 1212 2628 φ
1244 2572 1293 2615 111
1318 2586 1391 2615 ras
1425 2577 1449 2614 2
1481 2571 1742 2614 lissterarum
1772 2567 1843 2611 m²

222 2645 331 2673 ονον
356 2629 400 2673 U
427 2644 531 2673 cum
553 2643 714 2674 rasura
742 2636 763 2674 1
796 2631 870 2675 vel
895 2636 920 2674 2
951 2631 1213 2675 litterarum
1245 2633 1352 2674 ante
1377 2647 1401 2674 ο
1463 2627 1650 2686 φθόνον
1681 2628 1727 2670 Β
1760 2627 1839 2670 sed
1863 2630 1901 2670 θ

222 2701 404 2731 erasum
526 2692 579 2731 10
612 2690 818 2741 σώιζεται
840 2690 885 2733 A
1008 2696 1058 2733 11
1094 2693 1307 2734 διατοῦτο
1334 2689 1510 2733 VIBM
1625 2691 1678 2730 12
1712 2685 1901 2742 spiritus

222 2747 271 2790 in
303 2747 446 2790 αὑτοῦ
477 2746 526 2789 in
549 2759 624 2790 ras
655 2747 728 2791 P³
788 2755 931 2792 αυτοῦ
966 2749 1010 2793 U
1062 2749 1206 2792 αὐτοῦ
1233 2750 1294 2792 M
1411 2752 1463 2790 15
1495 2761 1614 2800 ταπρ
1619 2753 1712 2789 ῶτα
1745 2745 1906 2788 VIBP

222 2805 304 2848 sed
335 2805 384 2848 in
408 2804 495 2848 hoc
529 2819 668 2862 supra
697 2805 828 2861 prius
853 2823 883 2849 α
913 2819 1075 2849 rasura
1108 2809 1155 2850 et
1184 2807 1272 2850 hoc
1302 2806 1454 2862 ipsum
1486 2805 1535 2847 in
1565 2817 1640 2847 ras
1670 2803 1740 2846 m⁸
1767 2804 1773 2861 Ι
1802 2803 1901 2859 ἐξη-

222 2862 485 2920 πατημένος
502 2864 563 2907 Μ
586 2867 591 2920 Ι
620 2864 761 2908 αὐτὸν
789 2867 850 2909 Μ
967 2869 1020 2908 18
1053 2864 1291 2922 κρατήσειε
1315 2866 1360 2908 Β
1482 2869 1533 2907 21
1570 2863 1711 2907 αὑτοῦ
1737 2861 1902 2918 scripsi

284 2923 425 2967 αὐτοῦ
457 2922 566 2966 libri
599 2923 689 2967 edd
732 2925 761 2979 Ι-
780 2923 976 2968 δεικνύω
1008 2924 1076 2967 Re
1111 2921 1369 2980 (ἐδείκνυον
1400 2923 1555 2980 Anim)
