2060 3162
648 129 876 173 LIBANII
907 128 1132 174 ORATIO
1164 129 1315 173 xxm
1727 128 1834 180 507

146 267 412 328 εἰωθότας
445 264 648 334 γέγονα
678 267 902 328 πόνους.
966 263 1084 318 οὐδ’
1118 265 1240 318 ὅσοι
1279 274 1391 319 τῶν
1422 263 1566 318 νέων
1596 262 1836 334 ἔμειναν,

144 353 296 424 [οὐκ]
333 352 628 423 ᾐτιάσαντο
667 355 769 423 τὴν
806 355 1002 423 μονήν,
1044 354 1142 417 οὓς
1181 350 1349 407 οὐδὲν
1383 354 1444 406 τὸ
1488 354 1560 422 μὴ
1593 357 1835 406 λοῦσθαι

143 443 341 496 κωλύει
380 448 737 511 καρποῦσθαι
775 443 843 495 τὰ
880 444 1085 512 βιβλία.

255 530 340 584 28.
398 527 566 598 Οἶμαι
614 530 698 599 δέ,
749 529 840 584 καὶ
881 532 1177 584 λούσονται
1223 531 1328 584 κάν
1366 539 1480 594 τοῖς
1519 534 1838 601 ἔμπροσθεν

143 620 347 673 ἅπασιν
385 615 554 683 αὖθις
592 621 823 684 ὄψονται
862 621 964 689 τὴν
1005 622 1170 673 πόλιν
1208 621 1461 688 βελτίους
1497 619 1655 689 ὑμῶν
1695 619 1842 692 αὐτῷ
1884 640 1903 672 5

142 709 317 780 τούτῳ
358 707 628 778 φανέντες
666 715 741 781 τῷ
774 709 863 762 καὶ
895 710 962 762 τὰ
994 710 1379 778 δυσκολώτερα
1416 717 1481 779 τῇ
1516 710 1672 762 πόλει
1704 721 1837 762 συν-

144 798 462 866 διενεγκεῖν.
538 797 696 867 ὑμεῖς
743 794 805 850 δὲ
850 799 1208 868 αἰσχυνεῖσθε
1254 794 1357 868 μὲν
1401 798 1708 866 τοῦδαφος,
1755 798 1838 850 αἰ-

144 891 442 955 σχυνεῖσθε
473 882 535 939 δὲ
565 886 662 949 τὰς
692 887 887 955 πύλας,
927 888 1286 956 αἰσχυνεῖσθε
1318 883 1379 940 δὲ
1410 887 1471 940 τὸ
1502 895 1616 939 τῶν
1655 887 1837 955 λόγων

142 977 365 1044 χωρίον,
413 975 773 1044 αἰσχυνεῖσθε
821 971 882 1027 δὲ
931 974 1070 1045 [καὶ]
1118 976 1279 1045 ἡμᾶς,
1331 977 1378 1028 εἰ
1417 976 1489 1044 μὴ
1529 973 1621 1027 καὶ
1670 982 1834 1028 τοῦτο

143 1064 277 1133 ὑμῖν
317 1063 616 1116 ἀπόλωλεν.
1048 1098 1052 1103 -
1859 1085 1902 1117 ιο

262 1228 287 1267 2
335 1224 420 1268 οὐκ
453 1223 710 1268 cancellavi
741 1227 931 1269 auctore
964 1223 1145 1268 Sinteni
1187 1225 1193 1283 Ι
1236 1223 1346 1270 οὐδὲ
1380 1226 1442 1269 Μ
1618 1229 1644 1268 5
1692 1221 1837 1275 αὖθις

143 1298 218 1327 om
243 1284 301 1327 M
424 1288 447 1326 7
482 1285 530 1328 et
562 1287 587 1327 8
622 1284 952 1342 αἰσχυνεῖσθαι
983 1285 1018 1327 I
1133 1288 1158 1327 9
1195 1285 1275 1328 καὶ
1299 1286 1344 1328 A
1377 1283 1460 1328 Sed
1490 1283 1568 1328 del
1590 1284 1674 1340 m¹‚
1706 1284 1775 1329 Re

142 1342 399 1387 cancellavi
455 1344 462 1399 Ι
519 1343 633 1387 αὐτὸ
663 1350 799 1387 τοῦτο
825 1344 889 1387 Μ
1065 1347 1120 1386 10
1166 1342 1374 1388 ἀπόλωλε
1406 1343 1498 1387 edd
1595 1342 1723 1393 τέλος
1752 1350 1834 1388 τοῦ

143 1401 262 1446 κατὰ
292 1409 384 1446 τῶν
415 1400 719 1460 πεφευγότων
751 1401 925 1447 subscr.
951 1403 1011 1458 A,
1073 1402 1194 1446 κατὰ
1223 1410 1315 1446 τῶν
1345 1400 1648 1460 πεφευγότων
1674 1403 1720 1446 Ρ
