2072 3162
700 131 930 176 LIBANII
961 131 1186 176 ORATIO
1218 132 1325 176 XIV
1756 134 1858 185 111

170 270 281 323 δεν.
358 268 442 321 66.
495 266 611 322 ἀλλ’
651 266 766 321 οὔτ’
805 267 974 338 ἀρχῆς
1020 268 1148 320 οὔτε
1194 267 1484 338 χρημάτων
1531 266 1647 321 οὔτ’
1686 267 1862 337 ἀσφα-

171 361 319 421 λείας
358 355 474 411 οὔτ’
511 355 752 410 ἐλπίδων
791 356 1025 409 ἀπέδοτο
1064 357 1131 408 τὰ
1168 357 1434 410 κάλλιστα
1471 365 1583 410 τῶν
1616 354 1862 426 Ἑλληνι-

169 457 299 515 κῶν,
353 445 490 499 ἀλλὰ
542 444 646 498 κάν
694 453 812 508 ταῖς
857 448 1108 515 κρίσεσιν
1155 445 1345 508 αὐταῖς
1398 444 1559 498 ὁπότε
1615 445 1863 513 δεήσειεν

170 535 358 607 ὅρκου,
402 536 532 596 τοὺς
578 536 749 597 θεοὺς
795 534 949 601 ὤμνυ
997 534 1292 602 φυλάττων
1339 533 1728 604 ἀκριβέστερον
1767 532 1861 586 ἀν-

171 624 302 694 δρὸς
330 622 686 691 Σπαρτιάτου
716 620 887 691 τάξιν,
928 621 995 675 οὐ
1025 621 1385 688 πεπεισμένος
1415 621 1533 691 μέν,
1574 622 1646 685 ὡς
1679 624 1863 692 σωθή-
1909 644 1929 676 5

170 727 343 780 σεται,
411 712 649 778 νομίζων
711 708 772 764 δὲ
832 711 1002 764 καλὸν
1062 711 1163 779 τὴν
1224 710 1511 778 εὐσέβειαν
1578 709 1860 780 ἐντάφιον.

170 800 255 853 67.
310 796 419 853 εἷθ’
450 793 485 872 ςῖ
524 801 586 853 τὸ
625 800 980 853 κινδυνεύειν
1017 801 1364 870 κουφότερον
1408 808 1503 869 τῆς
1541 802 1862 869 μεταβολῆς,

170 886 336 942 οὐδὲν
375 887 434 942 ἐκ
466 898 577 942 τῶν
608 896 716 942 νῦν
746 898 956 959 καιρῶν
995 891 1147 942 ἔσται
1177 890 1238 942 τὸ
1271 884 1471 958 ἆθλον,
1511 888 1650 942 ἀλλὰ
1676 890 1863 959 περιό-

167 987 260 1042 ψει
291 985 561 1031 ποιοῦντα
590 975 751 1030 τοῦθ’
784 976 812 1030 ὃ
851 986 1035 1031 ποιεῖν
1065 975 1323 1046 ἔγνωκεν,
1356 979 1403 1031 εἰ
1434 979 1507 1046 μὴ
1539 980 1862 1047 βοηθήσεις;

167 1069 226 1119 τί
261 1064 322 1120 δὲ
360 1073 524 1120 τοῦτο
564 1064 738 1137 ἔστιν,
778 1067 856 1129 εἰς
893 1071 1094 1119 πλοῖον
1126 1066 1293 1136 ἐμβὰς
1323 1070 1642 1120 πλανᾶσθαι
1676 1067 1863 1120 διανο-
1887 1089 1930 1121 10

170 1164 309 1209 εῑται
365 1153 372 1226 1
428 1153 553 1224 περὶ
603 1156 704 1224 τὴν
736 1153 989 1223 Ἰταλίαν,
1038 1156 1162 1226 περὶ
1212 1156 1314 1224 τὴν
1351 1156 1589 1224 Λιβύην,
1638 1154 1764 1226 περὶ
1802 1167 1950 1212 R449

169 1245 272 1313 τὴν
326 1243 424 1308 ἔξω
478 1244 774 1297 θάλατταν.
852 1243 1162 1314 ἐπιστρέψει
1219 1241 1279 1297 δὲ
1334 1245 1506 1298 αὐτὸν
1555 1244 1740 1313 οὐδέν,
1795 1244 1861 1298 οὐ

168 1334 394 1386 παιδίον
452 1334 861 1400 αἰσθανόμενον
916 1333 1079 1402 ἐπῶν,
1141 1334 1208 1386 οὐ
1270 1334 1413 1402 γυνὴ
1475 1334 1732 1403 σώφρων,
1795 1332 1861 1386 οὐ

171 1424 381 1491 σήματα
440 1423 748 1492 προγόνων,
811 1422 877 1474 οὐ
932 1423 1183 1475 θανάτου
1240 1424 1439 1491 φόβος,
1501 1422 1603 1474 οὐκ
1657 1423 1709 1474 εἰ
1761 1422 1863 1490 τὴν

168 1511 352 1579 ψυχὴν
393 1509 453 1563 ἐν
485 1509 658 1574 ξένων
689 1510 891 1579 ἀφήσει
921 1512 1128 1580 χερσίν,
1169 1511 1271 1564 οὐκ
1304 1512 1352 1563 εἰ
1382 1511 1622 1572 τεθνεὼς
1653 1510 1862 1579 ἄταφος
1886 1531 1928 1564 15

169 1601 419 1652 κείσεται.
505 1599 719 1651 τούτων
779 1600 883 1669 γὰρ
947 1598 1207 1652 ἁπάντων
1265 1599 1476 1667 ἡγεῖται
1529 1601 1862 1669 πικρότερον

170 1683 311 1740 εἶναι
349 1688 411 1740 τὸ
453 1686 669 1739 στένειν
709 1692 867 1740 οἴκοι.

283 1775 368 1828 68.
408 1776 528 1827 Σὸν
558 1777 768 1844 τοίνυν,
807 1772 849 1829 ὦ
889 1779 1134 1845 βασιλεῦ,
1172 1783 1502 1845 μεταστῆσαι
1539 1777 1639 1845 τὴν
1670 1783 1862 1845 ψῆφον

170 1863 259 1915 καὶ
299 1871 525 1932 ποιῆσαι
563 1867 770 1931 γλυκίω
820 1864 922 1933 μὲν
961 1865 1109 1936 αὐτῷ
1147 1866 1248 1933 τὴν
1285 1866 1540 1935 πατρίδα,
1586 1865 1861 1933 ποθεινὴν

173 1948 233 2004 δὲ
279 1953 380 2020 τὴν
432 1960 692 2021 γυναῖκα,
747 1955 1006 2006 πλείστου
1054 1950 1115 2006 δὲ
1166 1951 1326 2017 ἀξίαν
1370 1954 1470 2022 τὴν
1515 1961 1615 2006 τοῦ
1665 1954 1861 2016 παιδὸς
1884 1975 1927 2007 20

171 2039 329 2108 θέαν,
369 2039 428 2103 ὃς
462 2043 659 2105 ζῶντος
691 2043 770 2094 ἔτι
800 2049 900 2095 τοῦ
931 2043 1135 2113 πατρὸς
1167 2040 1416 2095 πέπονθε
1447 2043 1513 2095 τὰ
1543 2051 1655 2096 τῶν
1687 2041 1860 2113 ὀρφα-

291 2176 316 2215 6
348 2171 485 2215 Isocr.
511 2171 700 2216 Archid.
737 2177 761 2227 ξ
787 2176 842 2216 45
875 2188 918 2229 p.
949 2177 1072 2216 1252.

292 2294 317 2332 5
376 2291 493 2334 Φασὶ
535 2290 622 2348 γὰρ
663 2291 770 2346 περὶ
813 2293 1137 2346 Σπαρτιατῶν,
1180 2290 1242 2341 ὡς
1283 2288 1506 2336 οὐδέποτε
1551 2290 1600 2336 ἐν
1643 2289 1861 2347 πολέμοις

174 2347 526 2394 ἐλειποτοὶκτουν
557 2349 766 2394 P²I²B²

292 2471 320 2510 4
373 2467 523 2523 ὤμνυε
577 2467 622 2512 U
810 2471 836 2511 5
890 2467 975 2524 τὴν
1028 2470 1137 2512 ante
1189 2467 1322 2520 τάξιν
1375 2467 1501 2512 inser
1550 2467 1640 2521 Re,
1697 2468 1747 2510 at
1800 2467 1857 2511 cf.

172 2525 311 2570 Rhea.
345 2530 430 2569 664
612 2530 666 2570 10
711 2534 848 2571 τοῦτο
895 2527 1018 2572 ἐστὶν
1052 2527 1112 2571 Μ
1190 2525 1327 2571 τοῦτό
1376 2527 1497 2572 ἐστιν
1538 2526 1708 2583 reliqui
1749 2525 1859 2570 libri

174 2584 265 2628 edd
402 2591 454 2629 11
488 2585 618 2641 παρὰ
641 2587 745 2642 (ter)
780 2587 824 2629 V
849 2586 931 2630 sed
963 2602 983 2630 ε
1015 2600 1157 2643 supra
1181 2603 1211 2629 α
1242 2586 1372 2642 prius
1403 2601 1429 2630 r
1566 2590 1620 2629 12
1654 2583 1858 2640 ἐπιστρέ-

172 2652 255 2700 ψει
286 2643 451 2700 scripsi
541 2643 806 2700 ἐπιστρέφει
835 2644 945 2689 libri
976 2645 1068 2689 edd
1248 2650 1304 2688 14
1351 2643 1531 2702 σήματα
1562 2644 1728 2700 scripsi
1761 2657 1785 2687 e
1816 2646 1862 2688 P

174 2702 274 2759 (sed
311 2706 420 2759 post
450 2717 476 2746 σ
509 2709 529 2746 1
558 2703 637 2747 lite
667 2705 816 2759 erasa)
856 2705 890 2747 Ι
923 2704 1022 2760 (sed
1053 2718 1079 2747 σ
1110 2705 1160 2746 in
1190 2716 1266 2747 ras
1298 2703 1384 2760 111⁸)
1418 2705 1462 2748 V
1494 2703 1592 2759 (sed
1625 2717 1678 2759 ση
1717 2716 1858 2759 supra

174 2760 400 2819 χρήματα)
485 2762 691 2820 σχήματα
722 2762 892 2817 reliqui
922 2762 1032 2806 libri
1063 2763 1154 2807 edd
1335 2766 1389 2806 15
1420 2765 1528 2818 post
1559 2779 1576 2805 ι
1606 2761 1656 2804 in
1687 2761 1858 2818 ἀφήσει

173 2832 248 2863 ras
283 2826 306 2863 1
338 2821 418 2866 litt
438 2822 474 2864 I
603 2826 656 2865 19
689 2819 857 2878 γλυκίω
891 2835 1031 2878 supra.
1089 2822 1278 2879 γλύκιον
1305 2822 1367 2865 V‘
1426 2818 1626 2877 γλυκίων
1653 2821 1692 2865 Ο
1717 2821 1799 2864 sed
1830 2837 1857 2863 ν

176 2890 359 2922 erasum
433 2879 620 2936 γλύκιον
644 2881 679 2924 Ι
703 2880 804 2937 (sed
835 2882 999 2924 acutus
1031 2882 1080 2924 et
1109 2897 1164 2926 ον
1196 2881 1246 2924 in
1275 2893 1352 2923 ras
1383 2879 1453 2923 m²
1484 2882 1532 2923 et
1563 2893 1703 2935 supra
1734 2896 1751 2922 ι
1783 2891 1856 2921 ac-

177 2939 336 2980 centus
365 2940 459 2995 ras)
491 2939 601 2982 ΒΜ
