2060 3162
209 172 318 225 344
727 172 953 217 LIBANII
985 172 1209 218 ORATIO
1240 173 1389 218 XVIII

208 311 314 375 βον
359 306 620 376 ἐπήνεγκε
665 307 855 376 μέγαν,
910 309 983 371 ὡς
1029 309 1096 361 οὐ
1147 311 1472 378 φεισόμενος
1520 318 1631 362 τῶν
1680 314 1890 377 τειχῶν.

209 396 330 449 248.
384 395 701 465 ε’κφαίνεται
739 397 806 465 δὴ
849 399 1084 467 Περσῶν
1121 398 1182 451 τὸ
1223 399 1593 465 δοκιμώτατον
1637 396 1728 449 καὶ
1766 415 1891 449 κατ-

210 493 359 553 εῖχον
410 486 512 553 τὴν
565 487 745 554 ὄχθην
799 485 989 538 ἀσπίσι
1042 505 1100 538 τε
1158 488 1500 553 λαμπούσαις
1553 485 1644 540 καὶ
1702 487 1892 549 ἵπποις

207 575 578 643 χρεμετίζουσι
617 575 708 626 καὶ
745 572 924 637 τόξοις
954 573 1280 643 ἠσκημένοις
1317 575 1408 629 καὶ
1447 575 1741 644 μεγέθεσιν
1780 574 1891 628 ἐλε-
1966 560 1990 579 Γ

166 685 185 717 5
210 661 452 730 φάντων,
501 655 582 725 οἷς
625 668 748 715 ἴσον
787 665 953 733 ἔργον
992 662 1063 716 δι’
1097 664 1385 733 ἀσταχύων
1431 663 1620 718 ἐλθεῖν
1658 665 1747 717 καὶ
1788 665 1891 732 φά-

207 753 425 818 λαγγος.
501 746 656 805 οὗτοι
708 748 810 819 μὲν
864 747 966 805 οὖν
1015 748 1157 820 ἦσαν
1210 752 1598 822 ἀντιμέτωποι,
1650 753 1893 821 ποταμὸς

210 835 270 891 δὲ
310 841 479 891 ἔνθεν
517 838 607 898 καὶ
645 841 833 906 ἔνθεν,
872 839 900 892 6
939 840 1041 907 μὲν
1080 839 1259 909 ἐγγύς,
1299 840 1328 893 6
1369 838 1477 910 [δὲ]
1513 840 1890 909 βεβιασμένος,

208 926 237 981 6
279 927 344 980 δέ
378 947 459 990 τις
498 927 780 998 ἀπωτέρω,
826 929 917 981 καὶ
957 931 1180 999 στρατιὰ
1220 934 1455 1000 Περσῶν
1503 928 1679 999 ἑτέρα,
1725 931 1792 982 τὰ
1830 926 1891 981 δὲ

207 1018 439 1069 κατόπιν
477 1017 634 1083 ὠμῶς
666 1017 1060 1087 πεπορθημένα
1097 1017 1188 1071 καὶ
1220 1019 1289 1071 οὐ
1322 1020 1549 1072 διδόντα
1586 1020 1687 1087 τὴν
1717 1019 1891 1086 αὐτὴν

143 1128 185 1160 10
208 1105 376 1157 πάλιν
429 1103 632 1159 ἐλθεῖν.
716 1106 840 1158 249.
895 1105 1069 1159 ἐδεῖτο
1123 1108 1191 1175 δὴ
1244 1110 1443 1176 τόλμης
1491 1108 1812 1177 ὑπερφυοῦς
1861 1106 1890 1159 6

207 1194 394 1262 καιρὸς
432 1202 547 1257 τοῖς
586 1194 652 1247 οὐ
683 1194 985 1262 μέλλουσιν
1016 1195 1341 1249 ἀπολεῖσθαι
1375 1200 1527 1268 λιμῷ,
1563 1196 1654 1248 καὶ
1692 1195 1892 1258 πάντες

207 1281 597 1351 τεταραγμένοι
634 1283 771 1352 πρὸς
810 1282 907 1335 ἕνα
946 1281 1192 1350 ἔβλεπον.
1269 1283 1297 1336 6
1347 1281 1408 1337 δὲ
1452 1293 1673 1353 πρῶτον
1718 1284 1819 1351 μὲν
1858 1282 1892 1334 ἃ

206 1379 317 1424 τῶν
379 1370 816 1439 εὐθυμουμένων
878 1371 1043 1441 ἐστίν,
1111 1371 1368 1439 ἐποίησεν
1431 1373 1774 1441 ίππόδρομόν
1834 1391 1892 1424 τε

208 1459 403 1521 λεάνας
441 1460 531 1512 καὶ
566 1459 759 1522 ἱππέας
799 1459 878 1512 ἐπ’
910 1460 1098 1529 ἀγῶνα
1135 1460 1366 1523 καλέσας
1403 1461 1492 1514 καὶ
1526 1456 1676 1513 ἆθλα
1705 1459 1894 1528 κέλησι

142 1570 183 1603 15
207 1550 346 1616 θείς,
385 1549 581 1601 θεαταὶ
613 1546 673 1601 δὲ
703 1558 815 1602 τῶν
847 1548 1147 1619 δρωμένων
1179 1549 1322 1602 οὕτω
1353 1550 1491 1620 πρὸς
1521 1558 1636 1612 τοῖς
1669 1550 1892 1612 οἰκείοις

205 1632 347 1704 ἦσαν
398 1638 455 1689 οἰ
503 1638 783 1706 πολέμιοι,
847 1639 898 1691 οὶ
953 1635 1054 1705 μὲν
1106 1639 1250 1691 κάτω
1312 1640 1744 1709 περικαθήμενοι
1797 1639 1893 1700 τὰς

207 1725 454 1794 ἁμίλλας,
486 1727 540 1778 οἱ
565 1726 627 1779 δὲ
650 1726 757 1780 ἀπὸ
782 1736 895 1779 τῶν
918 1726 1210 1795 ἐπάλξεων,
1242 1729 1339 1780 τὸν
1366 1727 1467 1794 μὲν
1490 1712 1892 1796 μακαρίζοντες,

207 1814 280 1876 ὡς
327 1813 397 1866 ἂν
451 1813 511 1867 ἐν
563 1823 683 1877 ταῖς
737 1815 1111 1886 εὐφροσύναις
1162 1825 1273 1869 τῶν
1323 1817 1692 1884 νενικηκότων
1741 1815 1891 1884 ὄντα,

208 1910 352 1970 σφᾶς
391 1900 452 1955 δὲ
491 1903 715 1972 αὐτούς,
767 1904 841 1966 ὡς
886 1903 956 1957 ἂν
1002 1904 1104 1957 οὐκ
1149 1902 1374 1974 ἔχοντας
1419 1911 1590 1957 ταῦτα
1639 1904 1892 1971 κωλύειν,

142 2013 185 2045 20
207 1995 563 2060 θρηνοῦντες.
645 1991 766 2044 250.
821 1991 882 2045 ἐν
928 1985 971 2064 ᾧ
1011 1990 1072 2046 δὲ
1117 2002 1232 2055 τοῖς
1282 1994 1508 2062 δρόμοις
1552 2001 1664 2045 τῶν
1709 1992 1892 2043 ἵππων

207 2077 237 2131 6
278 2080 505 2147 στρατὸς
543 2078 969 2148 ἐψυχαγωγεῖτο,
1014 2080 1169 2133 κεναὶ
1215 2090 1325 2133 τῶν
1372 2082 1619 2149 φορτίων
1658 2079 1717 2132 ἐκ
1754 2096 1891 2148 παρ-

208 2166 513 2234 αγγέλσεως
558 2162 700 2234 ἦσαν
738 2169 794 2220 αἱ
833 2176 981 2237 νῆες,
1028 2176 1104 2239 τῷ
1143 2171 1289 2240 λόγῳ
1334 2168 1452 2236 μέν,
1500 2168 1646 2229 ὅπως
1686 2167 1890 2235 ὀφθείη

329 2288 382 2326 13
414 2283 634 2337 1147‚12.
669 2283 956 2336 t.1159,3R.
989 2283 1094 2327 Ruf.
1114 2284 1460 2327 Fest.brev.28.
1496 2282 1592 2326 ΕΟΖ.
1608 2282 1676 2326 1.1.
1711 2283 1889 2339 Eunap.

209 2344 264 2398 (‘?)
297 2342 423 2398 apud
456 2341 581 2385 Suid.
610 2356 642 2385 s.
661 2357 699 2385 v.
727 2342 898 2398 ἔθηκεν

328 2451 353 2489 5
388 2442 489 2490 ἴσον
514 2447 589 2490 La
611 2445 714 2489 Mor
737 2445 859 2488 Fabr
886 2447 894 2502 }
921 2444 1001 2490 διὰ
1033 2445 1242 2502 σταχύων
1267 2445 1342 2490 La
1485 2450 1509 2489 6
1542 2440 1626 2490 οὖν
1659 2459 1734 2488 om
1757 2444 1833 2488 La

211 2508 235 2547 7
260 2504 310 2548 δὲ
336 2505 590 2548 cancellavi
615 2506 803 2548 auctore>
818 2505 886 2548 Re
911 2504 986 2548 cui
1011 2503 1252 2548 oblocutus
1279 2506 1350 2548 est
1366 2503 1593 2559 Sudhaus,
1618 2503 1687 2547 De
1710 2503 1890 2546 ratione

207 2563 329 2607 inter
360 2564 459 2607 Zos.
486 2565 533 2608 et
563 2565 710 2607 Amm.
743 2579 785 2620 p.
807 2568 861 2607 69
984 2568 1010 2606 8
1043 2560 1256 2618 στρατεία
1291 2563 1451 2609 ULaB
1483 2564 1532 2606 et
1560 2563 1610 2605 in
1633 2576 1766 2619 marg
1791 2563 1888 2614 Mo,

209 2636 309 2665 con·
333 2622 382 2665 in
406 2622 597 2679 στρατιὰ
621 2624 657 2667 I
662 2622 759 2667 ²12⁸
881 2626 935 2665 10
968 2621 1122 2667 ἐλθεῖν
1146 2623 1194 2666 in
1219 2623 1496 2667 ἐπανελθεῖν
1522 2635 1622 2664 corr
1638 2621 1695 2664 Ι8
1721 2623 1727 2676 Ι
1755 2620 1805 2663 δὲ
1831 2619 1889 2675 δὴ

208 2682 243 2725 I
269 2681 349 2723 sed
381 2681 431 2725 δὲ
463 2681 588 2725 inser
618 2681 701 2736 m³‚
741 2681 786 2726 U
923 2686 974 2724 11
1010 2680 1302 2726 ἀπόλλυσθαι
1329 2683 1368 2726 V
1508 2685 1561 2723 12
1593 2687 1775 2734 πρῶτον
1807 2677 1890 2734 μὲν

208 2740 332 2784 inser
355 2742 389 2783 Ι
396 2739 413 2764 ²
535 2745 588 2784 13
619 2758 648 2784 υ
681 2742 739 2797 (1)
771 2739 821 2784 in
853 2739 1216 2815 εὐθυμουμένων
1248 2741 1297 2783 in
1324 2757 1352 2783 ν
1384 2754 1484 2783 corr
1506 2738 1570 2793 1²,
1602 2736 1810 2794 ουμένων
1841 2737 1890 2780 in

207 2812 283 2841 ras
301 2798 373 2842 P3
433 2799 766 2855 εὐθυμούντων
790 2799 835 2843 U
952 2804 1005 2842 15
1035 2816 1162 2843 ουτοι
1184 2799 1228 2844 V
1283 2800 1338 2842 οὐ
1361 2806 1451 2842 τῶν
1477 2798 1551 2842 La
1578 2799 1584 2852 Ι
1610 2796 1727 2851 πρὸς
1750 2809 1775 2838 e
1799 2796 1889 2850 πρὸ

210 2871 311 2900 corr
334 2856 391 2900 Ι3
513 2863 566 2901 16
600 2857 645 2902 οἱ
668 2860 729 2915 (2)
755 2871 830 2902 om
853 2857 929 2902 La
1051 2863 1102 2901 17
1130 2860 1177 2902 et
1202 2862 1255 2901 19
1289 2855 1336 2902 δ’
1356 2858 1424 2901 Re
1546 2860 1601 2898 19
1632 2855 1739 2911 post
1763 2854 1890 2911 ἔχον-

207 2932 292 2967 τας
319 2929 396 2959 ras
429 2921 453 2958 2
478 2915 557 2960 litt
580 2918 656 2961 La
820 2921 873 2960 21
908 2918 1016 2973 post
1046 2918 1178 2961 κεναὶ
1206 2930 1283 2960 ras
1309 2920 1452 2960 9—10
1483 2914 1563 2957 litt
1586 2915 1621 2958 I
1663 2914 1670 2971 f
1709 2929 1889 2970 παραγ-

209 2973 402 3031 γέλσεων
427 2976 502 3019 La
562 2974 940 3033 παραγγέλματος
971 2976 1038 3019 Re
1168 2980 1222 3018 22
1257 2972 1432 3031 ὀφθείη
1465 2985 1604 3030 supra
1637 2972 1768 3028 ὀφθῆ
1801 2971 1894 3015 Lar
