2072 3162
691 146 920 191 LIBANII
951 145 1176 191 ORATIO
1208 146 1314 190 XIV
1776 146 1848 198 93

152 292 342 337 κονεῖν
388 280 499 353 μετ’
540 280 762 352 ἁμαξῶν
807 282 1018 352 χρυσὸν
1067 281 1326 350 άγουσῶν
1375 281 1704 351 ἀπέπεμπεν.
1781 281 1848 334 οὐ

153 374 263 442 μὴν
295 371 686 443 Ἀριστοφάνης
721 369 919 440 ἠξίωσε
956 379 1072 434 τοῖς
1109 369 1384 442 πατρῴοις
1413 378 1642 424 τοιαῦτα
1679 385 1850 440 προσ-

152 467 340 515 θεῖναι
394 462 664 530 χρήματα,
727 457 844 512 ἀλλ’
890 457 1147 530 ἐτρέφετο
1202 456 1305 528 μὲν
1350 468 1467 522 τοῖς
1512 464 1742 513 οἴκοθεν
1788 458 1850 512 ἐν

155 550 300 620 ξένῃ,
338 549 399 601 τὸ
434 545 495 602 δὲ
527 547 957 618 διαπεφευγέναι
989 548 1088 600 τὸν
1118 549 1389 601 κίνδυνον
1421 548 1632 619 ἀρκοῦν
1661 548 1846 617 ἡγεῖτο

152 638 347 708 κέρδος
386 636 665 710 ἐλευθέρῳ
703 637 792 690 καὶ
831 636 1059 707 πρέπον.
1893 658 1912 690 5

270 726 353 780 15.
401 725 497 780 Ἐν
542 727 768 797 τοιαύτῃ
817 722 878 779 δὲ
923 724 1241 795 προαιρέσει
1287 728 1488 790 ζῶντος
1534 724 1849 795 ἐπεθύμησε

155 817 442 885 δυστυχῶς
472 823 569 884 τῆς
593 817 919 885 Αἰγυπτίων
943 814 1110 885 ἀρχῆς
1136 815 1456 884 Παρνάσιος
1478 813 1569 868 καὶ
1593 814 1851 884 μετέσχεν

147 903 549 975 Ἀριστοφάνης
587 912 683 973 τῆς
720 905 911 973 τύχης,
959 904 1139 956 εἵπετο
1186 904 1290 972 γὰρ
1330 905 1674 957 Μουσωνίου
1718 902 1850 972 πέμ-

150 997 377 1061 ποντος,
428 994 572 1046 διότι
611 992 729 1062 μέν,
777 994 880 1046 οὐκ
919 989 1069 1061 οἶδα,
1116 1000 1387 1045 τοσοῦτον
1435 989 1496 1045 δὲ
1542 991 1849 1062 ἐπίσταμαι,

153 1082 239 1136 ὅτι
288 1082 538 1135 πέπονθε
583 1081 702 1151 μέν,
750 1082 783 1135 ἃ
822 1081 980 1151 μέχρι
1026 1089 1151 1151 νῦν,
1205 1078 1246 1134 ὦ
1292 1083 1548 1150 βασιλεῦ,
1604 1082 1848 1152 δακρύει,
1874 1103 1916 1135 10

151 1174 343 1240 λαβεῖν
367 1168 428 1224 δὲ
451 1172 651 1241 μικρὸν
673 1167 777 1240 μὲν
799 1169 1004 1242 ᾐτιάθη
1022 1172 1273 1240 χρυσίον,
1299 1172 1459 1238 ἔλαβε
1477 1167 1539 1223 δὲ
1556 1167 1688 1223 οὐδὲ
1704 1172 1849 1239 τόδε,

155 1261 366 1329 πληγὰς
397 1259 585 1327 μέντοι
609 1260 814 1322 πολλὰς
838 1260 928 1312 καὶ
951 1260 1189 1329 χαλεπὰς
1211 1258 1304 1312 καὶ
1328 1262 1608 1328 πολλαχοῦ
1633 1266 1727 1327 τῆς
1751 1267 1850 1327 γῆς

154 1358 274 1411 ταῖς
297 1347 358 1402 ἐκ
380 1349 652 1418 μολίβδου
677 1350 956 1419 σφαίραις,
982 1347 1045 1411 ἃς
1068 1348 1309 1417 ἡγήσατο
1330 1351 1554 1411 Παῦλος
1578 1349 1656 1411 εἰς
1675 1349 1851 1401 θάνα-

152 1457 252 1491 τον
306 1436 573 1507 ἀρκέσειν.
662 1438 752 1490 καὶ
807 1438 918 1507 ἅμα
971 1436 1143 1489 ταῦτά
1195 1456 1253 1489 τε
1309 1439 1508 1505 ἔπασχε
1561 1437 1651 1489 καὶ
1704 1437 1852 1505 παρὰ

154 1528 488 1594 Κορινθίοις
518 1524 855 1594 ἐλειτούργει
885 1526 952 1578 τὰ
973 1535 1086 1578 τῶν
1115 1524 1473 1592 καλουμένων
1505 1533 1846 1595 στρατηγῶν·
1872 1546 1915 1579 15

156 1615 301 1668 οὕτω
338 1615 344 1683 Ι
379 1615 483 1684 γὰρ
509 1613 825 1677 Ἀνατόλιος
848 1612 1005 1681 ἔγνω.
1063 1613 1146 1666 16.
1177 1614 1238 1666 τὸ
1264 1614 1366 1680 μὲν
1390 1610 1494 1666 οὖν
1517 1611 1759 1682 ἔγκλημα
1788 1626 1830 1669 R,
1850 1631 1937 1670 430

155 1698 243 1771 ἦν,
276 1703 361 1756 ὅτι
391 1704 590 1771 μάντιν
614 1703 898 1771 εἰσαγάγοι
924 1705 1224 1774 Παρνασίφ
1248 1711 1361 1755 τῶν
1383 1703 1509 1773 περὶ
1539 1704 1670 1765 τοὺς
1695 1701 1848 1756 ἀστέ-

156 1812 256 1862 ρας
280 1790 521 1860 ἐχόντων
551 1792 651 1860 τὴν
682 1790 881 1860 τέχνην
912 1789 1147 1860 ἐροῦντά
1176 1810 1229 1844 τι
1252 1792 1482 1860 τούτων,
1514 1788 1652 1861 ὑπὲρ
1678 1786 1757 1844 ὧν
1781 1791 1847 1846 οὐ

156 1882 325 1949 νόμος
363 1880 687 1948 μανθάνειν.
766 1880 794 1933 ὁ
836 1877 897 1932 δὲ
934 1880 996 1933 τὸ
1035 1876 1137 1947 μὲν
1184 1881 1499 1948 εἰσαγαγεῖν
1545 1880 1848 1949 ὁμολογῶν,

156 1969 388 2036 φάσκων
426 1965 488 2021 δὲ
532 1970 635 2037 τὴν
679 1970 943 2037 μαντείαν
994 1966 1083 2021 ἐπὶ
1120 1978 1233 2021 τῶν
1285 1969 1444 2021 ἰδίων
1482 1975 1582 2021 τοῦ
1624 1971 1847 2036 Παρνα-
1871 1991 1915 2023 20

275 2178 297 2216 1
331 2173 548 2228 I568‚21
569 2173 608 2216 R
791 2178 814 2216 7
847 2173 931 2229 Ep.
959 2177 1045 2216 364
1229 2177 1282 2216 13
1316 2173 1373 2217 cf.
1407 2173 1679 2227 Mommsen,
1714 2173 1845 2217 R6m.

159 2231 419 2277 Strafrecht
448 2248 492 2290 p.
521 2237 606 2277 984
741 2237 794 2276 16
829 2232 1008 2276 Sievers
1038 2248 1083 2290 p.
1111 2236 1195 2276 238

278 2429 300 2468 1
349 2422 445 2480 μετ’
475 2425 641 2481 scripsi
680 2438 704 2468 e
735 2424 869 2468 libris
961 2423 1074 2481 μετὰ
1114 2425 1205 2468 edd
1254 2429 1259 2480 Ι
1309 2423 1499 2481 ἁμαξῶν
1531 2425 1575 2467 Β
1608 2424 1709 2467 Mor
1731 2424 1800 2468 Re
1835 2425 1842 2483 Ι

157 2483 328 2542 χρυσὸν
367 2486 399 2527 1
442 2485 523 2528 sed
566 2484 620 2528 ὸν
667 2484 717 2527 in
755 2498 830 2527 ras
873 2482 942 2527 m²
999 2484 1005 2542 Ι
1061 2484 1274 2541 ἄγουσῶν
1321 2484 1371 2527 in
1413 2497 1547 2541 marg
1597 2483 1691 2527 add
1729 2484 1763 2526 Ι
1770 2482 1787 2507 ²

159 2547 185 2585 2
234 2544 467 2597 πατρώοις
507 2543 557 2586 in
579 2557 655 2587 ras
686 2542 745 2586 1³
924 2547 951 2585 4
997 2543 1079 2587 τὸν
1122 2542 1335 2600 μέγιστον
1377 2541 1601 2587 κίνδυνον
1640 2543 1791 2586 UBM

157 2605 185 2644 8
232 2600 473 2657 μουσωνίω
508 2603 569 2645 Μ
744 2606 768 2644 9
802 2602 883 2645 καὶ
914 2601 1036 2645 διότι
1066 2603 1101 2645 Ι
1184 2600 1249 2647 δι’
1280 2600 1349 2646 ὅτι
1382 2602 1424 2645 V
1451 2603 1499 2646 et
1528 2602 1578 2644 in
1609 2615 1683 2645 ras
1716 2602 1788 2645 Ρ4

159 2664 215 2703 10
248 2659 378 2718 μέχρι
407 2667 490 2705 τοῦ
521 2668 608 2705 νῦν
634 2662 678 2705 V
793 2665 844 2703 11
879 2661 962 2716 μὲν
994 2674 1069 2704 om
1094 2662 1139 2705 V
1253 2666 1306 2704 12
1339 2668 1581 2718 πανταχοῦ
1611 2661 1723 2704 Ferr
1746 2660 1848 2704 Mor

161 2723 217 2762 13
250 2720 483 2776 μολύβδου
510 2721 626 2764 CAI
657 2719 757 2776 (sed
788 2719 838 2762 in
868 2718 957 2763 hoc
988 2737 1016 2763 v
1049 2733 1151 2764 corr
1181 2720 1230 2763 in
1262 2722 1296 2777 ι)
1328 2720 1440 2763 Ferr
1463 2720 1565 2763 Mor
1602 2719 1608 2777 Ι
1647 2720 1694 2771 ἐς
1716 2720 1785 2762 Re

162 2781 219 2820 14
251 2778 447 2836 ἔπασχεν
471 2780 517 2823 A
650 2783 702 2822 17
736 2777 799 2835 μά
840 2779 883 2823 U
909 2780 991 2823 sed
1022 2796 1124 2824 ντιν
1156 2779 1262 2823 add.
1295 2794 1355 2823 m.
1381 2792 1470 2822 rec.
1511 2782 1518 2835 Ι
1556 2779 1668 2836 τῶν]
1692 2795 1744 2823 το
1777 2779 1845 2822 A¹¹

162 2838 173 2903 Ι
203 2837 310 2892 περὶ
343 2840 372 2881 Ι
400 2837 481 2881 sed
513 2854 534 2882 ε
566 2839 614 2881 eb
645 2855 662 2881 ι
691 2838 740 2881 in
765 2851 840 2881 ras
870 2838 942 2881 m²
1024 2837 1152 2893 παρὰ
1190 2839 1233 2882 U
1379 2842 1435 2881 20
1482 2845 1575 2882 τῶν
1606 2851 1715 2881 voce
1748 2837 1841 2880 des.

158 2909 210 2937 m
233 2897 278 2939 A
301 2895 381 2939 fol.
403 2901 493 2949 72¹2
526 2897 652 2952 quod
684 2896 915 2952 excipitur
944 2895 1057 2940 folio
1085 2901 1140 2940 74
1162 2911 1318 2951 manu,
1350 2899 1404 2940 ut
1431 2900 1484 2939 73
1517 2898 1564 2940 et
1588 2895 1844 2952 sequentia,

161 2954 336 2997 saeculi
368 2955 608 3014 xmsxrv
640 2956 827 2999 exarato
