2072 3162
232 152 300 203 76
762 151 990 195 LIBANII
1022 151 1244 197 ORATIO
1276 152 1383 196 XIII

229 292 529 355 τιμηθῆναι
583 288 681 340 τὸν
731 288 931 356 νεκρὸν
981 286 1039 340 ἐκ
1092 294 1190 341 τοῦ
1241 289 1449 358 τρόπου
1504 297 1597 357 τῆς
1646 293 1913 358 τελευτῆς.

230 375 315 427 37.
365 377 542 428 καίτοι
579 373 683 428 κᾶν
723 376 771 428 εἰ
810 376 1016 447 σιδήρῳ
1055 382 1318 446 κριθῆναι
1356 378 1458 445 τὴν
1502 375 1622 446 ἔριν
1672 376 1915 446 ἐδέησεν,

231 463 333 516 οὐκ
371 462 441 516 ἂν
479 461 673 532 ἑτέρως
717 465 778 516 τὸ
825 474 1049 534 πρᾶγμα
1095 467 1303 533 ἔπεσεν,
1350 464 1466 518 ἀλλ’
1497 465 1664 536 ε’ρρύη
1704 463 1805 532 μὲν
1843 465 1917 520 ὀὲν

231 545 377 619 αἷμα,
416 554 594 620 βραχὺ
635 549 696 604 δὲ
734 560 898 605 τοῦτο
937 553 1028 605 καὶ
1077 555 1286 622 μικρόν.
1362 555 1506 623 πλὴν
1555 555 1658 624 γὰρ
1708 554 1917 623 ὀλίγων

187 660 206 693 5
230 640 430 709 κομιδῆ
470 642 667 710 λόχων,
708 641 864 711 οἵπερ
903 637 1046 709 ἦσαν
1079 641 1550 711 κεκολακευμένοι,
1591 642 1619 695 ὁ
1654 644 1914 712 στρατιώ-

140 741 287 784 R417
326 747 423 796 της
462 729 601 792 ἅπας
640 728 899 782 συνέπνει
934 730 940 799 Ι
975 729 1064 782 καὶ
1104 728 1282 783 ἐδόκει
1320 727 1422 797 μὲν
1460 729 1546 783 ἐπὶ
1587 732 1647 784 σὲ
1683 731 1917 802 τρέχειν,

228 816 336 869 ὑπὸ
377 813 438 869 δὲ
479 805 565 870 σοὶ
611 815 964 884 τεταξόμενος
1009 818 1278 886 ἠπείγετο.
1357 818 1442 870 38.
1492 820 1548 871 τί
1584 814 1687 872 οὖν
1726 821 1794 872 ἄν
1832 839 1919 882 τις

229 914 340 958 τῶν
401 906 623 958 πάντων
683 906 918 975 μάλιστα
976 907 1306 973 θαυμάσειε;
1366 909 1603 977 πότερον
1661 909 1761 977 τὴν
1814 915 1917 961 τοῦ

231 995 448 1046 δικαίου
490 996 746 1063 φυλακὴν
790 994 822 1063 ἢ
863 996 964 1064 τὴν
1009 1004 1120 1048 τῶν
1167 994 1451 1064 ἑπομένων
1501 996 1698 1065 ἀρετὴν
1743 997 1776 1065 ἢ
1814 998 1921 1065 τὴν

166 1104 209 1135 10
231 1083 429 1151 καινὴν
475 1083 609 1136 ὁδὸν
646 1082 737 1136 καὶ
777 1085 838 1136 τὸ
885 1085 1350 1154 προσδοκώμενον
1394 1086 1529 1137 κατὰ
1575 1093 1680 1153 γῆν
1726 1083 1919 1138 ἐλθεῖν

230 1172 671 1240 περιπλεύσαντα
705 1173 766 1225 τὸ
796 1171 968 1226 πλέον
999 1175 1197 1226 δοῦναι
1228 1181 1324 1241 τῆς
1354 1175 1619 1241 κινήσεως
1651 1179 1922 1242 αἴσθησιν

229 1260 361 1326 μετὰ
410 1261 511 1328 τὴν
559 1268 753 1330 κτῆσιν
800 1261 833 1329 ἢ
885 1262 982 1314 τὸν
1032 1259 1372 1329 ἐκπλήξαντα
1423 1261 1555 1330 γένη
1608 1263 1922 1333 βαρβαρικὰ

230 1351 411 1400 πλοῦν
465 1348 521 1417 [ἢ
575 1351 678 1418 τὴν
729 1351 877 1418 παρὰ
929 1359 1039 1403 τῶν
1081 1348 1400 1419 Ἀντιοχέων
1454 1364 1542 1403 σοι
1595 1350 1923 1419 πρέπουσαν

229 1437 546 1508 κωμῳδίαν]
579 1436 611 1506 ἢ
644 1440 705 1492 τὸ
738 1448 851 1491 τῶν
882 1437 1256 1507 κομιζομένων
1281 1439 1477 1508 δώρων
1502 1437 1588 1491 ἐπὶ
1612 1441 1713 1508 τὴν
1738 1441 1920 1508 ὄχθην

166 1544 208 1579 15
232 1524 432 1587 κάλλος
469 1524 804 1594 ὠνουμένων
836 1524 1077 1579 ἑκάστων
1107 1535 1446 1596 παραμεῖψαι
1476 1528 1576 1596 τὴν
1609 1527 1881 1598 σφετέραν
1908 1525 1913 1599 Ι

143 1626 185 1669 R
205 1629 291 1669 418
323 1614 422 1666 τὸν
453 1616 676 1679 στόλον;
717 1614 802 1667 39.
843 1613 947 1683 ἐγὼ
979 1611 1082 1682 μὲν
1121 1614 1348 1685 ἐραστής
1380 1617 1490 1685 εἰμι
1520 1623 1619 1668 τοῦ
1651 1622 1921 1683 ποταμοῦ,

233 1703 327 1753 καί
372 1722 466 1768 μοι
519 1705 774 1770 φαίνεται
826 1712 927 1756 τοῦ
980 1691 1153 1757 καλοῦ
1207 1704 1308 1771 μὲν
1361 1706 1601 1757 καλλίων
1641 1703 1923 1772 Ἐνιπέως,Ι

233 1797 331 1842 τοῦ
378 1798 627 1858 γεωργοῦ
673 1788 734 1844 δὲ
788 1793 1190 1862 χρησιμώτερος
1227 1794 1439 1845 Νείλου
1494 1790 1784 1859 δεξάμενος
1831 1792 1920 1845 εὐ-

355 1983 376 2022 1
413 1979 468 2022 cf.
501 1981 534 2023 t.
560 1979 581 2022 I
611 1994 655 2035 p.
684 1984 784 2034 561,
809 1984 866 2023 24
881 1995 946 2035 sq.
972 1981 1014 2023 R
1157 1986 1212 2024 10
1245 1982 1301 2026 cf.
1326 1997 1371 2038 p.
1392 1986 1462 2036 32,
1483 1986 1536 2025 10
1682 1986 1735 2025 16
1767 1981 1922 2024 Amm.

235 2037 342 2081 XXI
367 2043 406 2091 8,
434 2043 458 2081 2
584 2042 638 2082 17
672 2038 753 2082 Od.
776 2041 800 2082 λ
832 2044 917 2083 238
933 2054 997 2095 sq.

358 2205 412 2244 18
459 2200 664 2258 γεωργὸν
705 2200 887 2245 ἐκάλεσε
925 2201 1007 2245 τὸν
1038 2203 1211 2246 Νεῖλον
1252 2201 1298 2254 ἐξ
1337 2202 1479 2258 αὐτῆς
1516 2207 1596 2257 τῆς
1631 2196 1686 2255 ἧς
1726 2200 1918 2259 παρέχει

236 2257 394 2317 χρείας
425 2260 634 2311 ἀποδοὺς
663 2260 715 2304 τὸ
750 2259 897 2316 ὄνομα
923 2261 967 2304 V

356 2426 381 2463 2
416 2439 460 2477 ρι
491 2422 541 2465 in
572 2426 801 2477 κριθῆναι
830 2422 880 2465 in
910 2436 986 2466 ras
1010 2422 1083 2467 Ρ2
1233 2427 1258 2466 5
1298 2440 1324 2481 χ
1356 2422 1406 2465 in
1437 2420 1582 2479 λόχων
1614 2422 1663 2465 in
1693 2435 1768 2465 ras
1797 2422 1859 2466 (1¹²

239 2484 262 2522 7
302 2479 550 2536 ταξάμενος
590 2481 772 2526 VBMS
793 2481 894 2525 Mor
943 2484 948 2538 Ι
999 2489 1110 2539 γοῦν
1141 2482 1243 2524 Mor
1421 2485 1446 2523 8
1485 2481 1568 2537 τὴν
1598 2481 1700 2538 τοῦ]
1734 2482 1919 2534 „malim

239 2537 324 2594 σὴν
355 2540 613 2594 ι’φιέεψοηιιιι
652 2541 720 2583 Re
901 2545 955 2583 10
1000 2541 1153 2585 ἐλθεῖν
1193 2540 1356 2596 scripsi
1396 2542 1582 2584 auctore
1621 2539 1688 2582 Re
1718 2539 1859 2581 Anim

239 2596 359 2653 ἔχειν
391 2597 499 2640 libri
531 2599 621 2641 edd
765 2603 818 2641 11
853 2600 1019 2643 δοῦναι
1052 2599 1215 2655 scripsi
1247 2613 1351 2642 cum
1374 2599 1475 2642 Mor
1503 2613 1527 2642 e
1553 2598 1712 2651 MoSI,
1745 2598 1794 2640 in
1826 2612 1921 2653 quo

238 2657 396 2698 tamen
456 2663 565 2699 ῦναι
595 2658 644 2699 in
675 2671 750 2700 ras
781 2657 851 2700 111²
912 2656 1056 2702 δόντα
1087 2658 1256 2714 reliqui
1286 2658 1396 2701 libri
1429 2659 1476 2701 et
1505 2658 1573 2700 Re
1703 2661 1755 2699 12
1788 2655 1918 2712 κίνη-

241 2728 312 2757 σιν
345 2713 501 2757 Gasda
623 2721 675 2758 13
707 2713 736 2770 ἢ
760 2742 815 2748 —-
843 2721 897 2759 14
929 2715 1175 2776 κωμῳδίαν
1207 2730 1327 2772 quae
1357 2716 1408 2759 in
1436 2717 1521 2760 Mo
1552 2717 1599 2758 eb
1628 2715 1677 2757 in
1708 2715 1919 2772 margine

240 2772 476 2829 adscripta
517 2775 629 2816 noba
671 2791 725 2830 γρ
755 2773 962 2829 πρόσθες
1002 2775 1053 2818 in
1082 2777 1184 2819 Mor
1226 2778 1322 2832 (τῆς
1358 2788 1441 2831 pro
1472 2776 1580 2830 τῶν)
1620 2775 1823 2827 exstant,
1865 2775 1920 2816 ub

241 2831 613 2875 additamentum
643 2832 841 2876 irrisoris
865 2833 1035 2876 Iuliani
1057 2834 1334 2889 Libaniique
1366 2835 1494 2891 (num
1519 2833 1706 2888 Georgii
1733 2831 1923 2888 Cyprii?

240 2889 298 2933 cf.
332 2890 473 2934 schol.
508 2890 568 2934 ad.
599 2906 643 2947 p.
670 2888 831 2949 66319)
865 2905 889 2935 e
920 2894 1051 2935 textu
1081 2894 1276 2936 removit:
1305 2893 1374 2936 Re
1510 2896 1564 2935 14
1597 2895 1747 2947 δῶρον
1775 2893 1859 2935 Mo

242 2953 296 2992 15
329 2966 355 2993 ν
387 2949 436 2992 in
468 2948 670 2994 ἑκάστων
702 2963 758 2993 ex
789 2967 805 2993 ι
837 2965 937 2994 corr
963 2951 1020 2995 ΟΒ
1051 2951 1176 2995 inser
1198 2952 1270 2996 1³³
1389 2950 1582 2995 ἑκάστωι
1607 2952 1653 2995 A
