2060 3162
687 90 911 135 LIBANII
942 90 1165 135 ORATIO
1196 89 1344 135 XVIII
1743 89 1848 142 357

287 228 408 281 276.
444 226 498 280 ‘A
537 226 587 280 δ’
616 227 754 295 ὑπὲρ
794 234 892 279 τοῦ
927 224 1260 295 Περικλέους
1299 225 1328 278 ὁ
1364 226 1710 293 Θουκυδίδης
1749 245 1851 294 φη-

177 319 285 385 σίν,
324 317 408 370 ὅτι
444 323 507 386 τῇ
547 320 770 385 τελευτῇ
810 316 1186 385 λαμπρότερον
1225 312 1446 380 ἔδειξεν,
1486 314 1621 366 ὅσον
1655 310 1725 382 ἦν
1756 314 1850 366 αὐ-

176 407 266 469 τὸς
304 414 416 468 τοῖς
453 405 748 473 πράγμασι,
795 402 943 457 ταῦτ’
976 402 1046 455 ἂν
1084 401 1198 471 ἔχοι
1244 422 1325 465 τις
1373 404 1546 455 εἰπεῖν
1591 400 1680 454 καὶ
1727 401 1852 473 περὶ

177 495 352 547 τοῦδε.
427 502 538 546 τῶν
590 493 695 562 γὰρ
750 492 931 545 ἄλλων
981 491 1239 544 ἁπάντων
1285 500 1395 543 τῶν
1442 491 1623 544 αὐτῶν
1671 486 1870 562 ὧνπερ,

176 583 266 635 καὶ
314 583 581 652 πρότερον
626 582 820 650 ὄντων,
873 590 984 633 τῶν
1035 580 1271 650 ἀνδρῶν,
1325 588 1436 633 τῶν
1487 580 1689 647 ὅπλων,
1743 589 1853 632 τῶν
1899 602 1918 635 5

178 671 376 738 ἵππων,
415 679 526 723 τῶν
563 667 882 739 ταξιαρχῶν,
921 678 1032 721 τῶν
1071 669 1484 736 συνταγμάτων,
1523 677 1634 720 τῶν
1665 670 1854 737 αἰχμα-

176 760 383 827 λώτων,
419 767 530 811 τῶν
561 758 866 828 χρημάτων,
898 766 991 827 τῆς
1021 765 1248 827 τροφῆς,
1288 756 1349 809 ἐν
1378 763 1476 827 μιᾷ
1507 765 1571 826 τῇ
1602 757 1725 827 περὶ
1756 758 1855 809 τὸν

176 848 543 917 βασιλεύοντα
573 849 843 916 μεταβολῇ
875 847 940 898 τὰ
964 846 1142 898 πάντα
1173 847 1480 915 συνετρίβη.
1558 845 1679 897 277.
1709 854 1856 914 πρῶ-

175 956 274 988 τον
334 935 434 1004 μὲν
495 936 600 1005 γὰρ
664 935 766 987 οὐκ
826 936 1066 1003 ἤνεγκαν
1119 933 1217 996 οὓς
1270 935 1542 1004 πρότερον
1594 935 1855 1002 ἤλαυνον,

175 1026 358 1077 ἔπειτα
409 1024 541 1092 <δὲ>
594 1022 984 1086 δελεασθέντες
1038 1024 1256 1093 εἰρήνης
1313 1022 1564 1090 ὀνόματι,
1626 1023 1686 1074 τὸ
1749 1023 1853 1093 γὰρ
1879 1045 1920 1077 10

178 1113 310 1166 αὐτὸ
342 1114 726 1181 προσήνεγκαν
758 1113 810 1165 οἱ
840 1110 1090 1181 πολέμιοι
1121 1112 1426 1180 μηχάνημα,
1457 1112 1656 1173 πάντες
1680 1109 1855 1179 ἐβόων

182 1201 441 1270 δέχεσθαι
473 1202 564 1253 καὶ
593 1200 857 1271 στέργειν,
888 1199 979 1253 καὶ
1003 1209 1217 1271 πρῶτος
1248 1200 1276 1253 ὁ
1302 1201 1612 1267 βασιλεύων
1635 1199 1855 1253 εἵλκετο.

178 1291 364 1357 λαβὼν
403 1287 463 1342 δὲ
502 1290 703 1352 αὐτοὺς
740 1289 879 1359 πρὸς
916 1290 1017 1357 τὴν
1050 1288 1288 1357 ἡσυχίαν
1320 1289 1634 1358 ὡρμηκότας
1674 1288 1702 1342 ὁ
1731 1292 1857 1357 Μῆ-

181 1380 276 1441 δος
330 1379 507 1447 διῆγε,
563 1377 834 1448 διέτριβεν
889 1376 1123 1447 ἐρωτῶν,
1185 1376 1631 1446 ἀποκρινόμενος,
1692 1384 1856 1429 τοῦτο

180 1468 485 1535 δεχόμενος,
520 1465 708 1536 ἕτερον
739 1465 1196 1534 ἀναβαλλόμενος,
1229 1465 1289 1518 ἐν
1318 1467 1521 1534 πλήθει
1549 1468 1857 1535 πρεσβειῶν
1881 1488 1923 1520 15

180 1554 489 1608 ἀναλίσκων
535 1555 721 1617 αὐτοῖς
766 1555 867 1622 τὴν
911 1555 1140 1623 τροφήν.
1216 1554 1338 1607 278.
1394 1554 1467 1616 ὡς
1506 1551 1566 1607 δὲ
1607 1556 1762 1606 σίτου
1800 1573 1869 1623 τε,

178 1642 270 1696 καὶ
322 1653 433 1696 τῶν
486 1644 668 1695 ἄλλων
721 1642 978 1695 ἁπάντων
1039 1641 1330 1707 ἐσπάνιζον
1387 1641 1477 1694 καὶ
1537 1641 1706 1713 ᾔτουν
1767 1642 1858 1694 καὶ

179 1732 356 1784 πάντα
395 1733 547 1800 δεινὴ
587 1733 652 1800 δὴ
695 1739 1001 1801 συγχωρεῖν
1047 1730 1253 1799 ἀνάγκη
1301 1734 1686 1801 περιειστήκει,
1736 1733 1858 1784 τότε

301 1985 323 2023 1
358 1979 498 2023 Thuc.
523 1979 565 2022 H
590 1983 658 2034 65,
678 1983 779 2035 3sq.
945 1983 998 2022 12
1031 1979 1178 2022 Amm.
1197 1979 1324 2022 XXV
1350 1984 1387 2034 7,
1410 1983 1477 2023 10.
1541 1979 1638 2023 Zos.
1664 1978 1727 2022 111
1743 1984 1796 2022 31

183 2043 237 2081 14
270 2037 449 2082 Thuc.I
474 2042 543 2093 90,
560 2043 599 2081 4.
662 2038 792 2082 Dem.
817 2051 1018 2094 prooem.
1052 2052 1096 2094 p.
1118 2042 1244 2091 1460,
1265 2043 1302 2081 1.
1365 2039 1514 2083 Amm.
1540 2037 1666 2082 XXV
1692 2043 1732 2093 7,
1750 2043 1775 2082 5
1791 2053 1855 2093 sq.

302 2279 323 2316 1
359 2273 383 2317 ὀ
417 2287 490 2317 om
522 2274 590 2319 Re
772 2278 796 2316 2
837 2272 865 2329 ἡ
897 2273 1079 2329 τελευτὴ
1111 2273 1214 2317 coni
1246 2273 1347 2317 Mor
1396 2274 1402 2332 Ι
1453 2271 1558 2324 ὅσος
1587 2274 1710 2318 Fabr
1733 2273 1802 2318 Re

183 2336 208 2375 3
240 2330 368 2376 τοῦτ’
399 2333 490 2378 VU
603 2337 628 2377 6
660 2331 918 2406 ταξιάργῶν
950 2334 985 2376 Ι
1009 2331 1135 2376 sed'
1167 2335 1213 2376 et
1237 2336 1254 2345 ”
1288 2332 1359 2375 111²
1390 2333 1437 2377 et
1461 2337 1479 2346 '⁴
1511 2333 1561 2375 in
1591 2346 1667 2376 ras
1735 2333 1860 2386 ταξι-

187 2390 341 2450 άρχων
368 2392 411 2436 V
446 2393 451 2448 Ι
486 2399 577 2436 τῶν
610 2406 936 2449 συνταγματων
969 2405 1044 2435 om
1070 2393 1114 2436 V
1243 2396 1266 2434 7
1298 2397 1475 2447 τρυφῆς
1508 2393 1553 2436 U
1679 2395 1705 2434 8
1737 2399 1860 2446 πρῶ-

181 2466 261 2494 τον
293 2452 327 2494 Ι
352 2450 434 2494 sed
465 2467 520 2494 ον
550 2451 599 2494 in
623 2463 698 2493 ras
721 2450 791 2493 m'
927 2454 981 2494 10
1014 2451 1064 2494 δὲ
1096 2450 1272 2494 inserui
1415 2455 1466 2493 11
1502 2450 1616 2494 αὐτὸ
1647 2452 1693 2495 Ρ
1722 2451 1802 2495 sed
1834 2451 1860 2494 ὸ

181 2509 231 2551 in
253 2522 329 2552 ras
352 2509 421 2552 m⁸
571 2514 624 2552 12
658 2510 870 2567 βασιλεὺς
901 2510 975 2553 La
1132 2514 1189 2551 14
1220 2512 1352 2567 διῆγε
1385 2523 1459 2553 om
1484 2510 1529 2553 B
1557 2512 1563 2566 Ι
1590 2516 1754 2553 τοῦτον
1786 2510 1862 2554 La

183 2568 263 2610 sed
296 2585 323 2611 ν
355 2581 536 2611 erasum
688 2572 741 2611 15
772 2569 1026 2626 πρεσβειῶν
1058 2569 1105 2613 Ρ
1132 2568 1213 2612 sed
1245 2575 1309 2611 ῶν
1341 2568 1389 2611 in
1413 2581 1488 2611 ras
1512 2567 1582 2611 m²
1726 2573 1779 2612 16
1811 2584 1859 2612 τε

184 2670 259 2699 om
286 2657 329 2700 V
465 2660 519 2699 18
550 2654 703 2699 πάντα
733 2657 841 2711 post
871 2654 962 2712 ἤδη
996 2655 1061 2699 Re
1137 2628 1373 2700 πάνῖῗςΒ
1486 2671 1562 2699 om
1599 2657 1701 2701 Mor
1738 2656 1862 2700 Fabr

187 2715 192 2772 Ι
227 2714 357 2771 δεινὴ
396 2714 454 2771 δὴ
495 2716 540 2759 Ρ
577 2714 658 2757 sed
695 2730 724 2769 η
763 2717 820 2769 δη
860 2714 910 2757 in
948 2727 1023 2757 ras
1061 2714 1132 2758 m'
1170 2717 1217 2758 et
1254 2716 1448 2771 uterque
1487 2716 1641 2772 gravis
1680 2715 1751 2759 m⁸

184 2789 312 2904 δεδεῗξιᾎ]
332 2772 479 2888 ⁷1¹5an
570 2831 725 2882 δεινὸς
755 2830 812 2886 δὴ
855 2831 898 2876 U
986 2832 1086 2876 δεῖν
1117 2830 1206 2888 ἤδη
1239 2834 1322 2875 Mo
1335 2833 1406 2875 VI
1431 2831 1532 2877 Mor
1561 2832 1684 2876 Fabr
1774 2833 1861 2889 δὴν

183 2888 273 2947 ἤδη
305 2892 381 2935 La
472 2890 601 2946 δεινὴ
632 2889 720 2945 ἤδη
752 2889 820 2932 Re
