2060 3162
219 109 328 163 506
742 110 971 155 LIBANII
1002 110 1226 156 ORATIO
1257 111 1406 157 XXHI

219 247 618 315 διατριβόντων
673 245 920 316 οὐδαμοῦ
983 247 1326 317 μεμνημένης
1388 247 1478 302 καὶ
1532 249 1746 303 τούτων
1798 259 1911 304 τῶν

219 335 552 403 γραμμάτων
614 333 942 403 ἐκκειμένων
1003 336 1094 388 καὶ
1155 343 1254 389 τοῦ
1316 338 1441 407 περὶ
1503 338 1687 391 αὐτῶν
1740 340 1909 407 λόγου

219 429 500 491 πανταχοῦ
555 425 975 493 πεφοιτηκότος,
1032 423 1160 477 ὥστ’
1199 421 1340 478 εἶναι
1394 424 1485 479 καὶ
1537 435 1653 489 τοῖς
1706 445 1910 496 πεφευ-

220 513 382 579 γόσιν
413 510 638 580 εἰδέναι,
681 510 866 574 οὐδεὶς
896 513 957 565 τὸ
990 522 1103 566 τῶν
1140 516 1445 584 χαιρόντων
1483 513 1741 583 ε’ποίησεν
1780 512 1911 568 οὐδὲ

174 623 192 654 5
220 599 558 654 ἀνέπνευσεν
609 597 740 654 οὐδὲ
790 603 1171 670 προσεκύνησε
1222 603 1324 671 τὴν
1369 604 1552 673 Τύχην
1600 602 1723 657 οὐδ’
1751 601 1911 674 ἔδρα-

218 708 320 758 μεν
370 687 458 742 ἐπὶ
512 691 613 758 τὴν
664 685 743 743 ὧν
790 689 1122 761 ἀπεστέρητο
1178 693 1488 758 μετουσίαν.
1566 693 1651 745 26.
1715 693 1804 746 καὶ
1858 693 1915 746 τί

217 780 565 846 θαυμαστόν;
614 775 747 832 οὐδὲ
787 779 890 848 γὰρ
930 780 1065 848 μετὰ
1105 781 1429 850 δικαστήρια
1467 779 1557 834 καὶ
1596 784 1782 852 κρίσιν
1820 780 1910 835 καὶ

219 868 423 934 δεσμὸν
463 866 835 936 ἀποκρίνοντα
881 871 1012 931 τοὺς
1052 870 1253 931 ἄλλους
1299 870 1389 922 καὶ
1430 871 1773 940 δημηγορίαν
1810 878 1909 924 τοῦ

219 965 528 1028 στρατηγοῦ
582 976 640 1009 τε
693 956 784 1010 καὶ
842 958 1105 1011 δικαστοῦ
1159 957 1250 1011 καὶ
1305 959 1503 1029 ὅρκους
1557 957 1912 1030 ἐξαιροῦντας

153 1068 194 1099 10
217 1046 317 1098 τὸν
356 1047 537 1115 φόβον
577 1043 697 1098 οὐδ’
731 1046 906 1109 οὕτως
945 1045 1033 1099 ἐπὶ
1072 1049 1203 1110 τοὺς
1234 1049 1436 1115 λόγους
1467 1046 1744 1117 ἐπανῆκον
1783 1047 1904 1102 οὐδ’

218 1133 391 1203 ἡδέως
446 1131 600 1189 εἶδον
654 1137 785 1198 τοὺς
838 1145 948 1189 τῶν
1008 1138 1308 1203 βελτιόνων
1362 1136 1653 1205 ἀγγέλους,
1709 1135 1825 1191 ἀλλ’
1858 1138 1911 1190 οἱ

217 1231 397 1292 ταχεῖς
437 1222 669 1277 ἐνθένδε
711 1223 979 1277 ἀπελθεῖν
1017 1226 1241 1294 βραδεῖς
1280 1226 1356 1287 εἰς
1387 1225 1453 1277 τὰ
1491 1226 1720 1296 δεύτερα
1759 1245 1912 1278 κατε-

217 1314 437 1381 χόμενοι
476 1320 541 1383 τῇ
579 1320 676 1381 τῆς
717 1312 910 1383 ἀργίας
949 1313 1123 1383 ἡδονῇ
1163 1317 1374 1382 μᾶλλον
1413 1312 1445 1381 ἢ
1478 1317 1616 1385 ζήλῳ
1649 1333 1741 1386 τω,
1782 1334 1913 1383 μεμ-

219 1403 452 1470 φόμενοι
511 1407 586 1473 τῷ
641 1410 753 1455 τῶν
806 1403 954 1472 παρὰ
1006 1409 1107 1454 τοῦ
1169 1401 1436 1469 βασιλέως
1490 1402 1913 1470 ἀπεσταλμένων

153 1511 194 1544 15
218 1491 367 1560 τάχει
407 1492 590 1558 λόγων
636 1489 738 1543 οὐκ
786 1490 1125 1560 ἀποροῦντες
1171 1490 1570 1561 ἀναισχύντων,
1623 1493 1707 1545 ὄτι
1754 1491 1912 1545 ἀλλὰ

218 1576 609 1649 περιῄρηται
663 1580 731 1633 τὸ
786 1587 895 1648 τῆς
949 1582 1195 1643 πόλεως
1248 1579 1493 1650 ἀξίωμα
1545 1581 1650 1634 καὶ
1704 1582 1911 1647 μετεί-

219 1671 383 1737 ληφε
438 1676 646 1737 σχῆμα
701 1671 1032 1739 φρουρίου
1087 1667 1193 1722 καὶ
1249 1667 1453 1722 οῦθ’ὁ
1507 1670 1912 1739 ἱππόδρομος

220 1758 367 1809 οὔτε
428 1757 497 1809 τὸ
553 1756 841 1827 θέατρον
902 1748 1032 1826 ἔχει
1088 1759 1162 1810 τὰ
1215 1758 1432 1811 αὑτοῦ.
1515 1758 1602 1811 27.
1656 1756 1748 1811 καὶ
1801 1760 1857 1811 τί
1903 1758 1909 1829 Ι

129 1858 171 1901 R
193 1858 338 1901 11306
376 1853 579 1914 τοῦτο,·
615 1842 656 1899 ὦ
707 1849 963 1898 Μουσῶν
1010 1846 1168 1915 ὑμεῖς
1220 1845 1437 1916 ἐχθροίς
1492 1849 1637 1900 πολὺ
1687 1849 1792 1918 γὰρ
1844 1848 1911 1917 δὴ

155 1957 197 1989 20
221 1936 454 2002 βελτίων
491 1935 524 2003 ἡ
565 1936 726 1997 πόλις
766 1935 843 1997 εἰς
882 1936 1084 2002 λόγους
1130 1934 1190 1988 ἐν
1230 1928 1312 1998 οἷς
1352 1936 1513 2003 δίκην
1550 1932 1722 1989 ἔδωκε
1760 1935 1913 2004 γεγέ-

220 2042 403 2091 νηται,
450 2022 541 2076 καὶ
581 2024 647 2076 τὰ
685 2020 787 2092 μὲν
825 2024 1067 2092 βλαβερὰ
1106 2022 1453 2094 περιῄρηται,
1500 2033 1612 2077 τῶν
1652 2023 1699 2077 δ’
1733 2026 1912 2077 ὄντων

221 2111 452 2179 ἀγαθῶν
499 2111 667 2165 οὐδὲν
712 2120 776 2182 τῇ
831 2115 1102 2182 μεταβολῇ
1155 2121 1252 2180 τῆς
1297 2114 1670 2181 προσηγορίας
1714 2111 1910 2181 βέβλα-

219 2218 363 2253 πται.
441 2200 605 2262 αὐτός
651 2199 717 2268 γέ
759 2220 845 2252 τοι
891 2203 1092 2269 χείρων
1139 2196 1306 2253 οὐδὲν
1353 2199 1616 2253 ἐντεῦθεν
1667 2201 1744 2263 εἰς
1781 2203 1912 2263 τοὺς

340 2393 366 2433 9
397 2388 630 2434 Euebichi
751 2393 806 2432 22
841 2388 897 2433 cf.
924 2404 969 2445 p.
995 2393 1140 2443 424‚5

343 2572 365 2610 1
399 2568 581 2624 οὐδαμῆ
609 2567 648 2612 Ο
763 2571 788 2609 3
820 2573 1054 2623 πανταχοῖ
1074 2566 1142 2610 Re
1175 2568 1225 2610 at
1257 2566 1313 2609 cf.
1339 2569 1371 2609 t.
1390 2567 1411 2609 Ι
1434 2571 1611 2622 411,14
1733 2570 1759 2609 8
1791 2567 1909 2610 ἀπο-

221 2622 442 2680 κρίνοντα
472 2627 508 2669 Ι
533 2626 615 2670 sed
647 2642 670 2669 ο
697 2627 758 2683 (2)
785 2639 840 2670 ex
864 2642 895 2668 α
928 2639 1030 2669 corr
1089 2623 1427 2681 ἀποκρίνονται
1460 2627 1504 2669 V
1619 2630 1644 2669 9
1678 2623 1844 2680 ὅρκους
1865 2625 1912 2669 Ρ

223 2684 304 2727 sed
334 2701 363 2728 v
394 2684 442 2727 in
466 2697 541 2728 ras
566 2685 635 2728 m3
801 2689 853 2728 12
888 2682 1113 2728 ἐνθένδεν
1144 2686 1180 2728 Ι
1338 2689 1392 2728 13
1424 2701 1486 2744 τῳ
1517 2685 1586 2728 Re
1617 2684 1667 2728 in
1695 2685 1778 2728 AI
1806 2683 1910 2755 legi

223 2757 432 2787 asserens
463 2756 709 2800 perperam
769 2751 861 2788 τῶν
894 2745 957 2787 Μ
1011 2746 1075 2802 τῷ
1099 2742 1268 2798 reliqui
1299 2742 1409 2787 libri
1469 2751 1560 2787 τῶν
1592 2739 1910 2816 μεμενηκότων

222 2802 327 2846 coni
350 2802 418 2846 Re
493 2809 585 2846 τῶν
615 2802 765 2858 λόγων
797 2801 1002 2846 Sintenis
1060 2805 1065 2858 Ι
1119 2803 1425 2876 μεμφομένων
1451 2805 1514 2847 Μ
1689 2806 1743 2844 17
1777 2800 1801 2844 ὁ
1835 2815 1911 2844 om

221 2861 362 2905 IMV
389 2861 445 2909 cf.
470 2861 542 2904 t.1
574 2865 673 2917 291,
693 2867 718 2904 5
858 2865 911 2904 18
941 2860 994 2904 τὸ
1019 2861 1168 2904 omM
1198 2864 1204 2918 Ι
1233 2862 1376 2904 αὐτοῦ
1399 2862 1494 2905 ΙΜ
1617 2865 1673 2904 20
1706 2859 1772 2910 εἰς
1800 2860 1909 2909 τοὺς

221 2918 388 2977 λόγους
416 2920 551 2976 Bong
