2060 3162
678 113 905 158 LIBANII
935 111 1159 158 ORATIO
1190 112 1298 157 ΧΠ
1330 93 1337 99 '
1640 73 1643 75 ’
1724 113 1826 164 177

138 253 426 323 δύνασθαι
466 253 561 320 ζῆν
599 251 915 319 ἔμπροσθεν
954 256 1054 302 τοῦ
1094 253 1256 302 λῦσαι
1294 250 1396 318 τὴν
1433 246 1698 316 βασιλέως
1737 249 1829 318 ὀρ-

142 342 250 410 γὴν
288 341 594 409 θησόμεθα.
662 338 749 391 43.
790 338 837 391 εἰ
877 338 981 407 γὰρ
1022 338 1090 406 δὴ
1131 338 1457 407 δεδοίκαμεν
1487 337 1698 405 στάσιν,
1737 336 1828 390 καὶ

139 427 287 483 τοῦτ’
327 427 542 497 ἐγκαλεῖ
589 429 596 495 Ι
652 434 716 497 τῇ
756 429 930 496 βουλῇ
969 426 1243 495 βασιλεύς,
1283 427 1331 479 εἰ
1371 425 1514 479 οὕτω
1554 434 1731 489 κακῶς
1770 438 1811 480 R
1833 442 1917 482 501

141 527 237 587 τῆς
267 519 472 580 πόλεως
502 516 870 586 προῦστημεν,
909 512 1035 568 ὥστ’
1067 514 1314 583 ἀνάγκην
1346 511 1487 567 εἶναι
1519 516 1649 578 τοὺς
1681 514 1829 584 ἀμεί-

142 627 278 670 νους
314 613 430 668 τοῖς
466 608 692 667 πολλοῖς
731 603 1068 657 ἀκολουθεῖν
1105 601 1196 656 καὶ
1235 611 1351 666 τοῖς
1389 605 1574 672 ὄχλοις
1612 602 1830 672 ἐκπορί-
1875 625 1896 657 5

143 698 255 760 ζειν
313 693 519 762 ἡδονὰς
573 692 606 762 ἢ
659 693 834 756 εὐθὺς
896 690 1253 746 ἀπολωλέναι.
1332 692 1468 745 ἀλλὰ
1520 693 1629 761 μὴν
1690 692 1831 760 ἄγαν

139 784 497 851 παμπόλλους
547 778 689 835 εἶναι
739 784 1031 851 νομίζομεν
1075 783 1205 844 τοὺς
1252 779 1314 834 ἐν
1359 784 1497 852 λιμῷ
1539 784 1832 849 ζητοῦντας

142 872 405 942 ὀρχήσεις.
498 868 613 923 ἀλλ’
662 870 977 940 ἀνθρώπων
1045 867 1105 922 ἐκ
1171 877 1270 922 τοῦ
1339 869 1599 938 κυβεύειν
1667 868 1830 922 εὐπο-

140 961 394 1031 ρούντων
424 960 623 1029 κομιδῆ
654 979 824 1012 τινων
855 959 1244 1029 εὐαριθμήτων
1275 956 1366 1011 καὶ
1397 958 1611 1011 τούτων
1642 955 1829 1026 ξένων,

138 1047 228 1119 ἐφ’
269 1048 367 1112 οὓς
412 1050 607 1118 ἔχομεν
643 1048 741 1101 τὸν
779 1055 875 1117 τῆς
913 1045 1234 1116 ξενηλασίας
1272 1049 1463 1115 νόμον,
1510 1046 1581 1115 ἢν
1618 1047 1830 1116 θρασύ-
1855 1069 1898 1100 ιο

138 1158 359 1191 νωνται.
435 1137 520 1189 44.
573 1133 724 1206 οἶμαι
762 1137 864 1204 μὲν
902 1132 1006 1190 οὖν
1046 1135 1210 1200 εἴξειν
1248 1137 1491 1199 ἅπαντας
1535 1144 1652 1198 τοῖς
1696 1135 1830 1204 ὑμῖν

140 1228 425 1294 δοκοῦσιν,
471 1225 542 1279 ἂν
590 1224 639 1279 δ’
679 1226 784 1296 ἄρα
829 1245 911 1288 τις
948 1226 1039 1278 καὶ
1078 1223 1301 1293 γένηται
1347 1226 1619 1295 θόρυβος,
1667 1224 1831 1277 σώσει

140 1323 307 1368 τοῦτο
361 1315 462 1384 τὴν
514 1317 680 1368 πόλιν
732 1315 794 1367 τὸ
850 1315 1108 1384 φοβερόν.
1184 1314 1258 1376 ὡς
1309 1317 1517 1367 πολλοῦ
1568 1332 1630 1381 γε
1678 1313 1831 1378 ἄξιον

139 1403 375 1457 ἀκοῦσαι
414 1402 641 1472 βασιλέα
679 1413 791 1456 τῶν
821 1401 1054 1456 ἐνθένδε
1085 1402 1521 1471 ἀναβαινόντων,
1560 1401 1643 1455 ὄτι
1668 1400 1830 1454 Ἀντι-

141 1491 316 1561 οχέων
355 1493 408 1545 οἱ
455 1492 556 1561 μὲν
601 1492 668 1544 τὰ
712 1492 871 1544 κοινὰ
915 1491 1246 1561 πράττοντες
1291 1491 1828 1561 μεταρρυθμίζουσιν
1854 1512 1906 1544 15·

142 1581 222 1643 εῑς
271 1581 562 1650 καρτερίαν
614 1580 715 1648 τὴν
762 1581 944 1647 πόλιν,
998 1579 1027 1632 ὁ
1079 1580 1249 1647 δῆμος
1295 1579 1356 1631 δὲ
1403 1577 1692 1632 ἀντιτείνει
1738 1577 1828 1631 καὶ

143 1673 318 1721 οἱέται
358 1669 476 1720 δεῖν
515 1667 548 1735 ἢ
588 1675 809 1738 τρυφᾶν
847 1668 880 1737 ἢ
919 1667 1238 1731 στασιάζειν.

255 1756 326 1808 45
374 1755 430 1808 Ὁ
469 1754 519 1809 δ’
557 1756 624 1809 οὐ
664 1757 901 1826 χρηστὸν
943 1756 1147 1809 οἰωνὸν
1184 1763 1355 1808 ταῦτα
1394 1751 1536 1809 εἶναι
1575 1757 1828 1823 νομίζων,

141 1846 194 1898 εἰ
232 1842 332 1912 μὲν
371 1843 606 1907 ἀπόντος
645 1846 825 1914 φόβου
864 1845 1067 1907 παντὸς
1106 1851 1352 1914 φανεροῦ
1391 1845 1492 1913 τὴν
1522 1845 1829 1914 μεταβολὴν

143 1934 498 2002 εἰσηγούμην,
540 1937 669 1996 ἴσως
707 1932 776 1986 ἂν
816 1933 1001 2003 ὀρθῶς
1033 1933 1331 2002 εὐλαβεῖτο,
1369 1938 1560 2003 θυμοῦ
1593 1930 1654 1986 δὲ
1685 1932 1828 1998 ζέον·
1854 1956 1900 1987 20

143 2041 235 2085 τος
266 2022 594 2091 τηλικούτου
623 2019 714 2074 καὶ
746 2030 857 2074 τῶν
897 2020 985 2074 ἀπ’
1018 2021 1189 2075 αὐτοῦ
1228 2020 1720 2091 προσδοκωμένων,
1759 2021 1829 2090 ἢν

143 2108 301 2164 αὐτοὶ
339 2120 450 2163 τῶν
489 2111 708 2178 ἡδονῶν
747 2130 799 2163 τι
837 2111 1238 2181 περικόψωμεν,
1277 2109 1391 2180 τάχ’
1427 2110 1496 2164 ἂν
1535 2109 1828 2180 ἐμπλήσαι-

265 2260 289 2298 9
322 2258 354 2298 t..
381 2255 400 2298 I
433 2260 532 2310 312,
559 2260 584 2299 9
706 2261 761 2299 22
794 2255 922 2300 Dem.
948 2255 1068 2299 Phil.
1094 2255 1157 2299 III
1190 2261 1214 2310 ξ
1241 2261 1297 2300 54
1328 2271 1373 2312 p.
1404 2260 1502 2311 124,
1535 2261 1590 2299 26

262 2392 287 2430 2
329 2388 388 2446 εἰ]
414 2388 468 2432 οὐ
502 2388 585 2433 Mo
620 2388 688 2431 Re
772 2387 926 2432 locum
962 2388 1131 2432 lacuna
1166 2391 1434 2445 corruptum
1470 2389 1638 2432 statuit}
1671 2387 1826 2432 Gasda

203 2451 229 2490 5
277 2444 400 2496 ολοις
433 2447 477 2491 U
650 2451 674 2490 6
722 2446 781 2503 μὴ
819 2461 922 2491 cum
954 2461 1029 2491 ras
1065 2454 1086 2491 1
1121 2447 1199 2491 litt
1223 2449 1358 2492 PIM
1533 2452 1556 2490 7
1605 2448 1654 2491 in
1696 2445 1825 2523 νομί-

145 2508 277 2561 ζομεν
310 2521 334 2549 ο
367 2506 620 2549 secundm
650 2506 699 2548 in
730 2523 765 2549 ω
798 2519 900 2549 corr
922 2506 1060 2551 P⁴I²
1238 2511 1264 2551 8
1295 2505 1421 2551 τοῦτ’
1452 2507 1574 2551 ἔστιν
1605 2509 1712 2562 post
1742 2507 1824 2550 ἀν-

140 2565 350 2618 θρώπων
383 2564 608 2608 excidisse
640 2578 744 2608 com
768 2565 835 2608 Re
878 2565 884 2623 Ι
926 2565 1252 2621 εὐπορούντων
1283 2565 1407 2610 inser
1438 2566 1494 2610 1⁸
1616 2570 1667 2608 11
1716 2564 1825 2622 ἡμῖν

148 2624 209 2666 M
340 2628 394 2666 12
426 2622 664 2681 γενήσεται
691 2626 774 2668 Mo
919 2629 974 2667 14
1006 2623 1484 2682 ἀποβαινόντωνιΟΑ,
1517 2624 1599 2668 sed
1629 2642 1684 2682 γρ
1710 2625 1824 2668 ἀνα-

147 2680 408 2754 βαινόντων
435 2682 483 2725 in
508 2696 641 2739 marg
667 2681 735 2737 Cf,
769 2699 884 2726 ..να
918 2696 1058 2739 supra.
1088 2699 1149 2727 πο
1180 2697 1321 2727 manu
1352 2683 1530 2740 primae
1563 2683 1749 2739 aequali
1780 2685 1823 2727 A

208 2744 261 2782 18
286 2738 336 2784 O
361 2738 408 2786 δ’
437 2756 511 2785 om
535 2741 628 2785 Bec
750 2745 802 2784 19
835 2741 962 2793 τινὸς
993 2743 1196 2800 φοβεροῦ
1223 2745 1306 2786 Mo
1426 2747 1482 2785 20
1512 2743 1754 2800 ηὐλαβεῖτο
1788 2742 1831 2783 1

207 2803 260 2842 21
303 2801 415 2858 τῶν]
455 2799 680 2844 πάντωνὶ>
737 2802 742 2855 Ι
799 2796 856 2854 ἣν
899 2799 981 2855 μὲν
1023 2801 1158 2845 αὐτοὶ
1199 2799 1244 2844 τί
1281 2808 1371 2845 τῶν
1414 2800 1597 2857 ἡδονῶν
1640 2799 1824 2856 περικό-

147 2863 308 2912 ψωμεν
333 2859 378 2902 Β
439 2876 498 2913 ην
528 2858 588 2915 μὴ
613 2859 747 2902 αὐτοὶ
777 2866 870 2903 τῶν
901 2858 1085 2914 ἡδονῶν
1109 2858 1434 2917 περικόψωμεν
1461 2862 1544 2904 Mo
1576 2911 1583 2917 ι
1664 2864 1719 2902 22
1753 2859 1827 2915 ἐμ-

144 2914 386 2973 πλήσωμεν
412 2919 496 2962 Mo
557 2916 860 2973 ἐκπλήξαιμεν
885 2918 994 2960 BM

235 2995 432 3030 Lamnus
457 2998 514 3030 ed
539 2998 776 3032 Foerster.
816 2999 866 3031 11.
1507 2996 1558 3033 12
