2060 3162
634 136 860 181 LmANn
891 135 1115 181 ORATIO
1146 115 1294 180 xvm
1709 135 1817 189 345

132 275 195 328 τὸ
228 272 559 344 σιτηρέσιον,
597 274 649 327 εἴ
675 291 751 343 πῃ
781 273 1186 342 παρανάλωται,
1223 272 1295 324 τὸ·
1327 271 1389 324 δὲ
1417 268 1586 341 ἔργον
1624 267 1711 339 ἦν,
1751 271 1816 324 οὐ

132 364 456 433 προειδότας
499 361 759 431 ἐξαίφνης
804 361 1094 431 ἐμβιβάσαι
1150 360 1162 431 Ι
1213 363 1346 422 τοὺς
1389 361 1721 430 στρατιώτας
1758 371 1803 415 R
1822 376 1905 415 606

134 451 406 520 ἐβούλετο.
474 451 895 518 δεδειπνηκότας
925 452 1122 502 τοίνυν
1151 449 1372 519 ἀγείρας
1399 451 1531 511 τοὺς
1557 447 1619 502 ἐν
1641 447 1819 501 τέλεσι

132 540 224 594 καὶ,
286 538 487 608 δείξας,
549 540 622 602 ὡς
671 542 768 606 μία
821 538 1095 592 λέλειπται
1157 540 1297 607 μόνη
1350 539 1490 607 πρὸς
1543 539 1819 607 σωτηρίαν

134 629 262 692 ὁδὸς
294 631 531 698 Τίγρητα
562 629 860 696 διαβάντας
895 635 996 696 γῆς
1026 627 1285 697 ἀκεραίου
1318 627 1487 679 πάλιν
1517 626 1817 679 ἀπολαύειν
1864 648 1883 680 5

132 720 293 787 ἔχειν,
338 719 469 780 τοὺς
514 714 616 786 μὲν
662 718 864 779 ἄλλους
914 713 1024 785 εἶχε
1078 725 1372 784 σιγῶντας,
1425 713 1524 784 ὑφ’
1556 709 1599 786 ᾧ
1641 712 1701 767 δὲ
1747 710 1818 783 ἦν

130 815 226 876 τῆς
286 807 573 875 δυνάμεως
631 807 693 859 τὸ
746 805 934 874 πλέον,
995 803 1248 872 ἀντέλεγε
1301 811 1376 876 τῷ
1423 823 1480 856 τε
1531 803 1664 867 ὕψει
1717 810 1816 856 τοῦ

130 903 380 966 κρημνοῦ
418 893 510 948 καὶ
548 901 623 967 τῷ
654 898 858 963 πλήθει
887 903 1000 947 τῶν
1029 896 1308 961 πολεμίων
1338 896 1549 962 φοβῶν.
1624 891 1747 944 251.
1787 890 1816 945 ὁ

131 980 192 1036 δὲ
237 985 339 1053 τὴν
382 985 485 1051 μὲν
529 992 630 1037 τοῦ
674 986 848 1037 τόπου
895 984 1071 1052 φύσιν
1117 983 1208 1035 καὶ
1258 983 1665 1051 διαμελλόντων
1716 982 1818 1049 τὴν

130 1072 302 1141 αὐτὴν
355 1073 525 1126 εἰπὼν
578 1070 831 1141 ἔσεσθαι,
891 1074 1022 1135 τοὺς
1074 1074 1372 1141 πολεμίους
1427 1068 1488 1123 δὲ
1540 1072 1816 1139 πλείονας,
1842 1094 1884 1126 10

130 1160 320 1231 ἕτερον
358 1162 535 1232 ἄνδρα
582 1161 796 1214 ἐκέλευε
841 1160 933 1214 καὶ
978 1169 1259 1232 προεῖπεν,
1309 1160 1384 1222 ὡς
1419 1161 1678 1229 κρατήσει
1716 1159 1818 1227 μὲν

131 1245 317 1318 οὗτος,
373 1251 476 1303 οὐκ
520 1252 654 1304 ἄνευ
702 1250 765 1303 δὲ
817 1250 1140 1320 τραύματος.
1214 1255 1380 1301 τοῦτο
1427 1245 1489 1301 δὲ
1535 1248 1707 1301 αὐτὸν
1751 1256 1817 1319 τῇ

129 1340 270 1408 χειρὶ
308 1337 563 1402 δέξεσθαι
600 1340 690 1392 καὶ
723 1334 791 1392 οὗ
822 1347 917 1406 τῆς
947 1340 1128 1409 χειρὸς
1166 1337 1479 1405 προσέθηκε
1518 1338 1609 1390 καὶ
1639 1337 1816 1409 τούτῳ

128 1427 298 1480 πάλιν
334 1428 395 1479 τὸ
435 1435 634 1496 μικροῦ
674 1429 897 1496 δεήσειν
933 1428 1242 1497 φαρμάκου.
1318 1425 1440 1478 252.
1490 1425 1582 1478 καὶ
1621 1427 1677 1478 αἱ
1716 1422 1818 1494 μὲν

129 1524 258 1584 νῆες
294 1512 444 1585 εἶχον
478 1517 585 1584 ἤδη
623 1518 757 1579 τοὺς
799 1515 1205 1585 μαχουμένους,
1253 1514 1282 1567 ὁ
1331 1513 1378 1566 δ’
1411 1515 1647 1582 εἱστήκει
1693 1513 1815 1581 βλέ-
1842 1537 1882 1570 15

127 1622 251 1657 πων
288 1606 367 1667 εἰς
405 1605 666 1674 οὐρανόν,
712 1605 785 1667 ὡς
831 1601 894 1657 δὲ
931 1606 1127 1672 ἔλαβεν
1167 1603 1384 1656 ἐκεῖθεν
1429 1603 1490 1656 τὸ
1538 1604 1816 1671 σύνθημα,

130 1694 362 1746 δίδωσιν
410 1693 541 1746 αὐτὸ
587 1702 705 1756 τοῖς
750 1691 1086 1763 ταξιάρχοις,
1141 1693 1193 1744 οὶ
1241 1688 1302 1744 δὲ
1347 1700 1463 1754 τοῖς
1510 1692 1698 1754 ἄλλοις
1744 1692 1816 1754 ὡς

130 1774 252 1834 οἷόν
290 1801 347 1834 τε
384 1781 615 1847 μάλιστα
654 1780 726 1834 δι’
757 1782 998 1850 ἡσυχίας.
1075 1782 1128 1833 οὶ
1160 1777 1222 1832 δὲ
1253 1781 1451 1833 ἔπλεόν
1488 1799 1546 1834 τε
1577 1779 1669 1833 καὶ
1708 1779 1817 1843 ἐξέ-

248 1990 273 2028 3
306 1986 455 2029 Amm.
482 1985 630 2029 XXIV
654 1991 694 2041 6,
713 1992 821 2043 4sq.
871 1986 969 2030 Zos.
995 1986 1059 2029 ΠΙ
1091 1990 1159 2030 25.
1202 1986 1300 2030 Soz.
1326 1985 1404 2029 1.1.

250 2183 271 2220 1
307 2177 440 2222 εἴποῦ
466 2179 511 2222 Ρ
570 2165 749 2234 εἴποιΒ
777 2182 782 2234 l
811 2175 857 2223 δ’
885 2179 955 2222 Re
1076 2183 1100 2221 2
1133 2176 1405 2234 προειδότος
1428 2179 1504 2223 La
1624 2183 1650 2221 3
1683 2179 1815 2237 ἐβού-

127 2239 227 2280 λετο
260 2236 336 2281 del
360 2237 395 2280 I
415 2237 421 2295 Ι
448 2236 620 2282 τέλεσιν
653 2239 728 2282 La
851 2242 875 2280 7
906 2240 1066 2282 πλεῖον
1099 2238 1174 2282 La
1202 2240 1207 2294 Ι
1234 2241 1298 2298 τῷ
1328 2253 1376 2281 τε
1408 2251 1433 2281 e
1464 2235 1566 2281 τότε
1603 2251 1704 2281 corr
1729 2240 1790 2282 Μ
1799 2237 1816 2263 ³

189 2300 213 2339 9
247 2296 330 2352 μὲν
361 2297 485 2340 inser
508 2297 542 2340 I
549 2295 567 2320 ²
607 2297 614 2355 Ι
656 2296 738 2340 διὰ
776 2294 1031 2353 μελλόντων
1061 2297 1097 2340 Ι
1126 2297 1207 2341 sed
1238 2284 1392 2353 gravis
1425 2309 1597 2351 erasus,
1630 2298 1678 2339 et
1715 2296 1817 2340 Mor

124 2355 209 2411 qui
247 2372 303 2411 γρ
336 2351 402 2400 δι’
430 2356 724 2412 ἀμελούντων
764 2356 815 2399 in
845 2369 978 2412 marg
1014 2356 1167 2400 habet
1349 2361 1401 2399 11
1445 2354 1651 2400 ἐκέλευσε
1682 2356 1758 2400 La

127 2413 281 2459 ἐκάλει
313 2414 517 2458 Sintenis
607 2414 830 2472 ἡγεῖσθαι
859 2414 932 2458 vel
947 2371 1116 2458 gsimile,
1148 2414 1374 2459 excidisse
1408 2417 1547 2471 pussat
1577 2415 1645 2458 Re
1675 2416 1816 2470 reete,

127 2473 219 2516 nisi
251 2473 399 2518 εἰπεῖν
431 2473 717 2530 cogitatione
748 2474 1060 2549 supplendum
1091 2476 1164 2518 est
1211 2475 1217 2533 Ι
1265 2481 1515 2542 προσεῖπεν
1547 2474 1622 2517 IB
1653 2474 1735 2517 sed
1765 2474 1815 2517 in

126 2531 202 2574 his
241 2547 266 2576 σ
305 2546 503 2587 erasum,
545 2535 630 2577 Mo
755 2538 810 2576 12
848 2529 984 2583 οὗτος
1012 2533 1060 2576 Β
1098 2533 1180 2577 sed
1220 2550 1271 2584 ος
1308 2533 1358 2576 in
1395 2546 1471 2576 ras
1510 2532 1580 2575 m'
1606 2535 1613 2589 Ι
1641 2533 1727 2576 οὐκ
1758 2559 1814 2566 —-

126 2591 388 2648 τραύματος
424 2592 548 2635 inser
582 2590 743 2646 1²M²‚
782 2592 831 2635 in
869 2605 945 2635 ras
985 2596 1097 2636 6—'7
1137 2592 1218 2635 litt
1249 2592 1338 2646 13²,
1377 2592 1426 2635 in
1456 2605 1591 2650 marg
1624 2591 1757 2637 G‘V'

128 2664 205 2693 om
229 2650 305 2694 La
342 2655 348 2706 Ι
385 2658 522 2694 τοῦτο
554 2650 606 2694 δὲ
636 2651 688 2693 in
717 2663 794 2693 ras
826 2655 940 2694 6—7
973 2651 1053 2694 litt
1075 2650 1144 2695 B²
1170 2653 1176 2707 Ι
1202 2658 1338 2695 τοῦτο
1370 2652 1415 2695 Ρ
1444 2650 1526 2694 sed
1557 2667 1582 2695 ο
1615 2651 1815 2694 alterum

127 2708 179 2752 in
201 2722 276 2752 ras
299 2709 370 2752 m*
395 2712 402 2766 1
430 2709 482 2754 δὲ
514 2723 590 2752 om
615 2711 700 2753 Mo
821 2714 876 2753 13
908 2709 1139 2762 δέξασθαι
1169 2711 1375 2765 CVPUfl
1405 2710 1460 2753 οὐ
1491 2711 1568 2754 La
1600 2712 1647 2753 et
1677 2710 1726 2752 in
1758 2706 1813 2754 οὗ

130 2780 232 2811 corr
258 2769 314 2813 0⁸
348 2770 357 2825 Ι
390 2775 444 2826 τῇ
476 2769 595 2825 χειρὶ
626 2767 748 2811 Fabr
782 2768 791 2826 Ι
822 2767 1115 2826 προσέθηκεν
1150 2769 1260 2813 CLa
1298 2769 1304 2826 Ι
1341 2775 1476 2812 τοῦτο
1508 2769 1611 2812 Mor
1632 2768 1756 2812 Fabr

132 2830 186 2868 15
217 2825 311 2883 ἤδη
339 2827 389 2870 in
412 2840 488 2870 ras
512 2826 570 2870 1²
596 2833 602 2879 Ι
631 2825 949 2883 μαχουμένους
980 2828 1143 2884 scripsi
1175 2829 1364 2871 auctore
1395 2826 1568 2871 Cobeto
1592 2828 1762 2871 Mnem.
1773 2826 1814 2869 V

133 2889 217 2927 134
246 2884 378 2959 geon.
399 2888 501 2941 114)
584 2884 873 2942 μαχομένους
900 2886 1011 2930 libri
1043 2887 1134 2930 edd.
1168 2887 1176 2944 Ι
1211 2902 1234 2929 ο
1268 2887 1422 2930 ΒΜΡ
1441 2885 1544 2930 Mor
1570 2888 1577 2943 Ι
1604 2885 1656 2930 δὲ
1686 2886 1756 2929 Re

133 2946 186 2985 1‘1
219 2945 385 2987 ἃιὸωσι
415 2945 499 3000 μὲν
526 2945 595 3001 V}
621 2943 888 3001 ταξιάρχοις
909 2946 945 2988 Ι
969 2946 1051 2989 sed
1083 2961 1108 2989 ο
1139 2945 1189 2988 in
1219 2959 1294 2988 ras
1322 2945 1392 2988 m'
1498 2949 1552 2988 18
1583 2961 1631 2988 τε
1663 2939 1722 2999 ἦν
1745 2944 1814 2987 Re
