2072 3162
711 155 940 200 LIBANH
970 154 1194 200 ORATIO
1226 154 1333 199 xlv
1797 158 1869 211 99

175 294 345 360 θίοις,
382 292 562 361 ὥσπερ
590 289 906 360 Ἀθηναίοις
935 293 1002 344 τὰ
1031 290 1157 362 περὶ
1189 293 1290 361 τὴν
1312 293 1607 361 Δήμητρος
1637 293 1866 362 πλάνην.

175 381 262 434 31.
302 385 425 433 οἴου
462 381 657 432 τοίνυν
696 378 793 432 ἕνα
830 389 942 433 τῶν
981 378 1292 447 δεξαμένων
1341 380 1346 449 Ι
1392 381 1490 433 τὸν
1529 381 1631 434 σὸν
1668 399 1769 434 πα-
1806 395 1959 439 R435

174 468 302 539 τέρα
340 470 437 522 τὸν
460 467 898 537 Ἀριστοφάνους
927 468 1147 539 πατέρα.
1210 478 1322 522 τῶν
1352 469 1476 538 γάρ,
1515 463 1684 539 οἶμαι,
1722 472 1868 541 πρώ-

174 578 286 611 των
335 554 404 626 ἧν
452 557 542 610 καὶ
593 566 704 610 τῶν
752 557 1003 626 ἀγόντων
1047 558 1150 626 τὴν
1195 559 1377 626 πόλιν,
1433 559 1571 611 ὥστε
1616 568 1728 612 τῶν
1773 559 1867 628 δη-

173 648 340 719 μοσίᾳ
392 644 785 716 πραττομένων
839 647 941 699 οὐκ
995 645 1188 713 ὀλίγον
1242 647 1319 709 εἰς
1381 645 1596 700 ἐκεῖνον
1655 649 1865 717 ἤρχετο.
1913 669 1938 702 ⁵

173 736 396 788 πάντων
435 732 496 788 δὲ
536 734 906 803 ἀτοπώτατον,
954 736 1003 788 εἰ
1040 737 1197 788 πόλει
1237 731 1339 802 μὲν
1378 736 1477 806 ὅλῃ
1529 737 1733 804 βλάβος
1773 736 1866 789 ἀν·
1965 735 1971 740 ’

174 824 306 894 δρὸς
345 822 468 886 ἑνὸς
513 826 760 892 γίγνεται
808 825 944 877 κατὰ
982 825 1081 878 τὸν
1113 822 1379 877 εΗσίοδον
1425 828 1611 894 κακιά,
1656 826 1867 888 πόλεως

175 913 237 966 δὲ
268 913 397 981 ὅλης
421 912 584 982 ἀρετὴ
612 914 684 982 μὴ
711 914 938 966 δύναιτο
972 914 1150 983 ἄνδρα
1181 912 1279 966 ἕνα
1310 913 1559 983 ὠφελεῖν.
1621 913 1707 966 32.
1741 910 1865 967 εἷεν.

165 999 361 1071 Ἱέριον
408 999 469 1055 δὲ
514 1000 606 1054 καὶ
655 1003 755 1056 τὸν
802 1002 1046 1071 ἀδελφὸν
1092 998 1176 1073 ἀρ’
1210 1004 1258 1055 εἰ
1305 1006 1500 1067 ζῶντες
1546 1001 1865 1071 ἐτύγχανον,

172 1090 276 1143 οὐκ
315 1089 385 1144 ἀν
424 1087 562 1160 εἶχες
599 1091 725 1161 περὶ
765 1092 1017 1159 σεαυτόν,
1064 1091 1244 1161 ὥσπερ
1284 1091 1359 1143 τὼ
1400 1091 1667 1160 δαιμονίω
1706 1092 1864 1161 τώδε,
1889 1114 1939 1146 ιο

173 1180 273 1231 τόν
302 1198 359 1231 τε
398 1178 504 1232 ἀπὸ
544 1186 639 1247 τῆς
664 1177 931 1249 Ἠπείρου
970 1177 1062 1232 καὶ
1094 1180 1193 1233 τὸν
1226 1179 1286 1232 ἐκ
1316 1187 1412 1248 τῆς
1435 1177 1669 1244 Ἰωνίας;
1707 1181 1764 1233 τί
1793 1178 1864 1245 δ’;

172 1266 419 1330 ἐκείνους
458 1267 559 1320 οὐκ
598 1266 669 1320 ἂν
708 1273 811 1320 οἴει
850 1266 1020 1321 πάνθ’
1050 1267 1190 1338 ὑπὲρ
1220 1266 1649 1338 Ἀριστοφάνους
1688 1270 1866 1323 εἰπεῖν

170 1375 229 1408 τε
259 1357 350 1409 καὶ
380 1354 601 1426 πρᾶξαι;
640 1357 788 1409 πάνυ
820 1376 896 1424 γε.
957 1355 1048 1409 καὶ
1080 1357 1184 1427 γὰρ
1217 1359 1462 1426 ἤχθοντο
1495 1356 1862 1426 βεβιασμένου

172 1446 509 1514 στρατιώτου
571 1447 773 1514 στολὴν
839 1445 1118 1498 ὑποδῦναι
1178 1446 1269 1498 καὶ
1329 1452 1527 1515 καιροῦ
1589 1447 1863 1515 τυχόντες,

140 1534 320 1596 ’ὅπως
357 1531 509 1586 ἔσται
546 1553 600 1586 τι
637 1532 858 1600 βέλτιον
897 1533 1064 1605 αὐτῷ,
1103 1532 1471 1604 προύνοοῦντ’
1504 1534 1587 1587 ἄν.
1663 1534 1749 1587 33.
1789 1535 1860 1604 μὴ
1887 1557 1935 1590 1⁵

171 1623 383 1690 τοίνυν,
408 1622 456 1674 εἰ
486 1622 559 1690 μὴ
593 1630 782 1690 φωνῆς
812 1621 1031 1684 ἀκούεις
1061 1619 1499 1692 Ἀριστοφάνους
1529 1631 1642 1676 τῶν
1671 1625 1863 1692 θείων,

171 1705 336 1777 ἧττον
386 1711 570 1776 νόμιζε
622 1715 936 1778 χαριεῖσθαι
990 1719 1111 1763 τοῖν
1165 1709 1413 1779 ἀνδροῖν,
1475 1711 1524 1763 εἰ
1579 1711 1772 1775 δώσεις
1830 1711 1863 1765 ἃ

171 1797 532 1866 βουλομένοις
562 1796 690 1851 ἐστί.
759 1806 858 1851 τοῦ
890 1799 990 1865 μὲν
1021 1799 1125 1869 γὰρ
1156 1799 1289 1868 ἡμῖν
1321 1799 1678 1868 διαλέγεσθαι
1710 1802 1864 1869 γεγό-

171 1899 335 1939 νασιν
388 1885 509 1955 ἔξω,
559 1887 696 1956 πρὸς
746 1884 807 1940 δὲ
857 1889 986 1950 τοὺς
1035 1897 1146 1940 τῶν
1196 1887 1513 1957 ἀνθρώπων
1562 1891 1861 1959 κρείττους,

171 1967 255 2037 οἷς
323 1982 430 2027 νῦν
497 1974 782 2044 ὁμιλοῦσι,
851 1978 1227 2045 μεμνήσονταί
1293 1988 1396 2029 σου
1463 1985 1559 2046 τῆς
1626 1979 1859 2048 χάριτος.
1883 2000 1934 2032 20

171 2063 256 2116 34.
314 2073 431 2126 πῶς
480 2058 585 2117 οὖν
635 2065 702 2117 οὐ
758 2065 963 2133 δεινόν,
1025 2066 1073 2118 εἰ
1113 2062 1489 2136 Ἀλέξανδρος,
1550 2065 1642 2119 καὶ
1691 2074 1862 2120 ταῦτα

174 2155 437 2221 Θηβαίοις
475 2151 851 2222 ὀργιζόμενος,
901 2154 974 2216 ὡς
1013 2148 1207 2222 οἶσθα,
1251 2156 1382 2217 τοὺς
1422 2155 1687 2228 Πινδάρῳ
1725 2156 1860 2208 κατὰ

170 2239 329 2308 γένος
373 2243 754 2311 προσήκοντας
799 2241 1012 2313 ᾐδέσθη
1059 2243 1152 2295 διὰ
1189 2243 1291 2310 τὴν
1331 2243 1620 2313 Πινδάρου
1666 2258 1863 2313 μουσι-

291 2405 313 2444 7
346 2401 452 2445 Hes.
480 2400 598 2458 Opp.
632 2405 731 2445 240.
766 2401 822 2445 cf.
856 2404 889 2446 t.
915 2401 936 2444 I
966 2417 1010 2458 p.
1037 2407 1138 2457 503,
1166 2407 1232 2446 19.
1266 2402 1329 2446 IV
1352 2407 1450 2457 726,
1477 2408 1531 2446 29
1550 2402 1591 2445 R
1741 2408 1766 2447 9
1800 2403 1859 2447 cf.

168 2474 213 2516 p.
234 2463 305 2515 90,
323 2466 348 2503 2
457 2464 508 2504 11
541 2460 751 2504 Priscum
776 2463 824 2504 et
846 2461 1102 2505 Maximum
1128 2461 1184 2506 cf.
1211 2476 1255 2518 p.
1284 2465 1383 2518 100,
1403 2467 1428 2506 2
1443 2477 1508 2519 sq.
1542 2461 1614 2505 t.1
1637 2477 1682 2519 p.
1704 2467 1801 2518 142,
1818 2467 1859 2505 7.

172 2523 242 2574 67,
262 2523 299 2562 3.
363 2519 512 2563 Amm.
538 2518 665 2563 XXV
691 2524 732 2575 3,
751 2524 806 2563 23
929 2525 983 2563 23
1017 2520 1073 2564 ef.
1107 2521 1187 2565 t.1
1219 2525 1321 2576 663,
1346 2521 1431 2564 SR

289 2670 314 2709 2
362 2662 484 2710 εἶναι
525 2666 649 2710 inter
691 2665 956 2723 δεξαμένων
999 2669 1049 2710 ef,
1084 2667 1167 2711 τὸν
1199 2668 1234 2710 Ι
1268 2667 1370 2711 Par.
1406 2672 1519 2712 3017
1561 2669 1608 2712 et
1646 2668 1855 2712 Boisson

166 2723 387 2780 Pachym.
412 2740 456 2782 p.
478 2729 560 2768 137
684 2730 709 2768 6
743 2724 912 2793 βλάβος
935 2723 1013 2782 ὅλη
1038 2726 1083 2770 U
1115 2727 1120 2785 Ι
1157 2726 1261 2776 ἑνὸς
1284 2727 1458 2782 ἀνδρὸς
1479 2727 1619 2771 IBM
1737 2732 1760 2770 7
1787 2725 1855 2785 γί-

170 2799 298 2827 νεται
333 2784 377 2828 V
401 2783 492 2828 edd
549 2784 555 2843 Ι
611 2782 754 2828 κακία
785 2784 836 2828 in
865 2798 998 2842 marg
1030 2785 1135 2829 add
1179 2786 1478 2829 V110
1525 2784 1696 2830 σαυτόν
1727 2786 1796 2829 Re

172 2846 224 2885 11
255 2841 392 2887 τόνδε
422 2842 490 2886 Re
518 2844 524 2899 Ι
551 2841 605 2887 δέ
634 2843 736 2886 Μοι·
758 2843 827 2886 Re
948 2848 1002 2887 15
1033 2842 1078 2887 τί
1111 2845 1291 2889 VIBM
1321 2848 1326 2899 Ι
1362 2845 1506 2888 αὑτῶι
1532 2845 1569 2890 Ο
1687 2849 1740 2887 17
1774 2840 1854 2898 ἧτ-

112 2901 114 2903 ’
170 2899 253 2944 τόν
282 2917 327 2944 τι
368 2902 412 2946 V
540 2906 595 2945 20
636 2916 719 2946 σου
751 2902 916 2958 scripsi
948 2904 1136 2947 auctore
1169 2902 1350 2947 Sinteni
1439 2919 1532 2947 που
1563 2903 1673 2946 libri
1704 2904 1795 2947 edd

172 2963 226 3001 21
259 2958 382 3003 inter
410 2966 558 3003 ταῦτα
589 2962 637 3004 et
665 2958 889 3019 θηβαίοις
918 2974 994 3005 ras
1027 2965 1140 3004 6-7
1164 2961 1244 3005 litt
1266 2963 1301 3004 I

132 3039 133 3043 ,
1533 3035 1588 3077 7*
