2060 3162
194 109 305 162 440
749 107 976 152 LtssANn
1008 107 1231 153 ORATIO
1262 107 1347 152 xx

195 265 318 312 κας,
366 244 510 297 οὕτω
550 243 654 297 κάν
690 251 754 314 τῇ
802 252 988 314 μορφῇ
1027 252 1091 314 τῇ
1132 245 1223 297 διὰ
1261 253 1372 298 τῶν
1416 246 1630 298 πόλεων
1667 250 1880 298 ποθου-

196 332 367 400 μένου
407 340 505 385 τοῦ
544 331 677 395 τέως
714 329 817 401 μὲν
856 334 1041 400 ὄντος,
1082 329 1197 385 εἶτα
1237 332 1597 396 ἀπολωλότος.
1674 341 1781 387 νῦν
1819 333 1881 388 δὲ

197 423 358 474 δυοῖν
397 419 499 490 μὲν
546 422 644 489 ἥδε
693 419 946 490 δευτέρα,
1000 422 1145 491 τρισὶ
1194 418 1254 474 δὲ
1301 427 1416 490 ἴση,
1469 431 1581 475 τῶν
1619 421 1668 474 δ’
1700 423 1881 475 ἄλλων

196 511 453 579 περίεστι.
529 509 615 562 41.
666 510 758 562 καὶ
796 509 1028 577 γέγονας
1067 511 1310 578 οἰκιστὴς
1349 511 1440 563 διὰ
1478 519 1573 580 τῆς
1612 514 1880 582 σωτηριάς

152 620 171 651 5
197 598 263 651 οὐ
304 600 503 661 λίθους
553 596 642 651 ε’πὶ
681 600 865 661 λίθοις
911 599 1004 651 διὰ
1041 601 1313 652 τεκτόνων
1358 601 1533 662 τιθεὶς
1573 598 1690 652 οὐδ’
1725 597 1880 669 ἐναρ-

195 689 408 754 μόττων
447 686 582 750 ξύλα
621 686 741 739 οὐδ’
773 686 989 755 ἐπάγων
1027 687 1265 757 κέραμον
1305 687 1422 741 οὐδ’
1454 690 1531 750 εἰς
1579 690 1752 740 πόνον
1789 689 1880 742 καὶ

195 776 256 828 τὸ
295 781 581 844 καθῆσθαι
620 778 852 846 μερίζων
890 777 987 829 τὸν
1026 775 1282 830 ἐνιαυτὸν
1322 776 1454 830 οὐδὲ
1490 781 1712 830 πολλῶν
1743 775 1880 830 ἐτῶν

197 865 274 926 εἰς
312 865 372 916 τὸ
413 872 524 916 πᾶν
564 865 844 933 δεόμενος,
895 864 1012 917 ἀλλ’
1043 864 1148 917 ἀπὸ
1187 867 1406 934 γνώμης
1451 885 1509 918 τε
1546 865 1751 935 ἡμέρου
1789 864 1880 918 καὶ

197 954 530 1022 γραμμάτων
570 953 775 1021 ὀλίγων
814 951 904 1006 καὶ
943 961 1041 1006 τοῦ
1081 956 1345 1021 κρείττων
1375 960 1564 1023 θυμοῦ
1604 953 1881 1022 γενέσθαι.

130 1063 173 1094 10
197 1042 282 1093 42.
321 1042 411 1094 καὶ
451 1049 557 1094 νῦν
604 1041 796 1094 ἅπαντ’
828 1041 1010 1095 ἐκεῖνα
1055 1043 1121 1095 τὰ
1167 1052 1278 1095 τῶν
1322 1044 1428 1112 πρὸ
1467 1051 1561 1112 τῆς
1610 1042 1768 1110 Ἰοῦς,
1814 1045 1881 1096 τὰ

197 1140 311 1183 τῶν
351 1128 568 1199 ἐκείνην
608 1132 932 1199 ζητούντων,
970 1132 1037 1183 τά
1078 1130 1448 1202 Ἀλεξάνδρου,
1487 1132 1552 1184 τὰ
1584 1132 1882 1200 Σελεύκου,

196 1220 262 1272 τὰ
299 1228 411 1272 τῶν
449 1217 562 1285 μετ’
593 1217 806 1272 ἐκεῖνον
845 1219 1127 1288 ἀρξάντων
1167 1220 1235 1272 σά
1274 1222 1540 1287 γίγνεται,
1588 1220 1648 1272 τὸ
1695 1227 1881 1289 μῆκος,

198 1308 259 1360 τὸ
298 1309 525 1375 πλάτος,
563 1309 629 1361 τὰ
671 1309 814 1377 ἱερά,
853 1310 918 1361 τὰ
959 1310 1096 1376 ἴδια,
1136 1310 1202 1360 τὰ
1241 1310 1499 1377 δημόσια,
1539 1318 1717 1361 στοῶν
1754 1309 1882 1360 κάλ-

108 1408 150 1451 R
172 1413 257 1452 674
290 1400 401 1464 λος,
441 1395 659 1466 ἀγορῶν
691 1397 1009 1466 φαιδρότης,
1041 1399 1422 1467 βουλευτήρια,
1453 1396 1678 1466 θέατρα,
1714 1400 1720 1466 Ι
1756 1401 1882 1450 λου-

133 1506 175 1538 15
198 1485 313 1554 τρά.
390 1486 454 1537 τὰ
500 1482 600 1553 μὲν
647 1487 751 1554 γὰρ
801 1485 1027 1538 ἐκείνων
1073 1486 1277 1555 οἴχεται
1314 1493 1379 1555 τῇ
1420 1486 1630 1554 στάσει,
1685 1487 1785 1555 τὴν
1825 1484 1875 1539 δ’

200 1569 376 1626 οὖσαν
415 1574 519 1642 σὴν
556 1574 589 1641 ἡ
628 1574 923 1642 συγγνώμη
955 1575 1268 1642 πεποίηκεν.
1341 1573 1428 1626 43.
1468 1572 1496 1626 ὁ
1530 1574 1631 1642 γὰρ
1665 1575 1883 1637 εἰκότως

199 1661 269 1714 ἂν
315 1662 528 1715 ἀνελὼν
575 1662 904 1732 φεισάμενος
951 1663 1028 1725 εἰς
1073 1663 1175 1731 τὴν
1219 1669 1318 1715 τοῦ
1366 1665 1652 1724 κτίσαντος
1696 1663 1883 1732 χώραν

199 1749 253 1814 ἐξ
286 1746 366 1804 ὧν
406 1751 507 1803 οὐκ
547 1747 821 1821 ἀνῄρηκεν
860 1746 1149 1819 εἰσάγεται,
1191 1749 1305 1804 ἐπεὶ
1348 1749 1438 1803 καὶ
1479 1750 1629 1813 ὅστις
1664 1751 1882 1821 ἀνθρω-

198 1857 306 1892 πον
343 1847 591 1906 ποταμοῦ
633 1839 806 1908 ῥύμης
846 1838 1127 1909 ἐξήρπασε,
1167 1841 1341 1909 πατὴρ
1382 1839 1452 1892 ἂν
1484 1841 1703 1902 εἰκότως
1739 1835 1882 1892 εἶναι

135 1949 179 1981 20
202 1935 301 1980 τοῦ
335 1927 683 1995 σεσωσμένον
717 1929 923 1996 δοκοίη.
988 1929 1120 1981 ὅταν
1153 1924 1256 1981 οὖν
1287 1948 1369 1990 τις
1401 1927 1594 1997 ἐπαινῇ
1626 1927 1884 1995 βασιλέας

320 2107 345 2144 3
378 2101 432 2145 cf.
459 2117 503 2158 p.
531 2106 630 2156 143,
649 2106 777 2156 3sq.;
812 2107 997 2156 240,15.
1031 2104 1063 2145 t.
1089 2102 1110 2144 I
1127 2106 1224 2154 534,
1246 2106 1299 2144 12
1318 2115 1384 2156 sq.
1447 2103 1616 2145 Auson.
1645 2102 1739 2146 ord.
1773 2102 1878 2145 nob.

198 2161 298 2204 urb.
323 2161 378 2204 H.
402 2160 478 2204 111.
502 2161 577 2204 IV.
614 2160 669 2203 cf.
695 2160 830 2204 Arch.
856 2161 1013 2204 Jahrb.
1038 2160 1123 2203 ΧΠ
1149 2165 1233 2203 144
1354 2165 1380 2202 4
1415 2160 1475 2203 Io.
1497 2158 1653 2216 Chrys.
1672 2161 1792 2203 hom.
1820 2161 1881 2203 ad

200 2234 306 2276 pop.
332 2221 439 2263 Ant.
473 2219 578 2262 XXI
609 2235 654 2276 p.
681 2222 824 2263 22ΟΑ
990 2224 1044 2263 10
1077 2219 1133 2263 cf.
1166 2221 1198 2262 t.
1224 2219 1245 2261 I
1276 2234 1319 2275 p.
1347 2224 1446 2274 451,
1467 2224 1567 2274 lsq.
1737 2224 1787 2262 11
1823 2219 1880 2264 ef.

201 2281 231 2322 t.
251 2279 272 2321 I
295 2283 396 2331 460,
415 2283 440 2321 2
455 2293 520 2334 sq.
551 2279 556 2336 Ι
586 2278 640 2322 cf.
660 2279 731 2322 t.1
755 2283 856 2334 462,
874 2283 899 2321 8
919 2293 983 2335 sq.
1011 2280 1059 2322 et
1081 2282 1182 2333 470,
1201 2282 1226 2321 8
1242 2292 1306 2332 sq.
1425 2283 1478 2321 13
1501 2278 1563 2322 Io.
1584 2277 1740 2334 Chrys.
1757 2278 1882 2322 hom.

200 2337 327 2381 XVH
349 2353 394 2394 p.
420 2342 502 2382 178
521 2336 554 2382 C

323 2505 344 2542 1
379 2495 468 2560 κᾷν
496 2499 840 2544 OAPVPaTU
865 2499 955 2543 edd
1089 2505 1113 2542 2
1145 2515 1227 2542 του
1259 2501 1333 2543 Ρα
1382 2502 1387 2554 Ι
1437 2498 1519 2555 μὲν
1553 2499 1685 2550 ὄντος
1717 2499 1881 2555 scripsi

205 2560 392 2602 auctore
424 2559 492 2602 Re
523 2559 660 2602 Anim
753 2557 972 2615 μένοντος
1014 2557 1124 2600 libri
1162 2557 1279 2601 Plan
1326 2558 1417 2601 edd
1597 2563 1623 2601 3
1670 2553 1754 2612 ἧδε
1777 2558 1822 2601 A
1871 2557 1878 2616 Ι

204 2614 253 2660 δ’
281 2618 509 2660 ΡαΤΒΜ
628 2622 681 2660 10
712 2625 803 2661 τῶν
828 2631 902 2660 om
919 2618 964 2660 B
1087 2622 1137 2659 11
1171 2616 1228 2660 τὰ
1253 2618 1333 2675 (2)]
1358 2624 1439 2661 τοῦ
1463 2618 1504 2660 Τ
1620 2622 1672 2660 12
1705 2615 1882 2673 γίνεται

204 2676 497 2720 PVTUBM
531 2677 621 2719 edd
797 2681 851 2719 15
883 2675 940 2719 τὰ
986 2674 1068 2731 μὲν
1102 2702 1155 2708 -
1189 2680 1244 2719 20
1284 2674 1445 2731 δοκοίη
1486 2676 1602 2719 citat
1639 2675 1755 2718 Plan
1792 2674 1821 2718 1.
1849 2674 1878 2718 l.

266 2739 319 2777 15
359 2734 416 2777 τὰ
447 2761 506 2766 -
537 2732 746 2793 ἐκείνων]
787 2735 866 2779 καὶ
905 2734 962 2778 τὰ
1001 2734 1082 2791 μὲν
1120 2742 1211 2778 τῶν
1250 2738 1460 2779 παλαιῶν
1500 2732 1688 2779 ἐκείνων
1718 2733 1835 2777 Plan
1871 2734 1876 2790 Ι

203 2793 305 2850 τὴν]
338 2800 430 2838 τῶν
455 2794 528 2836 Ρα
650 2798 703 2836 16
737 2793 841 2852 σὴν]
866 2799 953 2850 γῆν
971 2794 1016 2837 Β
1078 2807 1151 2836 om
1177 2794 1249 2838 Pa
1277 2796 1282 2849 Ι
1311 2793 1335 2837 ὁ
1365 2807 1420 2837 ex
1444 2794 1498 2837 οὐ
1531 2807 1632 2837 con·
1654 2794 1703 2836 in
1724 2806 1799 2835 ras
1825 2791 1882 2835 1⁸

266 2857 319 2894 17
353 2849 412 2897 ἂν
445 2866 518 2895 om
546 2853 706 2897 CAPI
731 2853 811 2896 sed
843 2852 892 2895 in
919 2852 1007 2895 hoc
1037 2865 1112 2895 ras
1139 2857 1163 2895 2
1187 2852 1279 2906 litt,
1305 2853 1473 2896 PaTU
1492 2852 1594 2895 Mor
1714 2854 1768 2894 18
1800 2850 1879 2895 ἄν-

205 2914 402 2965 θρωπον
437 2909 559 2962 ὅστις
589 2911 705 2955 Plan
826 2916 881 2955 20
912 2909 982 2963 τίς
1003 2912 1124 2955 ΡαΒ
1152 2914 1157 2966 Ι
1187 2911 1369 2955 ἐπαινεῖ
1396 2913 1470 2955 Ρα
