2060 3162
209 132 317 184 252
703 131 931 174 LIBANII
964 130 1187 174 ORATIO
1219 131 1369 175 XVIII

209 274 379 319 ταῦτα
418 271 546 319 εἵσω
585 270 795 335 πυλῶν,
847 265 972 319 ὥστ’
1012 267 1114 320 οὐκ
1154 268 1223 320 ἄν
1261 287 1343 330 τις
1383 268 1590 335 ἔφησεν
1636 265 1901 319 ἀθλιωτέ-

210 375 343 424 ρους
382 351 525 407 εἶναι
563 357 695 417 τοὺς
734 354 967 418 ἁλόντας
1005 364 1118 408 τῶν
1156 361 1299 409 οἴκοι
1339 357 1636 422 μενόντων.

321 443 406 494 36.
460 443 571 495 Καὶ
610 442 639 495 ὁ
679 443 781 511 μὲν
818 444 1089 497 τοσούτου
1129 450 1338 510 μισθοῦ
1385 445 1487 512 τὴν
1534 444 1697 511 νίκην
1743 444 1902 512 πριά-

209 550 373 599 μενος
431 531 605 593 εὐθὺς
658 531 759 597 μὲν
812 533 973 599 ἥδετο
1028 531 1121 585 καὶ
1175 531 1428 602 ε’γαυρία,
1481 539 1580 584 τοῦ
1635 533 1902 600 πολεμίου

164 638 183 671 5
209 616 270 671 δὲ
301 618 605 687 ἡττημένου
637 618 729 672 καὶ
761 628 855 688 τῆς
886 621 1188 690 προδοσίας
1220 619 1547 689 ἐκφανείσης
1578 619 1669 672 καὶ
1702 640 1903 689 μονον-

209 706 334 776 ουχὶ
373 709 589 776 βοώσης
627 715 722 776 τῆς
754 706 979 778 Ῥώμης,
1030 710 1102 772 ὡς
1140 709 1600 779 ἠκρωτηρίασται,
1647 718 1764 771 τοῖς
1803 709 1904 777 μὲν

210 796 382 849 αὑτοῦ
415 796 703 859 κινδύνοις
733 795 982 859 ἐξελάσαι
1013 799 1144 860 τοὺς
1175 797 1520 865 κωμάζοντας
1552 798 1654 850 οὐκ
1687 796 1904 865 ἐτόλμα,

210 885 529 952 στρατεύειν
567 881 628 937 δὲ
659 886 757 938 τὸν
798 885 857 938 ἐκ
895 889 1172 954 μουσείων
1203 887 1328 955 ἄρτι
1368 887 1503 955 πρὸς
1543 887 1685 939 ὅπλα
1724 886 1903 938 εἱλκυ-

210 971 415 1039 σμένον
453 971 611 1040 ἠξίου
651 972 742 1026 καὶ
781 975 842 1026 τὸ
884 975 952 1043 δὴ
990 976 1340 1043 καινότατον,
1393 976 1493 1028 τὸν
1539 973 1709 1026 αὐτὸν
1763 973 1903 1039 ὁμοῦ

145 1081 186 1114 10
209 1062 437 1131 κρείττω
476 1080 534 1113 τε
582 1069 827 1130 φανῆναι
873 1063 963 1115 καὶ
1009 1065 1172 1132 χείρω
1219 1072 1331 1115 τῶν
1375 1064 1651 1129 πολεμίων
1689 1062 1905 1131 ηὔχετο,

209 1155 285 1221 τῷ
338 1149 440 1217 μὲν
493 1157 589 1217 τῆς
635 1157 735 1218 γῆς
783 1149 1078 1219 ἐπιθυμεῖν
1125 1150 1302 1204 ἐκεῖνο
1349 1160 1542 1219 ποιῶν,
1597 1152 1795 1221 φθόνῳ
1845 1150 1906 1201 δὲ

209 1244 389 1290 τοῦτο.
460 1237 547 1289 37.
587 1239 675 1291 καὶ
716 1239 799 1292 ὅτι
838 1259 900 1307 γε
941 1239 1327 1308 ἀπολούμενον
1367 1239 1467 1308 οὐχ
1508 1236 1672 1307 ἧττον
1710 1237 1743 1306 ἢ
1775 1258 1905 1307 κρα-

209 1328 446 1394 τήσοντα
492 1324 806 1394 ἐξέπεμψεν,
864 1327 1037 1390 εὐθὺς
1088 1327 1307 1392 ἔδειξεν.
1386 1329 1555 1395 οὔσης
1605 1329 1709 1395 γὰρ
1766 1327 1912 1398 αὐτῷ

146 1436 188 1467 14
211 1422 490 1483 στρατιᾶς,
539 1414 639 1482 ὅση
686 1417 961 1484 πρότερον
1005 1425 1151 1485 τρεῖς
1196 1418 1478 1484 βασιλείας
1525 1424 1768 1484 συνεῖχε,
1815 1413 1906 1467 καὶ

121 1515 163 1558 R
184 1519 269 1558 535
308 1507 532 1555 πολλῶν
556 1499 657 1571 μὲν
683 1503 938 1572 ὁπλιτῶν,
962 1508 1184 1558 πολλῶν
1209 1501 1270 1557 δὲ
1305 1503 1311 1575 Ι
1349 1504 1575 1572 ἱππέων,
1609 1500 1703 1571 ὧν,
1736 1500 1905 1572 οἶμαι,

212 1592 606 1661 φοβερώτατον
638 1593 699 1645 τὸ
731 1594 879 1662 παρὰ
910 1601 1005 1661 τῆς
1026 1602 1235 1662 ,σκευῆς
1264 1595 1526 1663 ἄτρωτον,
1558 1594 1908 1663 τριακοσίους

213 1679 359 1750 αὐτῷ
385 1681 516 1741 τοὺς
541 1681 926 1747 φαυλοτατους
957 1691 1068 1734 τῶν
1099 1681 1341 1735 ὁπλιτῶν
1372 1681 1623 1735 ἐκέλευεν
1654 1680 1908 1733 ε’πεσθαι·

211 1769 342 1829 τοὺς
380 1768 483 1836 γὰρ
535 1767 866 1838 ἱδρυμένους
905 1770 1076 1822 αὐτὸν
1115 1769 1227 1823 εκεῖ
1267 1770 1598 1838 στρατιωτας
1638 1770 1906 1873 εὑρήσειν.

214 1850 369 1907 οὗτοι
410 1855 472 1907 δὲ
509 1851 651 1923 ἦσαν
691 1858 744 1909 οἱ
776 1860 1154 1926 μεμαθηκότες
1185 1859 1454 1926 ἡττᾶσθαι
1494 1858 1582 1910 καὶ
1624 1851 1707 1919 οἷς
1742 1855 1907 1926 ἔργον

147 1965 189 1996 20
213 1939 283 2010 ἦν
321 1943 488 1995 παλαι
534 1949 969 2013 πολιορκεῖσθαι.
1048 1946 1132 1998 38.
1184 1947 1283 1998 τὸν
1323 1947 1384 1998 δὲ
1424 1946 1592 1998 οὐδὲν
1632 1965 1736 2014 αρα
1782 1946 1905 1997 τού-

336 2181 389 2219 12
424 2176 545 2220 Socr.
573 2176 646 2219 1.1.
675 2192 718 2232 p.
737 2176 875 2219 170ss
1006 2182 1059 2219 16
1085 2177 1250 2220 Iulian.
1270 2191 1341 2232 ep.
1369 2177 1428 2219 ad
1454 2191 1547 2220 sen.
1567 2177 1673 2219 Ath.
1700 2192 1743 2232 p.
1766 2175 1904 2218 277D

218 2236 265 2278 et
297 2239 380 2278 281
399 2234 452 2278 D.
516 2235 616 2278 Lib.
644 2248 706 2280 or.
734 2235 816 2278 XII
847 2250 891 2291 p.
921 2240 989 2290 23,
1011 2240 1065 2279 18
1188 2241 1242 2278 19
1276 2236 1332 2280 ef.
1366 2251 1408 2291 p.
1438 2241 1549 2289 25,1

335 2460 360 2498 5
393 2457 474 2499 καὶ
506 2458 566 2512 (2)
601 2470 675 2499 om
699 2455 801 2498 Mor
824 2455 947 2497 Fabr
1069 2459 1091 2498 7
1126 2457 1269 2499 αὐτοῦ
1304 2457 1529 2500 MoLaM
1551 2458 1596 2500 P
1625 2456 1706 2499 Sed
1739 2456 1786 2497 in
1818 2455 1904 2498 hoc

216 2514 264 2556 in
298 2514 441 2557 αὑτοῦ
475 2527 576 2557 corr
599 2514 670 2557 m2
789 2518 816 2557 8
847 2514 965 2569 πρὸς
991 2513 1048 2556 τὰ
1083 2511 1199 2558 ὅπλα
1224 2516 1270 2558 Β
1393 2521 1445 2558 11
1479 2515 1601 2558 inter
1631 2514 1714 2571 μὲν
1747 2516 1794 2556 et
1823 2519 1906 2568 τῆς

216 2585 379 2615 rasura
411 2579 435 2615 ‘2
469 2572 549 2616 litt
574 2575 634 2617 M
784 2578 836 2616 12
884 2571 1173 2628 κρατήσοντα
1205 2575 1283 2617 ΡΙ
1308 2574 1389 2617 sed
1421 2574 1470 2616 in
1499 2575 1698 2629 utroque
1730 2589 1754 2615 ο
1787 2586 1841 2615 ex
1875 2589 1904 2614 α

217 2645 319 2674 corr
340 2630 410 2673 m²
515 2636 586 2674 14
619 2629 859 2695 στρατείας
891 2632 968 2674 ΡΙ
993 2631 1146 2674 sedin
1171 2632 1243 2675 his
1276 2632 1323 2675 in
1357 2639 1573 2687 στρατιᾶς
1597 2646 1698 2675 corr
1720 2630 1805 2682 m2‚
1830 2632 1906 2674 La

278 2694 332 2732 15
378 2688 557 2734 ἱππέων
590 2689 749 2742 ὄντων,
784 2694 849 2734 ὡν
880 2690 982 2734 Mor
1004 2690 1126 2733 Fabr
1308 2696 1361 2734 16
1404 2690 1533 2746 παρὰ
1564 2707 1644 2746 της
1674 2703 1838 2743 σκευης
1872 2689 1911 2732 Ο

218 2748 279 2790 Μ
308 2748 389 2791 sed
421 2748 470 2790 in
501 2751 700 2804 utroque
731 2754 811 2804 τῆς
842 2755 1136 2804 παρασκευῆς
1167 2763 1396 2805 suprascr.
1421 2765 1479 2792 m.
1506 2763 1594 2792 rec.
1629 2750 1688 2804 (m
1713 2749 1760 2790 et
1786 2749 1846 2790 Μ
1856 2747 1906 2803 ²),

217 2807 343 2862 quod
374 2807 602 2862 praebent
634 2808 777 2851 etiam
809 2808 854 2850 B
885 2807 987 2850 Mor
1011 2807 1132 2850 Fabr
1313 2813 1365 2851 17
1410 2816 1501 2851 τῶν
1541 2822 1615 2850 om
1643 2808 1726 2850 Mo
1762 2806 1766 2863 Ι
1807 2805 1906 2850 ἐκέ-

216 2867 375 2909 λευσεν
392 2867 485 2909 ΙΜ
491 2866 533 2909 U
651 2871 703 2909 18
739 2867 881 2910 ἐκεῖσε
908 2867 967 2909 Μ
1026 2866 1147 2910 inter
1179 2867 1275 2910 ἐκεῖ
1303 2870 1350 2910 et
1381 2867 1659 2922 στρατιώτας
1688 2878 1763 2908 ras
1790 2869 1904 2906 3-4

217 2923 296 2967 litt
322 2925 354 2966 I
470 2929 523 2967 19
557 2924 637 2974 οὓς
668 2925 768 2967 Mor
792 2924 915 2967 Fabr
1036 2929 1091 2967 20
1125 2923 1169 2969 δ’
1198 2926 1266 2968 Re
