<?xml version="1.0" encoding="UTF-8"?>
<!DOCTYPE html PUBLIC "-//W3C//DTD XHTML 1.0 Transitional//EN"
    "http://www.w3.org/TR/xhtml1/DTD/xhtml1-transitional.dtd">
<html xmlns="http://www.w3.org/1999/xhtml" xml:lang="en" lang="en">
 <head>
  <title>
</title>
<meta http-equiv="Content-Type" content="text/html;charset=utf-8" />
  <meta name='ocr-system' content='tesseract 3.04.00' />
  <meta name='ocr-capabilities' content='ocr_page ocr_carea ocr_par ocr_line ocrx_word'/>
</head>
<body>
  <div class='ocr_page' id='page_1' title='image "./operarecensuitri02libauoft_0113.png"; bbox 0 0 2072 3162; ppageno 0'>
   <div class='ocr_carea' id='block_1_1' title="bbox 673 93 1830 148">
    <p class='ocr_par' dir='ltr' id='par_1_1' title="bbox 673 93 1830 148">
     <span class='ocr_line' id='line_1_1' title="bbox 673 93 1830 148; baseline -0.001 -8"><span class='ocrx_word' id='word_1_1' title='bbox 673 94 902 140; x_wconf 86' lang='lat' dir='ltr'><strong>LIBANII</strong></span> <span class='ocrx_word' id='word_1_2' title='bbox 932 93 1156 139; x_wconf 87' lang='lat' dir='ltr'><strong>ORATIO</strong></span> <span class='ocrx_word' id='word_1_3' title='bbox 1188 94 1294 139; x_wconf 92' lang='lat' dir='ltr'><strong><em>XIV</em></strong></span> <span class='ocrx_word' id='word_1_4' title='bbox 1724 95 1830 148; x_wconf 83' lang='lat'><strong><em>103</em></strong></span> 
     </span>
    </p>
   </div>
   <div class='ocr_carea' id='block_1_2' title="bbox 127 229 1917 2163">
    <p class='ocr_par' dir='ltr' id='par_1_2' title="bbox 136 229 1832 566">
     <span class='ocr_line' id='line_1_2' title="bbox 136 229 1830 304; baseline -0.001 -20"><span class='ocrx_word' id='word_1_5' title='bbox 136 237 213 304; x_wconf 76' lang='grc' dir='ltr'><strong><em>τῷ</em></strong></span> <span class='ocrx_word' id='word_1_6' title='bbox 246 239 432 304; x_wconf 76' lang='grc' dir='ltr'><strong><em>καιρῷ.</em></strong></span> <span class='ocrx_word' id='word_1_7' title='bbox 493 232 803 299; x_wconf 82' lang='grc' dir='ltr'><em>βεβαίωσον</em></span> <span class='ocrx_word' id='word_1_8' title='bbox 831 233 1028 284; x_wconf 86' lang='grc' dir='ltr'><strong><em>τοίνυν</em></strong></span> <span class='ocrx_word' id='word_1_9' title='bbox 1067 230 1213 303; x_wconf 84' lang='grc' dir='ltr'><strong><em>αὐτῷ</em></strong></span> <span class='ocrx_word' id='word_1_10' title='bbox 1246 230 1336 283; x_wconf 82' lang='grc' dir='ltr'><strong><em>καὶ</em></strong></span> <span class='ocrx_word' id='word_1_11' title='bbox 1376 231 1476 299; x_wconf 88' lang='grc' dir='ltr'><strong><em>τὴν</em></strong></span> <span class='ocrx_word' id='word_1_12' title='bbox 1508 229 1703 284; x_wconf 80' lang='grc' dir='ltr'><strong><em>ἐλπίδα</em></strong></span> <span class='ocrx_word' id='word_1_13' title='bbox 1739 231 1830 283; x_wconf 82' lang='grc' dir='ltr'><strong><em>καὶ</em></strong></span> 
     </span>
     <span class='ocr_line' id='line_1_3' title="bbox 138 318 1832 389; baseline -0.001 -16"><span class='ocrx_word' id='word_1_14' title='bbox 138 321 240 389; x_wconf 89' lang='grc' dir='ltr'><strong><em>τὴν</em></strong></span> <span class='ocrx_word' id='word_1_15' title='bbox 278 321 541 387; x_wconf 80' lang='grc' dir='ltr'><strong><em>μαντείαν</em></strong></span> <span class='ocrx_word' id='word_1_16' title='bbox 571 320 663 372; x_wconf 82' lang='grc' dir='ltr'><strong><em>καὶ</em></strong></span> <span class='ocrx_word' id='word_1_17' title='bbox 693 321 765 388; x_wconf 87' lang='grc' dir='ltr'><strong><em>μὴ</em></strong></span> <span class='ocrx_word' id='word_1_18' title='bbox 798 320 1049 389; x_wconf 77' lang='grc' dir='ltr'><strong><em>περιίδῃς</em></strong></span> <span class='ocrx_word' id='word_1_19' title='bbox 1079 320 1533 387; x_wconf 79' lang='grc' dir='ltr'><strong><em>καταγελώμενον</em></strong></span> <span class='ocrx_word' id='word_1_20' title='bbox 1570 318 1661 372; x_wconf 85' lang='grc' dir='ltr'><strong><em>ὑπ’</em></strong></span> <span class='ocrx_word' id='word_1_21' title='bbox 1695 318 1832 372; x_wconf 82' lang='grc' dir='ltr'><strong><em>ἐκεί-</em></strong></span> 
     </span>
     <span class='ocr_line' id='line_1_4' title="bbox 140 402 1831 478; baseline 0 -17"><span class='ocrx_word' id='word_1_22' title='bbox 140 429 255 463; x_wconf 86' lang='grc' dir='ltr'><strong><em>νων</em></strong></span> <span class='ocrx_word' id='word_1_23' title='bbox 294 402 376 471; x_wconf 84' lang='grc' dir='ltr'><strong><em>οἷς</em></strong></span> <span class='ocrx_word' id='word_1_24' title='bbox 413 402 512 477; x_wconf 81' lang='grc' dir='ltr'><strong><em>ᾖδε</em></strong></span> <span class='ocrx_word' id='word_1_25' title='bbox 558 409 652 471; x_wconf 85' lang='grc' dir='ltr'><strong><em>τὰς</em></strong></span> <span class='ocrx_word' id='word_1_26' title='bbox 697 408 1049 477; x_wconf 80' lang='grc' dir='ltr'><strong><em>προσδοκίας.</em></strong></span> <span class='ocrx_word' id='word_1_27' title='bbox 1119 408 1205 461; x_wconf 89' lang='grc' dir='ltr'><strong><em>δεῖ</em></strong></span> <span class='ocrx_word' id='word_1_28' title='bbox 1243 409 1347 478; x_wconf 82' lang='grc' dir='ltr'><strong><em>γὰρ</em></strong></span> <span class='ocrx_word' id='word_1_29' title='bbox 1388 404 1534 461; x_wconf 82' lang='grc' dir='ltr'><strong><em>εἶναί</em></strong></span> <span class='ocrx_word' id='word_1_30' title='bbox 1569 428 1622 461; x_wconf 92' lang='grc' dir='ltr'><strong><em>τι</em></strong></span> <span class='ocrx_word' id='word_1_31' title='bbox 1660 407 1831 461; x_wconf 80' lang='grc' dir='ltr'><strong><em>πλέον</em></strong></span> 
     </span>
     <span class='ocr_line' id='line_1_5' title="bbox 138 496 1410 566; baseline -0.001 -16"><span class='ocrx_word' id='word_1_32' title='bbox 138 506 254 560; x_wconf 91' lang='grc' dir='ltr'><strong><em>τοῖς</em></strong></span> <span class='ocrx_word' id='word_1_33' title='bbox 292 497 664 566; x_wconf 84' lang='grc' dir='ltr'><strong><em>ἐπιθυμήσασι</em></strong></span> <span class='ocrx_word' id='word_1_34' title='bbox 704 498 774 550; x_wconf 81' lang='grc' dir='ltr'><strong><em>σὰ</em></strong></span> <span class='ocrx_word' id='word_1_35' title='bbox 814 496 1077 564; x_wconf 84' lang='grc' dir='ltr'><strong><em>γενέσθαι</em></strong></span> <span class='ocrx_word' id='word_1_36' title='bbox 1115 497 1181 549; x_wconf 79' lang='grc' dir='ltr'><strong><em>τὰ</em></strong></span> <span class='ocrx_word' id='word_1_37' title='bbox 1218 496 1410 549; x_wconf 88' lang='grc' dir='ltr'><strong><em>πάντα.</em></strong></span> 
     </span>
    </p>

    <p class='ocr_par' dir='ltr' id='par_1_3' title="bbox 127 583 1917 1458">
     <span class='ocr_line' id='line_1_6' title="bbox 249 583 1896 666; baseline 0 -28"><span class='ocrx_word' id='word_1_38' title='bbox 249 585 335 638; x_wconf 88' lang='grc'><strong><em>44.</em></strong></span> <span class='ocrx_word' id='word_1_39' title='bbox 391 583 500 638; x_wconf 87' lang='grc' dir='ltr'><strong><em>Καὶ</em></strong></span> <span class='ocrx_word' id='word_1_40' title='bbox 540 586 613 648; x_wconf 84' lang='grc' dir='ltr'><strong><em>ὡς</em></strong></span> <span class='ocrx_word' id='word_1_41' title='bbox 651 586 752 652; x_wconf 85' lang='grc' dir='ltr'><strong><em>μὲν</em></strong></span> <span class='ocrx_word' id='word_1_42' title='bbox 797 594 915 649; x_wconf 89' lang='grc' dir='ltr'><strong><em>τοῖς</em></strong></span> <span class='ocrx_word' id='word_1_43' title='bbox 958 593 1129 638; x_wconf 83' lang='grc' dir='ltr'><strong><em>πᾶσιν</em></strong></span> <span class='ocrx_word' id='word_1_44' title='bbox 1176 586 1399 666; x_wconf 61' lang='grc' dir='ltr'><strong><em>εὐθενεῖ</em></strong></span> <span class='ocrx_word' id='word_1_45' title='bbox 1437 587 1502 638; x_wconf 85' lang='grc' dir='ltr'><strong><em>τὰ</em></strong></span> <span class='ocrx_word' id='word_1_46' title='bbox 1540 595 1652 639; x_wconf 83' lang='grc' dir='ltr'><strong><em>τῶν</em></strong></span> <span class='ocrx_word' id='word_1_47' title='bbox 1698 588 1830 653; x_wconf 87' lang='grc' dir='ltr'><strong><em>βου-</em></strong></span> <span class='ocrx_word' id='word_1_48' title='bbox 1877 605 1896 638; x_wconf 86' lang='lat'><strong>5</strong></span> 
     </span>
     <span class='ocr_line' id='line_1_7' title="bbox 140 674 1831 747; baseline -0.001 -19"><span class='ocrx_word' id='word_1_49' title='bbox 140 676 419 728; x_wconf 87' lang='grc' dir='ltr'><strong><em>λευόντων</em></strong></span> <span class='ocrx_word' id='word_1_50' title='bbox 464 674 756 743; x_wconf 89' lang='grc' dir='ltr'><strong><em>πράγματα</em></strong></span> <span class='ocrx_word' id='word_1_51' title='bbox 802 675 892 727; x_wconf 81' lang='grc' dir='ltr'><strong><em>καὶ</em></strong></span> <span class='ocrx_word' id='word_1_52' title='bbox 938 681 1013 747; x_wconf 79' lang='grc' dir='ltr'><strong><em>τῷ</em></strong></span> <span class='ocrx_word' id='word_1_53' title='bbox 1057 677 1262 743; x_wconf 86' lang='grc' dir='ltr'><strong><em>πλήθει</em></strong></span> <span class='ocrx_word' id='word_1_54' title='bbox 1307 684 1419 727; x_wconf 80' lang='grc' dir='ltr'><strong><em>τῶν</em></strong></span> <span class='ocrx_word' id='word_1_55' title='bbox 1464 690 1831 745; x_wconf 89' lang='grc' dir='ltr'><strong><em>προσγεγενη-</em></strong></span> 
     </span>
     <span class='ocr_line' id='line_1_8' title="bbox 137 761 1831 836; baseline -0.001 -20"><span class='ocrx_word' id='word_1_56' title='bbox 137 762 319 830; x_wconf 80' lang='grc' dir='ltr'><strong><em>μένων</em></strong></span> <span class='ocrx_word' id='word_1_57' title='bbox 370 761 462 815; x_wconf 86' lang='grc' dir='ltr'><strong><em>καὶ</em></strong></span> <span class='ocrx_word' id='word_1_58' title='bbox 501 769 576 835; x_wconf 77' lang='grc' dir='ltr'><strong><em>τῷ</em></strong></span> <span class='ocrx_word' id='word_1_59' title='bbox 621 762 798 835; x_wconf 79' lang='grc' dir='ltr'><strong><em>μέτρῳ</em></strong></span> <span class='ocrx_word' id='word_1_60' title='bbox 838 773 949 816; x_wconf 85' lang='grc' dir='ltr'><strong><em>τῶν</em></strong></span> <span class='ocrx_word' id='word_1_61' title='bbox 988 762 1360 832; x_wconf 80' lang='grc' dir='ltr'><strong><em>ἀναλωμάτων</em></strong></span> <span class='ocrx_word' id='word_1_62' title='bbox 1406 762 1497 816; x_wconf 87' lang='grc' dir='ltr'><strong><em>καὶ</em></strong></span> <span class='ocrx_word' id='word_1_63' title='bbox 1543 769 1618 836; x_wconf 78' lang='grc' dir='ltr'><strong><em>τῷ</em></strong></span> <span class='ocrx_word' id='word_1_64' title='bbox 1662 764 1831 815; x_wconf 89' lang='grc' dir='ltr'><strong><em>πάλιν</em></strong></span> 
     </span>
     <span class='ocr_line' id='line_1_9' title="bbox 139 850 1830 922; baseline -0.001 -18"><span class='ocrx_word' id='word_1_65' title='bbox 139 850 226 904; x_wconf 82' lang='grc' dir='ltr'><strong><em>ἐπὶ</em></strong></span> <span class='ocrx_word' id='word_1_66' title='bbox 275 859 374 904; x_wconf 90' lang='grc' dir='ltr'><strong><em>τοῦ</em></strong></span> <span class='ocrx_word' id='word_1_67' title='bbox 429 856 669 905; x_wconf 86' lang='grc' dir='ltr'><strong><em>παλαιοῦ</em></strong></span> <span class='ocrx_word' id='word_1_68' title='bbox 718 853 979 921; x_wconf 78' lang='grc' dir='ltr'><strong><em>τετάχθαι</em></strong></span> <span class='ocrx_word' id='word_1_69' title='bbox 1034 855 1333 922; x_wconf 85' lang='grc' dir='ltr'><strong><em>σχήματος,</em></strong></span> <span class='ocrx_word' id='word_1_70' title='bbox 1392 851 1830 921; x_wconf 78' lang='grc' dir='ltr'><strong><em>ἀνωμολόγηται·</em></strong></span> 
     </span>
     <span class='ocr_line' id='line_1_10' title="bbox 127 937 1830 1010; baseline -0.001 -17"><span class='ocrx_word' id='word_1_71' title='bbox 127 939 526 1010; x_wconf 78' lang='grc' dir='ltr'><strong><em>Ἀριστοφάνης</em></strong></span> <span class='ocrx_word' id='word_1_72' title='bbox 566 937 627 994; x_wconf 74' lang='grc' dir='ltr'><strong><em>δὲ</em></strong></span> <span class='ocrx_word' id='word_1_73' title='bbox 667 942 793 994; x_wconf 79' lang='grc' dir='ltr'><strong><em>οὔτε</em></strong></span> <span class='ocrx_word' id='word_1_74' title='bbox 824 940 976 994; x_wconf 84' lang='grc' dir='ltr'><strong><em>ταῦτ’</em></strong></span> <span class='ocrx_word' id='word_1_75' title='bbox 1008 941 1226 1009; x_wconf 82' lang='grc' dir='ltr'><strong><em>ἀγνοῶν</em></strong></span> <span class='ocrx_word' id='word_1_76' title='bbox 1258 942 1384 994; x_wconf 79' lang='grc' dir='ltr'><strong><em>οὔτε</em></strong></span> <span class='ocrx_word' id='word_1_77' title='bbox 1415 944 1636 1010; x_wconf 89' lang='grc' dir='ltr'><strong><em>φαῦλον</em></strong></span> <span class='ocrx_word' id='word_1_78' title='bbox 1665 941 1830 1008; x_wconf 84' lang='grc' dir='ltr'><strong><em>ἡγού-</em></strong></span> 
     </span>
     <span class='ocr_line' id='line_1_11' title="bbox 135 1029 1897 1100; baseline -0.001 -18"><span class='ocrx_word' id='word_1_79' title='bbox 135 1049 301 1098; x_wconf 87' lang='grc' dir='ltr'><strong><em>μενος</em></strong></span> <span class='ocrx_word' id='word_1_80' title='bbox 337 1038 433 1098; x_wconf 80' lang='grc' dir='ltr'><strong><em>τῆς</em></strong></span> <span class='ocrx_word' id='word_1_81' title='bbox 472 1029 646 1082; x_wconf 87' lang='grc' dir='ltr'><strong><em>αὑτοῦ</em></strong></span> <span class='ocrx_word' id='word_1_82' title='bbox 685 1032 1104 1100; x_wconf 80' lang='grc' dir='ltr'><strong><em>προβεβλῆσθαι</em></strong></span> <span class='ocrx_word' id='word_1_83' title='bbox 1143 1030 1233 1083; x_wconf 84' lang='grc' dir='ltr'><strong><em>καὶ</em></strong></span> <span class='ocrx_word' id='word_1_84' title='bbox 1274 1031 1466 1095; x_wconf 80' lang='grc' dir='ltr'><strong><em>σώζειν</em></strong></span> <span class='ocrx_word' id='word_1_85' title='bbox 1503 1049 1560 1082; x_wconf 94' lang='grc' dir='ltr'><strong><em>τε</em></strong></span> <span class='ocrx_word' id='word_1_86' title='bbox 1599 1030 1700 1098; x_wconf 89' lang='grc' dir='ltr'><strong><em>τὴν</em></strong></span> <span class='ocrx_word' id='word_1_87' title='bbox 1729 1047 1830 1082; x_wconf 90' lang='grc' dir='ltr'><strong><em>πα-</em></strong></span> <span class='ocrx_word' id='word_1_88' title='bbox 1856 1050 1897 1081; x_wconf 77' lang='grc' dir='ltr'><strong><em>ιο</em></strong></span> 
     </span>
     <span class='ocr_line' id='line_1_12' title="bbox 133 1115 1830 1188; baseline 0 -18"><span class='ocrx_word' id='word_1_89' title='bbox 133 1119 298 1187; x_wconf 91' lang='grc' dir='ltr'><strong><em>τρίδα</em></strong></span> <span class='ocrx_word' id='word_1_90' title='bbox 342 1117 431 1171; x_wconf 84' lang='grc' dir='ltr'><strong><em>καὶ</em></strong></span> <span class='ocrx_word' id='word_1_91' title='bbox 480 1119 579 1171; x_wconf 90' lang='grc' dir='ltr'><strong><em>τὸν</em></strong></span> <span class='ocrx_word' id='word_1_92' title='bbox 626 1115 784 1172; x_wconf 84' lang='grc' dir='ltr'><strong><em>οἷκον</em></strong></span> <span class='ocrx_word' id='word_1_93' title='bbox 830 1121 930 1172; x_wconf 89' lang='grc' dir='ltr'><strong><em>τὸν</em></strong></span> <span class='ocrx_word' id='word_1_94' title='bbox 976 1119 1147 1172; x_wconf 88' lang='grc' dir='ltr'><strong><em>αὑτοῦ</em></strong></span> <span class='ocrx_word' id='word_1_95' title='bbox 1198 1122 1359 1188; x_wconf 78' lang='grc' dir='ltr'><strong><em>μείζω</em></strong></span> <span class='ocrx_word' id='word_1_96' title='bbox 1405 1127 1590 1172; x_wconf 88' lang='grc' dir='ltr'><strong><em>ποιεῖν</em></strong></span> <span class='ocrx_word' id='word_1_97' title='bbox 1635 1118 1830 1187; x_wconf 83' lang='grc' dir='ltr'><strong><em>φεύγει</em></strong></span> 
     </span>
     <span class='ocr_line' id='line_1_13' title="bbox 133 1205 1917 1279; baseline 0.002 -20"><span class='ocrx_word' id='word_1_98' title='bbox 133 1208 238 1275; x_wconf 86' lang='grc' dir='ltr'><strong><em>τὴν</em></strong></span> <span class='ocrx_word' id='word_1_99' title='bbox 275 1209 617 1276; x_wconf 89' lang='grc' dir='ltr'><strong><em>προστασίαν</em></strong></span> <span class='ocrx_word' id='word_1_100' title='bbox 653 1208 744 1260; x_wconf 85' lang='grc' dir='ltr'><strong><em>καὶ</em></strong></span> <span class='ocrx_word' id='word_1_101' title='bbox 782 1208 844 1260; x_wconf 92' lang='grc' dir='ltr'><strong><em>τὸ</em></strong></span> <span class='ocrx_word' id='word_1_102' title='bbox 886 1209 1290 1261; x_wconf 89' lang='grc' dir='ltr'><strong><em>πολιτεύεσθαι.</em></strong></span> <span class='ocrx_word' id='word_1_103' title='bbox 1327 1205 1333 1279; x_wconf 90' lang='grc' dir='ltr'>Ι</span> <span class='ocrx_word' id='word_1_104' title='bbox 1369 1206 1481 1260; x_wconf 89' lang='grc' dir='ltr'><strong><em>ἀλλ’</em></strong></span> <span class='ocrx_word' id='word_1_105' title='bbox 1524 1207 1662 1260; x_wconf 85' lang='grc' dir='ltr'><strong><em>ὅθεν</em></strong></span> <span class='ocrx_word' id='word_1_106' title='bbox 1700 1205 1729 1259; x_wconf 86' lang='grc' dir='ltr'><em>ὃ</em></span> <span class='ocrx_word' id='word_1_107' title='bbox 1769 1219 1917 1262; x_wconf 67' lang='grc'>3440</span> 
     </span>
     <span class='ocr_line' id='line_1_14' title="bbox 134 1296 1828 1366; baseline 0 -18"><span class='ocrx_word' id='word_1_108' title='bbox 134 1297 306 1348; x_wconf 87' lang='grc' dir='ltr'><strong><em>καλὸν</em></strong></span> <span class='ocrx_word' id='word_1_109' title='bbox 344 1296 579 1364; x_wconf 85' lang='grc' dir='ltr'><strong><em>ἡγεῖται,</em></strong></span> <span class='ocrx_word' id='word_1_110' title='bbox 629 1297 890 1366; x_wconf 91' lang='grc' dir='ltr'><strong><em>πράττειν</em></strong></span> <span class='ocrx_word' id='word_1_111' title='bbox 937 1297 1004 1350; x_wconf 89' lang='grc' dir='ltr'><strong><em>οὐ</em></strong></span> <span class='ocrx_word' id='word_1_112' title='bbox 1045 1297 1302 1365; x_wconf 90' lang='grc' dir='ltr'><strong><em>δύναται,</em></strong></span> <span class='ocrx_word' id='word_1_113' title='bbox 1355 1297 1574 1366; x_wconf 82' lang='grc' dir='ltr'><strong><em>φράσω,</em></strong></span> <span class='ocrx_word' id='word_1_114' title='bbox 1621 1296 1725 1349; x_wconf 77' lang='grc' dir='ltr'><strong><em>κᾶν</em></strong></span> <span class='ocrx_word' id='word_1_115' title='bbox 1763 1315 1828 1365; x_wconf 91' lang='grc' dir='ltr'><strong><em>με</em></strong></span> 
     </span>
     <span class='ocr_line' id='line_1_15' title="bbox 134 1384 1827 1458; baseline 0 -22"><span class='ocrx_word' id='word_1_116' title='bbox 134 1385 306 1458; x_wconf 81' lang='grc' dir='ltr'><strong><em>λάβῃς</em></strong></span> <span class='ocrx_word' id='word_1_117' title='bbox 337 1386 706 1453; x_wconf 79' lang='grc' dir='ltr'><strong><em>ψευσάμενον,</em></strong></span> <span class='ocrx_word' id='word_1_118' title='bbox 737 1387 811 1454; x_wconf 85' lang='grc' dir='ltr'><strong><em>μή</em></strong></span> <span class='ocrx_word' id='word_1_119' title='bbox 841 1406 935 1452; x_wconf 92' lang='grc' dir='ltr'><strong><em>μοι</em></strong></span> <span class='ocrx_word' id='word_1_120' title='bbox 969 1386 1078 1457; x_wconf 76' lang='grc' dir='ltr'><strong><em>δῷς</em></strong></span> <span class='ocrx_word' id='word_1_121' title='bbox 1106 1384 1296 1453; x_wconf 81' lang='grc' dir='ltr'><strong><em>ἕτερον</em></strong></span> <span class='ocrx_word' id='word_1_122' title='bbox 1317 1386 1624 1455; x_wconf 87' lang='grc' dir='ltr'><strong><em>παρρησίας</em></strong></span> <span class='ocrx_word' id='word_1_123' title='bbox 1647 1386 1827 1453; x_wconf 88' lang='grc' dir='ltr'><strong><em>λόγον.</em></strong></span> 
     </span>
    </p>

    <p class='ocr_par' dir='ltr' id='par_1_4' title="bbox 131 1470 1894 2163">
     <span class='ocr_line' id='line_1_16' title="bbox 159 1470 1894 1546; baseline 0.001 -21"><span class='ocrx_word' id='word_1_124' title='bbox 159 1496 163 1498; x_wconf 57' lang='grc'>’</span> <span class='ocrx_word' id='word_1_125' title='bbox 245 1472 332 1546; x_wconf 38' lang='grc'><strong><em>45..</em></strong></span> <span class='ocrx_word' id='word_1_126' title='bbox 388 1472 710 1542; x_wconf 87' lang='grc' dir='ltr'><strong><em>Ἐκάκωσεν,</em></strong></span> <span class='ocrx_word' id='word_1_127' title='bbox 774 1470 815 1526; x_wconf 83' lang='grc' dir='ltr'><em>ὦ</em></span> <span class='ocrx_word' id='word_1_128' title='bbox 869 1477 1127 1542; x_wconf 86' lang='grc' dir='ltr'><strong><em>βασιλεῦ,</em></strong></span> <span class='ocrx_word' id='word_1_129' title='bbox 1188 1474 1255 1526; x_wconf 83' lang='grc' dir='ltr'><strong><em>τὰ</em></strong></span> <span class='ocrx_word' id='word_1_130' title='bbox 1307 1475 1597 1542; x_wconf 88' lang='grc' dir='ltr'><strong><em>πράγματα</em></strong></span> <span class='ocrx_word' id='word_1_131' title='bbox 1650 1474 1826 1545; x_wconf 80' lang='grc' dir='ltr'><strong><em>τούτῳ</em></strong></span> <span class='ocrx_word' id='word_1_132' title='bbox 1853 1494 1894 1526; x_wconf 87' lang='lat'><strong><em>15</em></strong></span> 
     </span>
     <span class='ocr_line' id='line_1_17' title="bbox 132 1559 1826 1630; baseline 0.001 -17"><span class='ocrx_word' id='word_1_133' title='bbox 132 1570 355 1629; x_wconf 81' lang='grc' dir='ltr'><strong><em>πρῶτον</em></strong></span> <span class='ocrx_word' id='word_1_134' title='bbox 404 1559 505 1628; x_wconf 73' lang='grc' dir='ltr'><strong><em>μὲν</em></strong></span> <span class='ocrx_word' id='word_1_135' title='bbox 543 1562 812 1630; x_wconf 84' lang='grc' dir='ltr'><strong><em>Εὐγένιος</em></strong></span> <span class='ocrx_word' id='word_1_136' title='bbox 858 1564 1040 1630; x_wconf 91' lang='grc' dir='ltr'><strong><em>φόβον</em></strong></span> <span class='ocrx_word' id='word_1_137' title='bbox 1086 1561 1340 1630; x_wconf 83' lang='grc' dir='ltr'><strong><em>ἐμβαλὼν</em></strong></span> <span class='ocrx_word' id='word_1_138' title='bbox 1388 1571 1504 1624; x_wconf 92' lang='grc' dir='ltr'><strong><em>τοῖς</em></strong></span> <span class='ocrx_word' id='word_1_139' title='bbox 1551 1563 1826 1615; x_wconf 88' lang='grc' dir='ltr'><strong><em>διοικοῦσι</em></strong></span> 
     </span>
     <span class='ocr_line' id='line_1_18' title="bbox 133 1649 1828 1719; baseline 0.002 -18"><span class='ocrx_word' id='word_1_140' title='bbox 133 1649 225 1701; x_wconf 82' lang='grc' dir='ltr'><strong><em>καὶ</em></strong></span> <span class='ocrx_word' id='word_1_141' title='bbox 264 1649 580 1719; x_wconf 81' lang='grc' dir='ltr'><strong><em>προδείξας,</em></strong></span> <span class='ocrx_word' id='word_1_142' title='bbox 631 1651 705 1713; x_wconf 80' lang='grc' dir='ltr'><strong><em>ὡς</em></strong></span> <span class='ocrx_word' id='word_1_143' title='bbox 743 1650 771 1703; x_wconf 91' lang='grc' dir='ltr'>ὁ</span> <span class='ocrx_word' id='word_1_144' title='bbox 810 1651 883 1719; x_wconf 87' lang='grc' dir='ltr'><strong><em>μὴ</em></strong></span> <span class='ocrx_word' id='word_1_145' title='bbox 930 1651 1156 1719; x_wconf 87' lang='grc' dir='ltr'><strong><em>φεύγων</em></strong></span> <span class='ocrx_word' id='word_1_146' title='bbox 1203 1650 1482 1703; x_wconf 83' lang='grc' dir='ltr'><strong><em>ἀπολεῖται</em></strong></span> <span class='ocrx_word' id='word_1_147' title='bbox 1532 1653 1828 1717; x_wconf 86' lang='grc' dir='ltr'><strong><em>παιόμενος</em></strong></span> 
     </span>
     <span class='ocr_line' id='line_1_19' title="bbox 134 1734 1827 1810; baseline 0.001 -20"><span class='ocrx_word' id='word_1_148' title='bbox 134 1736 225 1790; x_wconf 87' lang='grc' dir='ltr'><strong><em>καὶ</em></strong></span> <span class='ocrx_word' id='word_1_149' title='bbox 288 1737 611 1807; x_wconf 87' lang='grc' dir='ltr'><strong><em>ἀγχόμενος,</em></strong></span> <span class='ocrx_word' id='word_1_150' title='bbox 682 1737 860 1791; x_wconf 82' lang='grc' dir='ltr'><strong><em>ἔπειθ’</em></strong></span> <span class='ocrx_word' id='word_1_151' title='bbox 908 1734 1070 1802; x_wconf 88' lang='grc' dir='ltr'><strong><em>οὗτος</em></strong></span> <span class='ocrx_word' id='word_1_152' title='bbox 1138 1747 1369 1809; x_wconf 86' lang='grc' dir='ltr'><strong><em>μακραῖς</em></strong></span> <span class='ocrx_word' id='word_1_153' title='bbox 1428 1740 1521 1792; x_wconf 81' lang='grc' dir='ltr'><strong><em>καὶ</em></strong></span> <span class='ocrx_word' id='word_1_154' title='bbox 1582 1742 1827 1810; x_wconf 82' lang='grc' dir='ltr'><strong><em>χρονίοις</em></strong></span> 
     </span>
     <span class='ocr_line' id='line_1_20' title="bbox 134 1825 1827 1898; baseline 0.002 -20"><span class='ocrx_word' id='word_1_155' title='bbox 134 1825 442 1894; x_wconf 90' lang='grc' dir='ltr'><strong><em>ἀπουσίαις,</em></strong></span> <span class='ocrx_word' id='word_1_156' title='bbox 490 1826 573 1879; x_wconf 85' lang='grc' dir='ltr'><strong><em>δι’</em></strong></span> <span class='ocrx_word' id='word_1_157' title='bbox 604 1827 667 1890; x_wconf 80' lang='grc' dir='ltr'><strong><em>ἃς</em></strong></span> <span class='ocrx_word' id='word_1_158' title='bbox 714 1826 918 1897; x_wconf 80' lang='grc' dir='ltr'><strong><em>δένδρα</em></strong></span> <span class='ocrx_word' id='word_1_159' title='bbox 955 1847 1012 1880; x_wconf 91' lang='grc' dir='ltr'><strong><em>τε</em></strong></span> <span class='ocrx_word' id='word_1_160' title='bbox 1052 1826 1370 1880; x_wconf 81' lang='grc' dir='ltr'><strong><em>ἐκκέκοπται</em></strong></span> <span class='ocrx_word' id='word_1_161' title='bbox 1416 1829 1506 1880; x_wconf 81' lang='grc' dir='ltr'><strong><em>καὶ</em></strong></span> <span class='ocrx_word' id='word_1_162' title='bbox 1553 1837 1621 1898; x_wconf 85' lang='grc' dir='ltr'><strong><em>γῆ</em></strong></span> <span class='ocrx_word' id='word_1_163' title='bbox 1661 1848 1827 1898; x_wconf 87' lang='grc' dir='ltr'><strong><em>γεωρ-</em></strong></span> 
     </span>
     <span class='ocr_line' id='line_1_21' title="bbox 134 1913 1894 1986; baseline 0.002 -19"><span class='ocrx_word' id='word_1_164' title='bbox 134 1916 257 1982; x_wconf 90' lang='grc' dir='ltr'><strong><em>γίας</em></strong></span> <span class='ocrx_word' id='word_1_165' title='bbox 297 1914 593 1984; x_wconf 81' lang='grc' dir='ltr'><strong><em>ἐστέρηται,</em></strong></span> <span class='ocrx_word' id='word_1_166' title='bbox 644 1926 756 1969; x_wconf 84' lang='grc' dir='ltr'><strong><em>τῶν</em></strong></span> <span class='ocrx_word' id='word_1_167' title='bbox 806 1913 867 1968; x_wconf 73' lang='grc' dir='ltr'><strong><em>δὲ</em></strong></span> <span class='ocrx_word' id='word_1_168' title='bbox 917 1915 1285 1986; x_wconf 89' lang='grc' dir='ltr'><strong><em>ἀνδραπόδων</em></strong></span> <span class='ocrx_word' id='word_1_169' title='bbox 1334 1917 1400 1969; x_wconf 81' lang='grc' dir='ltr'><strong><em>τὰ</em></strong></span> <span class='ocrx_word' id='word_1_170' title='bbox 1448 1913 1550 1983; x_wconf 75' lang='grc' dir='ltr'><strong><em>μὲν</em></strong></span> <span class='ocrx_word' id='word_1_171' title='bbox 1600 1916 1825 1986; x_wconf 84' lang='grc' dir='ltr'><strong><em>ἀπέδρα,</em></strong></span> <span class='ocrx_word' id='word_1_172' title='bbox 1852 1939 1894 1970; x_wconf 72' lang='lat'><strong><em>20</em></strong></span> 
     </span>
     <span class='ocr_line' id='line_1_22' title="bbox 132 2000 1826 2075; baseline 0.002 -20"><span class='ocrx_word' id='word_1_173' title='bbox 132 2004 200 2055; x_wconf 79' lang='grc' dir='ltr'><strong><em>τὰ</em></strong></span> <span class='ocrx_word' id='word_1_174' title='bbox 247 2000 308 2056; x_wconf 74' lang='grc' dir='ltr'><strong><em>δὲ</em></strong></span> <span class='ocrx_word' id='word_1_175' title='bbox 355 2003 547 2074; x_wconf 88' lang='grc' dir='ltr'><strong><em>ἀργεῖν</em></strong></span> <span class='ocrx_word' id='word_1_176' title='bbox 593 2008 788 2074; x_wconf 82' lang='grc' dir='ltr'><strong><em>ἔμαθε,</em></strong></span> <span class='ocrx_word' id='word_1_177' title='bbox 844 2006 910 2058; x_wconf 77' lang='grc' dir='ltr'><strong><em>τὰ</em></strong></span> <span class='ocrx_word' id='word_1_178' title='bbox 956 2002 1017 2057; x_wconf 75' lang='grc' dir='ltr'><strong><em>δὲ</em></strong></span> <span class='ocrx_word' id='word_1_179' title='bbox 1063 2014 1413 2075; x_wconf 90' lang='grc' dir='ltr'><strong><em>κακουργεῖν,</em></strong></span> <span class='ocrx_word' id='word_1_180' title='bbox 1466 2007 1607 2075; x_wconf 85' lang='grc' dir='ltr'><strong><em>γυνὴ</em></strong></span> <span class='ocrx_word' id='word_1_181' title='bbox 1655 2003 1716 2059; x_wconf 72' lang='grc' dir='ltr'><strong><em>δὲ</em></strong></span> <span class='ocrx_word' id='word_1_182' title='bbox 1761 2007 1826 2059; x_wconf 76' lang='grc' dir='ltr'><strong><em>τὰ</em></strong></span> 
     </span>
     <span class='ocr_line' id='line_1_23' title="bbox 131 2091 1825 2163; baseline 0.002 -19"><span class='ocrx_word' id='word_1_183' title='bbox 131 2100 360 2145; x_wconf 91' lang='grc' dir='ltr'><strong><em>τοιαῦτα</em></strong></span> <span class='ocrx_word' id='word_1_184' title='bbox 405 2098 642 2162; x_wconf 86' lang='grc' dir='ltr'><strong><em>θρηνεῖν</em></strong></span> <span class='ocrx_word' id='word_1_185' title='bbox 686 2091 788 2163; x_wconf 76' lang='grc' dir='ltr'><strong><em>μὲν</em></strong></span> <span class='ocrx_word' id='word_1_186' title='bbox 836 2092 1048 2146; x_wconf 84' lang='grc' dir='ltr'><strong><em>δύναιτ’</em></strong></span> <span class='ocrx_word' id='word_1_187' title='bbox 1087 2095 1173 2162; x_wconf 80' lang='grc' dir='ltr'><strong><em>ἄν,</em></strong></span> <span class='ocrx_word' id='word_1_188' title='bbox 1220 2095 1599 2162; x_wconf 87' lang='grc' dir='ltr'><strong><em>διορθοῦσθαι</em></strong></span> <span class='ocrx_word' id='word_1_189' title='bbox 1650 2092 1710 2148; x_wconf 79' lang='grc' dir='ltr'><strong><em>δὲ</em></strong></span> <span class='ocrx_word' id='word_1_190' title='bbox 1758 2095 1825 2147; x_wconf 88' lang='grc' dir='ltr'><strong><em>οὐ</em></strong></span> 
     </span>
    </p>
   </div>
   <div class='ocr_carea' id='block_1_3' title="bbox 132 2205 486 2211">
    <p class='ocr_par' dir='ltr' id='par_1_5' title="bbox 132 2205 486 2211">
     <span class='ocr_line' id='line_1_24' title="bbox 132 2205 486 2211; baseline 0 0"><span class='ocrx_word' id='word_1_191' title='bbox 132 2205 486 2211; x_wconf 95' lang='lat' dir='ltr'><strong><em> </em></strong></span> 
     </span>
    </p>
   </div>
   <div class='ocr_carea' id='block_1_4' title="bbox 249 2268 1200 2327">
    <p class='ocr_par' dir='ltr' id='par_1_6' title="bbox 249 2268 1200 2327">
     <span class='ocr_line' id='line_1_25' title="bbox 249 2268 1200 2327; baseline 0.001 -16"><span class='ocrx_word' id='word_1_192' title='bbox 249 2272 275 2311; x_wconf 94' lang='grc'>8</span> <span class='ocrx_word' id='word_1_193' title='bbox 310 2268 479 2327; x_wconf 84' lang='lat' dir='ltr'><strong>[Dem.]</strong></span> <span class='ocrx_word' id='word_1_194' title='bbox 511 2269 734 2326; x_wconf 72' lang='lat' dir='ltr'><strong>Epitaph.</strong></span> <span class='ocrx_word' id='word_1_195' title='bbox 764 2273 788 2323; x_wconf 68' lang='grc' dir='ltr'>ξ</span> <span class='ocrx_word' id='word_1_196' title='bbox 815 2274 843 2312; x_wconf 84' lang='grc'>4</span> <span class='ocrx_word' id='word_1_197' title='bbox 875 2284 920 2325; x_wconf 92' lang='lat' dir='ltr'><strong><em>p.</em></strong></span> <span class='ocrx_word' id='word_1_198' title='bbox 942 2273 1054 2312; x_wconf 83' lang='lat'>1389</span> <span class='ocrx_word' id='word_1_199' title='bbox 1088 2270 1200 2312; x_wconf 76' lang='lat' dir='ltr'><strong>extr.</strong></span> 
     </span>
    </p>
   </div>
   <div class='ocr_carea' id='block_1_5' title="bbox 133 2368 488 2373">
    <p class='ocr_par' dir='ltr' id='par_1_7' title="bbox 133 2368 488 2373">
     <span class='ocr_line' id='line_1_26' title="bbox 133 2368 488 2373; baseline 0 0"><span class='ocrx_word' id='word_1_200' title='bbox 133 2368 488 2373; x_wconf 95' lang='lat' dir='ltr'><strong><em> </em></strong></span> 
     </span>
    </p>
   </div>
   <div class='ocr_carea' id='block_1_6' title="bbox 128 2426 1824 2959">
    <p class='ocr_par' dir='ltr' id='par_1_8' title="bbox 128 2426 1824 2840">
     <span class='ocr_line' id='line_1_27' title="bbox 251 2426 1824 2503; baseline 0.001 -30"><span class='ocrx_word' id='word_1_201' title='bbox 251 2434 276 2473; x_wconf 86' lang='lat'><strong>3</strong></span> <span class='ocrx_word' id='word_1_202' title='bbox 325 2427 441 2474; x_wconf 82' lang='grc' dir='ltr'><strong><em>καθ’</em></strong></span> <span class='ocrx_word' id='word_1_203' title='bbox 478 2443 618 2487; x_wconf 80' lang='lat' dir='ltr'><strong>supra</strong></span> <span class='ocrx_word' id='word_1_204' title='bbox 657 2426 728 2481; x_wconf 86' lang='grc' dir='ltr'><strong><em>οἷς</em></strong></span> <span class='ocrx_word' id='word_1_205' title='bbox 758 2430 803 2474; x_wconf 89' lang='lat' dir='ltr'><strong><em>A</em></strong></span> <span class='ocrx_word' id='word_1_206' title='bbox 853 2430 859 2488; x_wconf 87' lang='grc' dir='ltr'>Ι</span> <span class='ocrx_word' id='word_1_207' title='bbox 910 2426 991 2487; x_wconf 84' lang='grc' dir='ltr'><strong><em>ἦὸε</em></strong></span> <span class='ocrx_word' id='word_1_208' title='bbox 1034 2430 1199 2503; x_wconf 78' lang='lat' dir='ltr'><strong>scripsi</strong></span> <span class='ocrx_word' id='word_1_209' title='bbox 1243 2430 1512 2474; x_wconf 76' lang='lat' dir='ltr'><strong>auctoribus</strong></span> <span class='ocrx_word' id='word_1_210' title='bbox 1554 2429 1734 2474; x_wconf 77' lang='lat' dir='ltr'><strong>Sintem’</strong></span> <span class='ocrx_word' id='word_1_211' title='bbox 1777 2433 1824 2474; x_wconf 74' lang='lat' dir='ltr'><strong><em>et</em></strong></span> 
     </span>
     <span class='ocr_line' id='line_1_28' title="bbox 130 2476 1822 2547; baseline 0.001 -15"><span class='ocrx_word' id='word_1_212' title='bbox 130 2488 289 2532; x_wconf 80' lang='lat' dir='ltr'><strong>Gasda</strong></span> <span class='ocrx_word' id='word_1_213' title='bbox 314 2490 395 2545; x_wconf 89' lang='lat' dir='ltr'><strong><em>qui</em></strong></span> <span class='ocrx_word' id='word_1_214' title='bbox 421 2490 564 2533; x_wconf 74' lang='lat' dir='ltr'><strong>etiam</strong></span> <span class='ocrx_word' id='word_1_215' title='bbox 590 2489 647 2533; x_wconf 83' lang='lat' dir='ltr'><strong><em>de</em></strong></span> <span class='ocrx_word' id='word_1_216' title='bbox 671 2492 842 2546; x_wconf 77' lang='grc' dir='ltr'><strong><em>κατῇδε</em></strong></span> <span class='ocrx_word' id='word_1_217' title='bbox 859 2476 1085 2546; x_wconf 71' lang='lat' dir='ltr'>cogitavit</span> <span class='ocrx_word' id='word_1_218' title='bbox 1140 2485 1222 2547; x_wconf 78' lang='grc' dir='ltr'><strong><em>ἦγε</em></strong></span> <span class='ocrx_word' id='word_1_219' title='bbox 1247 2489 1356 2532; x_wconf 86' lang='lat' dir='ltr'>libri</span> <span class='ocrx_word' id='word_1_220' title='bbox 1382 2489 1472 2533; x_wconf 86' lang='lat' dir='ltr'><strong><em>edd</em></strong></span> <span class='ocrx_word' id='word_1_221' title='bbox 1533 2488 1693 2546; x_wconf 80' lang='grc' dir='ltr'><strong><em>ἤλεγχε</em></strong></span> <span class='ocrx_word' id='word_1_222' title='bbox 1718 2490 1822 2533; x_wconf 85' lang='lat' dir='ltr'>coni</span> 
     </span>
     <span class='ocr_line' id='line_1_29' title="bbox 131 2547 1768 2605; baseline 0.001 -14"><span class='ocrx_word' id='word_1_223' title='bbox 131 2548 201 2591; x_wconf 83' lang='lat' dir='ltr'><strong><em>Re</em></strong></span> <span class='ocrx_word' id='word_1_224' title='bbox 322 2553 349 2591; x_wconf 87' lang='lat'>4</span> <span class='ocrx_word' id='word_1_225' title='bbox 383 2547 440 2592; x_wconf 78' lang='grc' dir='ltr'><strong><em>σὰ</em></strong></span> <span class='ocrx_word' id='word_1_226' title='bbox 466 2562 540 2591; x_wconf 90' lang='lat' dir='ltr'><strong><em>om</em></strong></span> <span class='ocrx_word' id='word_1_227' title='bbox 557 2549 602 2592; x_wconf 90' lang='lat' dir='ltr'><em>B</em></span> <span class='ocrx_word' id='word_1_228' title='bbox 724 2553 749 2591; x_wconf 89' lang='lat'>5</span> <span class='ocrx_word' id='word_1_229' title='bbox 781 2555 878 2599; x_wconf 84' lang='grc' dir='ltr'><strong><em>τοῖς</em></strong></span> <span class='ocrx_word' id='word_1_230' title='bbox 908 2563 984 2592; x_wconf 89' lang='lat' dir='ltr'><strong><em>om</em></strong></span> <span class='ocrx_word' id='word_1_231' title='bbox 1002 2550 1047 2592; x_wconf 91' lang='lat' dir='ltr'><em>P</em></span> <span class='ocrx_word' id='word_1_232' title='bbox 1071 2551 1077 2604; x_wconf 91' lang='grc' dir='ltr'>Ι</span> <span class='ocrx_word' id='word_1_233' title='bbox 1106 2549 1301 2605; x_wconf 79' lang='grc' dir='ltr'><strong><em>εὐθηνεῖ</em></strong></span> <span class='ocrx_word' id='word_1_234' title='bbox 1324 2549 1368 2592; x_wconf 89' lang='lat' dir='ltr'><strong><em>V</em></strong></span> <span class='ocrx_word' id='word_1_235' title='bbox 1422 2549 1639 2593; x_wconf 83' lang='grc' dir='ltr'><strong><em>εὐσθενεῖ</em></strong></span> <span class='ocrx_word' id='word_1_236' title='bbox 1657 2549 1768 2593; x_wconf 88' lang='grc' dir='ltr'><strong><em>ΒΜ</em></strong></span> 
     </span>
     <span class='ocr_line' id='line_1_30' title="bbox 128 2607 1821 2666; baseline 0 -15"><span class='ocrx_word' id='word_1_237' title='bbox 128 2608 327 2651; x_wconf 82' lang='grc' dir='ltr'><strong><em>ἀσθενεῖ</em></strong></span> <span class='ocrx_word' id='word_1_238' title='bbox 347 2607 459 2651; x_wconf 74' lang='lat' dir='ltr'>Fert</span> <span class='ocrx_word' id='word_1_239' title='bbox 478 2607 579 2651; x_wconf 91' lang='lat' dir='ltr'><strong><em>Mor</em></strong></span> <span class='ocrx_word' id='word_1_240' title='bbox 701 2612 724 2650; x_wconf 83' lang='lat'><strong>7</strong></span> <span class='ocrx_word' id='word_1_241' title='bbox 748 2610 812 2666; x_wconf 80' lang='grc' dir='ltr'><strong><em>τῷ</em></strong></span> <span class='ocrx_word' id='word_1_242' title='bbox 830 2607 910 2664; x_wconf 91' lang='grc'>(2)]</span> <span class='ocrx_word' id='word_1_243' title='bbox 936 2607 988 2650; x_wconf 89' lang='grc' dir='ltr'><strong><em>τὸ</em></strong></span> <span class='ocrx_word' id='word_1_244' title='bbox 1007 2608 1081 2651; x_wconf 92' lang='grc' dir='ltr'><strong><em>ΙΒ</em></strong></span> <span class='ocrx_word' id='word_1_245' title='bbox 1197 2612 1250 2651; x_wconf 92' lang='grc'><strong><em>10</em></strong></span> <span class='ocrx_word' id='word_1_246' title='bbox 1276 2608 1420 2651; x_wconf 85' lang='grc' dir='ltr'><strong><em>αὐτοῦ</em></strong></span> <span class='ocrx_word' id='word_1_247' title='bbox 1444 2609 1505 2652; x_wconf 88' lang='grc' dir='ltr'><strong>Μ</strong></span> <span class='ocrx_word' id='word_1_248' title='bbox 1526 2609 1574 2650; x_wconf 75' lang='lat' dir='ltr'><strong><em>et</em></strong></span> <span class='ocrx_word' id='word_1_249' title='bbox 1597 2621 1653 2650; x_wconf 84' lang='lat' dir='ltr'><strong><em>ex</em></strong></span> <span class='ocrx_word' id='word_1_250' title='bbox 1677 2607 1821 2651; x_wconf 82' lang='grc' dir='ltr'><strong><em>αὑτοῦ</em></strong></span> 
     </span>
     <span class='ocr_line' id='line_1_31' title="bbox 133 2666 1822 2723; baseline 0 -14"><span class='ocrx_word' id='word_1_251' title='bbox 133 2677 238 2709; x_wconf 85' lang='lat' dir='ltr'>corr</span> <span class='ocrx_word' id='word_1_252' title='bbox 254 2667 299 2710; x_wconf 91' lang='lat' dir='ltr'><em>B</em></span> <span class='ocrx_word' id='word_1_253' title='bbox 361 2673 504 2710; x_wconf 87' lang='grc' dir='ltr'><strong><em>αυτοῦ</em></strong></span> <span class='ocrx_word' id='word_1_254' title='bbox 532 2668 578 2712; x_wconf 90' lang='lat' dir='ltr'><em>U</em></span> <span class='ocrx_word' id='word_1_255' title='bbox 684 2670 735 2709; x_wconf 94' lang='grc'><strong><em>11</em></strong></span> <span class='ocrx_word' id='word_1_256' title='bbox 763 2666 907 2709; x_wconf 80' lang='grc' dir='ltr'><strong><em>αὐτοῦ</em></strong></span> <span class='ocrx_word' id='word_1_257' title='bbox 933 2666 1036 2710; x_wconf 88' lang='lat' dir='ltr'><strong><em>UM</em></strong></span> <span class='ocrx_word' id='word_1_258' title='bbox 1057 2668 1105 2709; x_wconf 75' lang='lat' dir='ltr'><strong><em>ei:</em></strong></span> <span class='ocrx_word' id='word_1_259' title='bbox 1128 2679 1185 2709; x_wconf 83' lang='lat' dir='ltr'><strong><em>ex</em></strong></span> <span class='ocrx_word' id='word_1_260' title='bbox 1209 2667 1354 2710; x_wconf 84' lang='grc' dir='ltr'><strong><em>αὑτοῦ</em></strong></span> <span class='ocrx_word' id='word_1_261' title='bbox 1380 2680 1481 2710; x_wconf 86' lang='lat' dir='ltr'>corr</span> <span class='ocrx_word' id='word_1_262' title='bbox 1505 2667 1550 2709; x_wconf 91' lang='lat' dir='ltr'><em>B</em></span> <span class='ocrx_word' id='word_1_263' title='bbox 1659 2671 1713 2709; x_wconf 83' lang='lat'><strong><em>12</em></strong></span> <span class='ocrx_word' id='word_1_264' title='bbox 1737 2666 1822 2723; x_wconf 86' lang='grc' dir='ltr'><strong><em>τὴν</em></strong></span> 
     </span>
     <span class='ocr_line' id='line_1_32' title="bbox 130 2723 1820 2783; baseline 0.002 -16"><span class='ocrx_word' id='word_1_265' title='bbox 130 2737 207 2768; x_wconf 88' lang='lat' dir='ltr'><strong><em>om</em></strong></span> <span class='ocrx_word' id='word_1_266' title='bbox 231 2725 318 2768; x_wconf 86' lang='lat' dir='ltr'><strong><em>Fer</em></strong></span> <span class='ocrx_word' id='word_1_267' title='bbox 342 2724 442 2768; x_wconf 89' lang='lat' dir='ltr'><strong><em>Mor</em></strong></span> <span class='ocrx_word' id='word_1_268' title='bbox 594 2730 647 2769; x_wconf 85' lang='lat'><strong><em>13</em></strong></span> <span class='ocrx_word' id='word_1_269' title='bbox 679 2724 739 2768; x_wconf 80' lang='grc' dir='ltr'><em>κᾶ</em></span> <span class='ocrx_word' id='word_1_270' title='bbox 772 2739 876 2768; x_wconf 88' lang='lat' dir='ltr'><strong><em>cum</em></strong></span> <span class='ocrx_word' id='word_1_271' title='bbox 906 2739 982 2768; x_wconf 79' lang='lat' dir='ltr'><strong><em>ras</em></strong></span> <span class='ocrx_word' id='word_1_272' title='bbox 1017 2730 1038 2768; x_wconf 94' lang='lat'>1</span> <span class='ocrx_word' id='word_1_273' title='bbox 1073 2725 1209 2771; x_wconf 76' lang='lat' dir='ltr'><strong>littU</strong></span> <span class='ocrx_word' id='word_1_274' title='bbox 1352 2730 1406 2768; x_wconf 86' lang='lat'><strong><em>14</em></strong></span> <span class='ocrx_word' id='word_1_275' title='bbox 1439 2724 1521 2783; x_wconf 79' lang='grc' dir='ltr'><strong><em>δὸς</em></strong></span> <span class='ocrx_word' id='word_1_276' title='bbox 1552 2726 1596 2768; x_wconf 88' lang='grc' dir='ltr'><strong><em>Β</em></strong></span> <span class='ocrx_word' id='word_1_277' title='bbox 1635 2725 1641 2783; x_wconf 82' lang='grc' dir='ltr'>Ι</span> <span class='ocrx_word' id='word_1_278' title='bbox 1675 2723 1820 2770; x_wconf 80' lang='grc' dir='ltr'><strong><em>τόπον</em></strong></span> 
     </span>
     <span class='ocr_line' id='line_1_33' title="bbox 133 2782 1821 2840; baseline 0 -14"><span class='ocrx_word' id='word_1_279' title='bbox 133 2782 280 2827; x_wconf 71' lang='lat' dir='ltr'><strong>Cobet</strong></span> <span class='ocrx_word' id='word_1_280' title='bbox 316 2784 486 2828; x_wconf 86' lang='lat' dir='ltr'><strong>Mnem.</strong></span> <span class='ocrx_word' id='word_1_281' title='bbox 510 2783 552 2827; x_wconf 90' lang='lat' dir='ltr'><strong>V</strong></span> <span class='ocrx_word' id='word_1_282' title='bbox 587 2789 669 2827; x_wconf 86' lang='lat'><strong><em>112</em></strong></span> <span class='ocrx_word' id='word_1_283' title='bbox 719 2782 849 2839; x_wconf 82' lang='lat' dir='ltr'><strong>(coll.</strong></span> <span class='ocrx_word' id='word_1_284' title='bbox 878 2787 980 2840; x_wconf 89' lang='grc'>108)</span> <span class='ocrx_word' id='word_1_285' title='bbox 1163 2789 1215 2827; x_wconf 84' lang='grc'><strong><em>17</em></strong></span> <span class='ocrx_word' id='word_1_286' title='bbox 1266 2783 1290 2827; x_wconf 86' lang='grc' dir='ltr'><em>ὃ</em></span> <span class='ocrx_word' id='word_1_287' title='bbox 1338 2783 1426 2827; x_wconf 82' lang='lat' dir='ltr'>del.</span> <span class='ocrx_word' id='word_1_288' title='bbox 1468 2786 1626 2828; x_wconf 78' lang='lat' dir='ltr'><strong>censet</strong></span> <span class='ocrx_word' id='word_1_289' title='bbox 1664 2783 1821 2828; x_wconf 83' lang='lat' dir='ltr'><strong>Gasda</strong></span> 
     </span>
    </p>

    <p class='ocr_par' dir='ltr' id='par_1_9' title="bbox 130 2839 1820 2959">
     <span class='ocr_line' id='line_1_34' title="bbox 193 2839 1820 2901; baseline 0.001 -17"><span class='ocrx_word' id='word_1_290' title='bbox 193 2846 246 2884; x_wconf 90' lang='grc'><strong><em>18</em></strong></span> <span class='ocrx_word' id='word_1_291' title='bbox 293 2839 498 2901; x_wconf 85' lang='grc' dir='ltr'><strong><em>οὗτος],</em></strong></span> <span class='ocrx_word' id='word_1_292' title='bbox 502 2844 775 2898; x_wconf 77' lang='lat' dir='ltr'><em>‚addendum</em></span> <span class='ocrx_word' id='word_1_293' title='bbox 805 2844 983 2887; x_wconf 78' lang='lat' dir='ltr'><em>videtur</em></span> <span class='ocrx_word' id='word_1_294' title='bbox 1013 2841 1180 2893; x_wconf 82' lang='grc' dir='ltr'><strong><em>αὐτός“</em></strong></span> <span class='ocrx_word' id='word_1_295' title='bbox 1212 2843 1280 2886; x_wconf 82' lang='lat' dir='ltr'><strong><em>Re</em></strong></span> <span class='ocrx_word' id='word_1_296' title='bbox 1329 2843 1336 2900; x_wconf 88' lang='grc' dir='ltr'>Ι</span> <span class='ocrx_word' id='word_1_297' title='bbox 1386 2845 1570 2898; x_wconf 82' lang='lat' dir='ltr'><em>„malim</em></span> <span class='ocrx_word' id='word_1_298' title='bbox 1601 2850 1704 2894; x_wconf 85' lang='grc' dir='ltr'><strong><em>ταῖς</em></strong></span> <span class='ocrx_word' id='word_1_299' title='bbox 1734 2860 1820 2899; x_wconf 82' lang='grc' dir='ltr'><strong><em>μα-</em></strong></span> 
     </span>
     <span class='ocr_line' id='line_1_35' title="bbox 130 2901 1512 2959; baseline 0.001 -16"><span class='ocrx_word' id='word_1_300' title='bbox 130 2904 293 2954; x_wconf 58' lang='lat' dir='ltr'><strong><em>’‘poete“</em></strong></span> <span class='ocrx_word' id='word_1_301' title='bbox 324 2901 394 2944; x_wconf 79' lang='lat' dir='ltr'><strong><em>Re</em></strong></span> <span class='ocrx_word' id='word_1_302' title='bbox 514 2906 567 2944; x_wconf 90' lang='grc'><strong><em>21</em></strong></span> <span class='ocrx_word' id='word_1_303' title='bbox 604 2903 788 2956; x_wconf 77' lang='lat' dir='ltr'><em>„malim</em></span> <span class='ocrx_word' id='word_1_304' title='bbox 818 2902 875 2944; x_wconf 86' lang='grc' dir='ltr'><strong><em>τὰ</em></strong></span> <span class='ocrx_word' id='word_1_305' title='bbox 908 2901 959 2946; x_wconf 80' lang='grc' dir='ltr'><strong><em>δὲ</em></strong></span> <span class='ocrx_word' id='word_1_306' title='bbox 991 2902 1071 2945; x_wconf 81' lang='grc' dir='ltr'><strong><em>καὶ</em></strong></span> <span class='ocrx_word' id='word_1_307' title='bbox 1103 2906 1411 2959; x_wconf 80' lang='grc' dir='ltr'><strong><em>κακουργεῖν“</em></strong></span> <span class='ocrx_word' id='word_1_308' title='bbox 1444 2902 1512 2944; x_wconf 80' lang='lat' dir='ltr'><strong><em>Re</em></strong></span> 
     </span>
    </p>
   </div>
  </div>
 </body>
</html>
