2072 3162
985 798 1100 851 XV.

351 934 521 984 Oratio
568 937 806 999 inscripta
853 934 1210 1003 Πρεσβευτικὸς
1255 935 1377 1001 πρὸς
1410 929 1697 1001 Ἰουλιανόν,
1744 939 1882 985 cuius

197 1027 300 1058 una
339 1026 449 1058 cum
496 1012 721 1073 sequenti
765 1012 1062 1058 mentionem
1108 1011 1226 1059 fecit
1271 1012 1458 1073 primus
1499 1010 1722 1059 Socrates
1766 1011 1881 1060 hist.

201 1085 313 1133 eccl.
339 1084 415 1132 III
443 1087 508 1132 17
542 1103 588 1147 p.
611 1078 769 1152 1941)
812 1078 957 1151 (ὅθεν
995 1082 1238 1134 ὑπόθεσιν
1276 1083 1409 1148 ἔσχεν
1449 1081 1473 1132 ὅ
1514 1083 1748 1149 σοφιστὴς
1785 1089 1881 1133 Λι-

199 1157 371 1222 βάνιος
408 1158 596 1224 γράψαι
635 1158 720 1208 τόν
758 1176 807 1206 τε
844 1156 1192 1224 πρεσβευτικὸν
1222 1155 1344 1223 ’ὑπὲρ
1370 1156 1647 1223 Ἀντιοχέων
1684 1157 1766 1207 καὶ
1796 1157 1884 1207 τὸν

198 1230 320 1297 πρὸς
371 1235 622 1296 Ἀντιοχεῖς
672 1230 780 1297 περὶ
829 1239 916 1296 τῆς
964 1238 1051 1280 τοῦ
1101 1229 1334 1296 βασιλέως
1384 1229 1555 1298 ὀργῆς,
1605 1230 1724 1280 ἀλλὰ
1769 1232 1880 1281 τού-

198 1324 313 1365 τους
353 1303 440 1370 μὲν
478 1305 593 1364 τοὺς
630 1304 806 1371 λόγους
844 1304 966 1369 φασὶ
1014 1305 1274 1371 γράψαντα
1312 1304 1396 1354 τὸν
1435 1305 1675 1370 σοφιστὴν
1713 1304 1882 1370 μηκέτι

197 1379 265 1438 εἰς
305 1378 516 1438 πολλοὺς
553 1373 837 1446 εἰρηκέναι),
876 1373 1077 1446 pau102)
1117 1382 1231 1443 post
1262 1396 1409 1442 quam
1440 1381 1708 1443 imperator
1737 1380 1882 1427 Anti-

198 1454 390 1501 ochiam
431 1453 493 1503 ad
530 1454 714 1501 bellum
752 1454 913 1501 Persis
952 1454 1260 1501 inferendum
1304 1453 1506 1515 reliquit
1549 1454 1601 1501 id
1649 1456 1722 1502 est
1767 1457 1881 1516 post

198 1528 327 1575 diem
368 1530 598 1589 quartum
636 1528 816 1575 mensis
854 1527 1024 1575 Martii
1065 1530 1180 1575 anni
1221 1529 1324 1575 363
1367 1527 1429 1575 ad
1467 1530 1593 1575 iram
1632 1529 1734 1576 eius
1772 1528 1878 1590 pla-

197 1602 402 1649 candam
439 1603 715 1665 conscripta
727 1595 768 1668 3)
803 1604 877 1649 est
907 1603 1055 1663 atque
1082 1602 1154 1649 ita
1188 1602 1398 1663 quidem,
1430 1604 1487 1649 ut
1517 1602 1651 1649 urbis
1683 1604 1880 1650 nomine

198 1676 258 1723 ab
289 1677 397 1738 ipso
429 1691 593 1723 coram
632 1677 926 1737 imperatore
957 1676 1128 1723 habita
1165 1691 1267 1724 esse
1298 1676 1538 1724 videatur.
1607 1676 1678 1722 Re
1711 1678 1878 1723 autem

195 1933 232 1976 B
307 1877 358 1976 11)
411 1875 545 1919 Unde
593 1875 791 1931 sumpsit
836 1874 1045 1918 Historia
1092 1874 1253 1919 eccles,
1287 1875 1392 1931 trip.
1419 1875 1483 1918 VI
1514 1879 1571 1918 40
1616 1890 1660 1931 p.
1687 1879 1772 1919 468
1804 1875 1904 1919 ed.·

237 1934 335 1977 asi.
366 1939 492 1977 1523.

314 1995 357 2048 2)
402 1992 631 2036 Nuntium
661 2006 813 2036 rerum
844 1992 1098 2048 primarum
1130 2007 1158 2036 a
1187 1993 1369 2036 Iuliano
1410 1992 1610 2036 feliciter
1640 1994 1876 2049 gestarum

195 2052 289 2094 iam
319 2051 619 2095 Antiochiam
657 2051 835 2094 venisse
872 2053 1104 2094 monstrat
1139 2051 1327 2094 initium
1363 2051 1598 2094 orationis.
1661 2050 1877 2106 Epistula

194 2124 300 2154 vero
345 2115 427 2154 736
471 2124 563 2153 non
605 2111 890 2153 momentum
933 2124 1024 2166 quo
1066 2110 1289 2153 Libanius
1319 2109 1550 2152 Iulianum
1598 2109 1658 2152 ad
1700 2109 1874 2153 bellum

194 2169 564 2226 proficiscentem
604 2170 876 2225 prosecutus
920 2170 1010 2222 est,
1059 2168 1140 2212 sed
1181 2168 1310 2225 prius
1354 2168 1635 2224 colloquium
1679 2169 1874 2223 spectat,

196 2229 326 2271 cuius
365 2230 413 2273 et
453 2228 502 2271 in
539 2228 628 2271 hac
666 2227 769 2284 ipsa
808 2227 1016 2271 oratione
1059 2232 1162 2280 §82
1195 2243 1238 2284 p.
1268 2231 1366 2281 153,
1393 2231 1446 2270 15
1486 2228 1534 2271 et
1574 2227 1624 2269 in
1662 2227 1874 2282 sequenti

197 2293 220 2341 ξ
249 2294 270 2331 1
304 2303 348 2344 p.
370 2292 468 2341 160,
494 2292 599 2343 3sq.
632 2287 806 2330 mentio
837 2286 965 2329 facta
996 2287 1078 2329 est.

316 2349 358 2403 3)
407 2346 705 2398 Querelarum
747 2346 804 2389 de
841 2345 1144 2388 Antiochenis
1185 2357 1212 2386 a
1251 2344 1431 2387 Iuliano
1469 2358 1626 2388 mense
1658 2344 1872 2388 Ianuario

194 2404 331 2447 huius
363 2406 473 2448 anni
503 2405 796 2462 Misopogoni
834 2405 908 2448 vel
938 2404 1211 2447 Antiochino
1243 2403 1519 2447 insertarum
1561 2403 1648 2447 etsi
1687 2417 1779 2446 non
1812 2404 1872 2446 ad

194 2464 396 2519 verbum,
421 2465 578 2508 tamen
601 2477 759 2508 revera
782 2463 1009 2506 rationem
1025 2462 1180 2507 habet.
1233 2462 1479 2506 Libanium
1504 2464 1659 2506 autem
1683 2475 1871 2519 operam

198 2522 473 2565 adiutricem
517 2523 696 2566 Iuliano
743 2522 793 2565 in
834 2522 1137 2579 Misopogone
1181 2521 1462 2565 conficiendo
1509 2535 1703 2564 navasse
1750 2535 1871 2564 com—

194 2582 401 2624 mentum
433 2583 502 2624 est
532 2581 899 2637 magistellorum
940 2580 1122 2624 serioris
1162 2580 1330 2624 aetatis
1367 2594 1610 2636 perperam
1647 2580 1875 2635 interpre-

194 2641 397 2682 tatorum
430 2639 639 2696 Gregorii
680 2641 729 2683 in
760 2639 991 2683 Iulianum
1031 2654 1109 2695 στη
1113 2639 1363 2683 λιτευτικὸν
1404 2639 1622 2694 alterum,
1657 2640 1710 2681 ut
1741 2638 1872 2681 Eliae

197 2697 425 2741 Cretensis
457 2698 553 2753 (lat
580 2712 693 2742 vers,
720 2699 788 2742 ed.
807 2699 942 2742 Antv.
967 2714 1011 2755 p.
1031 2701 1132 2755 231)
1167 2700 1213 2741 et
1236 2698 1400 2740 Basilii
1434 2697 1750 2741 Caesareensis
1782 2697 1869 2752 (ed

194 2757 401 2800 Boisson.
427 2756 578 2799 Notio.
613 2759 660 2800 et
690 2757 814 2800 Extr.
840 2757 902 2800 XI
925 2772 968 2813 p.
990 2762 1072 2800 126
1107 2779 1161 2793 =
1194 2757 1352 2828 Migne
1375 2756 1498 2799 Patr.
1525 2771 1590 2814 gr
1623 2758 1655 2799 13.
1681 2755 1872 2799 XXXVI

196 2815 281 2859 col.
310 2820 421 2859 1156
454 2814 598 2858 πολλα
630 2814 850 2873 στίγματα
882 2817 943 2865 ὡς
972 2814 1203 2871 προσόντα
1234 2821 1290 2872 τῇ
1316 2812 1581 2872 Ἀντιοχέων
1611 2812 1741 2858 πόλει
1774 2813 1868 2858 ἐνέ-

195 2874 342 2926 στιξεν
367 2873 514 2934 ἑαυτῷ
537 2871 821 2930 (Ἰουλιανὸς)
839 2873 1065 2932 Λιβανίου
1091 2873 1494 2930 συμπεπονηκότος
1515 2880 1570 2931 τῇ
1596 2875 1869 2930 συγγραφῇ)
