2060 3162
190 190 301 244 564
702 190 932 235 LIBANII
964 190 1187 236 ORATIO
1219 191 1348 236 XXV

190 326 395 395 ἑστᾶσι,
433 334 565 389 τοῖς
589 325 655 379 δέ
689 324 842 381 ἐστιν
879 326 1262 396 ὑποδεεστέρα,
1307 320 1392 390 οἷς
1432 328 1499 396 δὴ
1540 324 1881 397 ξυμβέβηκεν

190 416 292 469 οὐκ
343 417 535 486 ἄρχειν·
586 415 869 484 <μᾶλλον>
917 416 1102 469 ἄλλων
1155 416 1188 485 ἢ
1241 423 1406 469 τοῦτο
1433 416 1707 486 πάσχειν.
1783 418 1881 470 τὸν

188 505 291 574 γὰρ
348 504 520 558 αὐτὸν
574 504 759 574 εὕροις
813 505 897 574 ἄν,
951 505 1134 575 ὥσπερ
1190 503 1274 558 ἐπ’
1315 506 1491 568 οἰκίας
1542 508 1880 576 τριωρόφου,

187 600 287 645 τοῦ
342 590 443 660 μὲν
491 592 764 663 ἀνωτέρω,
817 601 918 647 τοῦ
967 590 1028 646 δὲ
1074 594 1356 663 ὑποκάτω,
1410 595 1500 647 καὶ
1553 596 1760 658 πολλὰς
1811 594 1881 647 ἂν

145 703 166 736 5
189 683 436 745 κατίδοις
474 683 653 752 χώρας
691 681 871 755 μέτρῳ
912 683 1277 751 διεστηκυίας,
1319 682 1390 751 ἣν
1429 683 1535 736 ἀπὸ
1584 691 1679 752 τῆς
1725 682 1880 753 ἐσχά-

187 790 281 840 της
330 771 364 840 ἢ
419 772 522 840 τὴν
576 771 788 841 ἀγορὰν
841 769 1213 840 ἐπιτροπεύει,
1274 773 1411 842 πρὸς
1462 773 1564 841 τὴν
1615 776 1882 842 μεγίστην

187 860 491 931 ἀναβαίνῃς
530 860 705 930 ἀρχὴν
742 860 775 928 ἢ
815 861 948 927 μετὰ
986 870 1099 914 τῶν
1145 861 1328 914 ἄλλων
1365 860 1475 914 ὑπὸ
1514 869 1579 931 τῇ
1627 864 1881 934 βασιλείᾳ

186 950 414 1017 γίνεται,
452 951 706 1017 βασιλεία
745 950 807 1003 δὲ
844 950 954 1002 ὑπὸ
995 952 1200 1019 νόμοις.

299 1036 386 1091 58.
449 1039 638 1111 Τούτῳ
687 1035 747 1091 δὲ
794 1040 902 1107 ἄρα
947 1041 1090 1092 ε’ὀικε
1143 1037 1235 1092 καὶ
1282 1039 1344 1092 τὸ
1393 1038 1455 1093 ἐν
1500 1048 1617 1103 τοῖς
1655 1054 1879 1109 στρατο-

121 1148 164 1181 10
188 1125 391 1190 πέδοις.
468 1125 560 1179 καὶ
614 1128 718 1195 γὰρ
775 1126 887 1180 ἐκεῖ
938 1129 1294 1197 τριττύαρχοί
1343 1147 1402 1181 τε
1455 1127 1546 1181 καὶ
1600 1126 1881 1198 ταξίαρχοι

187 1217 468 1286 φύλαρχοί
509 1235 567 1269 τε
614 1215 706 1269 καὶ
754 1217 1015 1286 ἵππαρχοι
1061 1217 1152 1270 καὶ
1199 1221 1415 1285 πλῆθος
1462 1216 1663 1287 ἀρχῶν,
1717 1218 1882 1279 ἄλλος

185 1301 288 1372 μὲν
327 1306 499 1358 ἄλλου
539 1324 592 1357 τι
632 1304 806 1359 πλέον
843 1308 1000 1375 ἔχων,
1039 1306 1240 1368 πάντες
1280 1306 1341 1359 δὲ
1373 1307 1693 1374 συλλήβδην
1729 1308 1883 1359 ἔλατ-

184 1413 285 1446 τον
323 1402 423 1447 τοῦ
464 1402 790 1465 στρατηγοῦ.
868 1395 1035 1458 αὐτὸς
1085 1394 1150 1448 δέ
1197 1414 1259 1463 γε
1306 1391 1469 1457 οὗτος
1508 1395 1537 1448 ὁ
1578 1395 1882 1465 στρατηγὸς

95 1494 276 1539 RH84
317 1482 376 1536 οἵ
408 1502 467 1536 τε
505 1484 639 1552 μετὰ
676 1491 879 1536 τοῦτον
917 1485 1177 1553 ἄρχοντες
1228 1485 1468 1553 δρῶντες
1524 1481 1531 1555 Ι
1589 1483 1721 1536 ἅττα
1760 1482 1881 1537 ἑθέ-

121 1593 163 1626 15
187 1574 364 1639 λουσι,
403 1573 637 1641 πάσχειν
676 1571 926 1625 δύναιντ’
958 1571 1028 1626 ἂν
1067 1574 1200 1626 ἄττα
1238 1572 1310 1625 ἂν
1348 1573 1451 1625 οὐκ
1483 1570 1750 1625 ἐθέλοιεν.
1810 1572 1881 1641 ἢν

185 1660 309 1731 γάρ,
357 1656 534 1730 οἶμαι,
580 1669 830 1732 παραστῇ
877 1671 994 1724 τοῖς
1032 1661 1319 1729 ἑπομένοις
1364 1662 1452 1730 μὴ
1477 1660 1735 1730 ἔπεσθαι,
1789 1662 1882 1714 τύ-

184 1747 359 1803 πτοιτ’
390 1748 461 1803 ἂν
514 1759 630 1813 τοῖς
685 1751 904 1820 ξίφεσιν
957 1749 986 1804 ὁ
1020 1748 1369 1821 στρατηγός,
1433 1743 1554 1803 οἷόν
1607 1770 1661 1802 τι
1714 1750 1881 1802 πάλαι

306 1901 331 1939 3
366 1896 422 1940 cf.
458 1897 519 1940 ad.
550 1898 582 1940 t.
609 1895 630 1938 I
660 1911 705 1952 p.
733 1900 832 1950 515,
852 1901 878 1940 6

307 2034 330 2072 1
365 2028 549 2073 ἑστᾶσιν
580 2029 626 2073 A
668 2031 673 2084 Ι
715 2028 919 2083 ,,ἅπασιν
944 2035 1051 2085 post
1081 2026 1365 2086 ξυμβέβηκεν
1397 2029 1542 2073 deesse
1573 2029 1780 2073 videtur-‘⁶
1812 2029 1881 2071 Re

247 2093 272 2131 2
306 2090 476 2143 μᾶλλον
500 2088 690 2143 inserui,
723 2088 851 2143 quod
874 2103 958 2144 pro
985 2087 1133 2132 ἄλλων
1159 2087 1457 2131 scribendum
1482 2087 1586 2131 coni
1602 2088 1671 2131 Re
1699 2090 1704 2145 Ι
1733 2087 1882 2131 ἄλλων

185 2147 236 2190 in
267 2146 405 2191 ἄλλον
437 2161 539 2190 corr
564 2147 648 2191 Mo
799 2151 827 2189 4
863 2145 1099 2202 ἀνωτέρωι
1123 2147 1168 2190 Α
1320 2151 1346 2190 5
1394 2144 1453 2202 ἣν
1488 2147 1567 2191 CA
1600 2146 1682 2190 sed
1713 2147 1762 2189 in
1792 2146 1882 2189 hoc

189 2206 239 2249 in
271 2204 331 2262 ἢν
364 2220 465 2250 corr
495 2222 555 2249 m.
580 2207 767 2261 recenh„
803 2207 888 2250 Mo
978 2202 1036 2260 ἢν
1069 2205 1321 2248 delendum
1354 2203 1458 2249 coni
1482 2205 1551 2249 Re
1672 2209 1697 2247 6
1730 2203 1759 2260 ἢ
1791 2205 1886 2249 AP

187 2266 269 2310 sed
300 2265 350 2308 in
380 2262 508 2309 hoc'
545 2263 629 2309 in
671 2241 785 2319 cori,
820 2266 999 2309 MoIM
1006 2266 1049 2309 V
1073 2264 1175 2307 Mor
1202 2265 1207 2320 Ι
1236 2263 1529 2319 ἐπιτροπεύει
1560 2264 1606 2307 Α
1646 2263 1727 2307 sed
1760 2279 1800 2308 ει
1832 2263 1881 2306 in

186 2342 215 2381 η
249 2338 352 2368 corr
382 2340 443 2368 m.
468 2326 638 2368 recent.
733 2323 1014 2381 ἐπιτροπεύῃ
1047 2325 1093 2367 Ρ
1122 2323 1263 2379 sedo]
1295 2323 1345 2365 in
1377 2339 1418 2367 ει
1450 2337 1551 2366 corr
1581 2322 1664 2378 111⁸,
1707 2323 1778 2367 ΠΙ
1785 2324 1828 2367 V

188 2388 211 2426 7
246 2382 516 2457 ἀναβαίνῃς
539 2383 704 2439 scripsi
737 2396 762 2427 e
787 2384 832 2427 B
909 2380 1183 2440 ἀναβαίνων
1215 2381 1384 2437 reliqui
1415 2382 1525 2424 libri
1552 2381 1643 2425 edd
1684 2383 1690 2438 Ι
1731 2379 1758 2438 ἢ
1791 2383 1885 2426 AP

192 2443 273 2486 sed
306 2442 354 2485 in
385 2440 516 2487 hoc'
551 2443 599 2486 in
626 2441 636 2458 ‘
678 2456 780 2486 corr
801 2441 884 2497 m³‚
919 2443 1098 2486 MoIM
1105 2441 1149 2484 V
1172 2441 1274 2484 Mor
1395 2446 1420 2484 8
1453 2439 1630 2498 γίνεται
1661 2442 1707 2485 Α
1738 2441 1821 2485 sed
1851 2459 1879 2497 η

188 2515 330 2558 supra
362 2517 382 2545 ε
413 2515 498 2558 pos
529 2517 588 2545 m.
615 2503 785 2546 recent.
872 2498 1057 2603 γίνητοῆι
1088 2502 1135 2545 Ρ
1163 2500 1245 2543 sed
1277 2518 1305 2556 η
1338 2500 1385 2543 in
1420 2516 1440 2544 ε
1473 2514 1575 2544 corr
1598 2500 1681 2555 m3,
1715 2501 1828 2545 MV

187 2587 265 2646 γίν
287 2604 366 2633 ται
396 2604 502 2633 cum
532 2603 608 2633 ras
643 2594 666 2633 1
699 2589 779 2633 litt
812 2590 856 2634 U
929 2587 1107 2646 γίνεται
1130 2590 1166 2632 Ι
1234 2586 1439 2646 γίγνεται
1470 2589 1539 2632 Re
1566 2591 1573 2646 Ι
1601 2586 1789 2647 βασιλέα
1824 2589 1886 2631 Μ

248 2682 273 2721 9
307 2665 453 2722 τούτω
479 2680 524 2723 Β
606 2685 743 2722 τοῦτο
771 2679 834 2722 Μ
870 2679 876 2732 Ι
912 2677 992 2720 καὶ
1014 2676 1066 2721 τὸ
1100 2691 1174 2721 om
1199 2677 1301 2720 Mor
1340 2679 1345 2733 Ι
1383 2684 1480 2727 τοῖς
1511 2691 1586 2720 om
1612 2678 1697 2721 Mo
1719 2675 1822 2719 Mor
1857 2699 1860 2702 -

191 2742 245 2780 10
277 2735 570 2795 τριττύαρχοί
595 2738 641 2780 Ρ
669 2738 752 2781 sed
774 2754 803 2780 v
835 2737 884 2780 in
908 2749 982 2779 ras
1016 2735 1107 2779 et'
1141 2749 1368 2792 suprapos
1391 2736 1462 2779 m³
1520 2732 1812 2809 τριττυαρχοί
1835 2736 1879 2778 Α

189 2795 271 2839 sed
301 2814 330 2840 v
362 2796 411 2839 in
442 2809 517 2839 ras
549 2811 609 2840 m.
634 2797 805 2840 recent.
867 2794 1160 2852 τριττυαρχοι
1194 2796 1238 2839 V
1297 2795 1466 2850 τριττοὶ
1499 2792 1636 2852 ἀρχοί
1670 2796 1754 2838 Mo
1779 2793 1881 2836 Mor

192 2883 199 2943 Ι
232 2882 474 2958 ταξίαρχοι
499 2885 545 2927 Ρ
573 2885 654 2928 sed
680 2901 704 2928 ο
729 2885 779 2927 in
803 2897 878 2927 ras
901 2883 971 2926 m²
1094 2888 1145 2926 11
1180 2899 1382 2939 υπαρχοι
1408 2885 1493 2927 Mo
1552 2881 1756 2939 ὕπαρχοι
1778 2880 1882 2924 Mor

252 2947 305 2986 12
337 2941 382 2986 τί
415 2944 602 2988 MoBV
619 2943 722 2986 Mor
843 2948 897 2986 14
931 2942 975 2986 οἱ
1007 2944 1071 2998 (τε
1104 2941 1216 2999 μετὰ
1246 2949 1412 2986 τοῦτον
1444 2942 1536 2998 om>
1569 2941 1790 3015 ἄρχοντες
1823 2966 1878 2971 —-

191 3005 245 3044 15
278 3000 488 3046 ἐθέλοιεν
521 3002 638 3045 citata
669 3003 829 3046 Macar
859 3001 939 3045 fol.
967 3005 1046 3044 92
1169 3005 1223 3044 15
1256 2997 1354 3044 ἅττ’
1387 3001 1457 3056 Vl
1486 3001 1571 3044 οὐκ
1602 2998 1661 3043 ἂν
1686 3000 1731 3043 Β
