2054 3140
120 510 176 549 94

114 2576 167 2615 95

211 136 281 189 58
742 135 969 179 LIBANH
1000 135 1222 180 ORATIO
1256 137 1362 180 xm

208 276 393 339 poteris
433 278 552 338 quin
591 276 721 323 idem
760 276 910 325 codex
949 277 1027 324 sit.
1104 275 1173 325 Of.
1206 294 1252 338 p.
1289 278 1371 325 61.
1447 276 1713 326 Adhibitus
1754 279 1829 326 est
1863 293 1892 325 a

208 351 322 398 Fed.
361 351 589 411 Morello,
627 352 688 397 ut
725 351 856 398 infra
896 344 965 416 (p.
1001 343 1094 417 61)
1135 350 1501 412 demonstrabo,
1542 353 1590 398 et
1630 368 1659 400 a
1697 351 1892 400 Boisso-

207 424 353 472 nadio
406 418 489 490 (cf.
529 427 565 471 t.
597 423 621 470 I
658 441 705 485 p.
743 417 847 490 78).
925 424 1035 486 Ipse
1076 424 1292 472 codicem
1340 441 1466 473 anno
1503 426 1644 474 1880
1684 425 1889 487 inspexi.

320 500 404 545 47.
449 499 838 546 Taurinensis
878 515 955 561 gr.
993 500 1095 546 172
1138 499 1423 547 chartaceus
1462 500 1648 547 formae
1689 505 1891 548 octavae

206 572 408 620 maioris
433 572 620 619 saeculi
642 571 735 619 XV
759 572 979 621 continet
1009 574 1124 634 post
1146 572 1325 620 Isidori
1347 573 1627 622 Pelusiotae
1653 573 1890 635 epistulas

206 639 313 712 (fol.
351 639 421 712 1),
470 644 665 708 Synesii
704 646 942 708 epistulas
982 648 1031 694 et
1069 648 1316 694 orationes
1358 639 1464 713 (fol.
1501 641 1592 714 16)
1638 640 1892 714 (συνεσίου

202 719 476 784 κυρηναίου
522 718 792 769 ἐπισκόπου
839 719 1159 783 πτολεμαίὸος
1196 718 1442 769 ἐπιστολαὶ
1491 718 1574 769 καὶ
1612 720 1747 787 λόγοι
1786 720 1893 770 διά-

205 786 375 860 φοροι)
414 793 528 841 inde
570 810 599 842 a
636 794 756 841 folio

317 860 441 933 96¹)
480 868 705 931 λιμονίου
747 861 863 934 (sic)
905 874 1141 930 σοφιστοῦ
1179 866 1426 917 ἐπιστολαὶ
1464 866 1546 917 καὶ
1587 866 1793 932 μελέταις

313 943 387 990 Ac
417 941 634 1003 primum
667 942 867 1003 quidem
897 945 1015 990 sunt
1046 942 1290 1004 epistulae
1323 945 1450 1004 octo,
1489 958 1699 1004 quarum
1727 943 1890 1006 prima

203 1018 277 1064 est
308 1015 515 1080 βηλαίω·
562 1009 781 1081 Ἐγένετό
815 1034 898 1079 μοι
930 1015 1072 1078 φίλος
1108 1012 1198 1079 (--
1234 1033 1308 1078 ep.
1336 1010 1482 1083 730),
1520 1017 1698 1065 ultima
1731 1017 1891 1081 δημη-

202 1088 337 1157 τρίω·
379 1087 536 1153 αὐτήν
573 1107 621 1138 τε
659 1089 843 1153 ταύτην
883 1083 976 1157 (=
1013 1084 1119 1157 31).
1200 1089 1435 1152 Sequitur

312 1165 397 1211 fol.
438 1165 568 1212 100V
618 1163 843 1228 λιβανίου
894 1170 1132 1226 σοφιστοῦ
1182 1163 1304 1229 πρὸς
1346 1162 1616 1212 ἰουλιανὸν·
1659 1162 1890 1228 ἐπανήκει

203 1236 320 1301 μετὰ
357 1244 455 1286 τῶν
494 1237 638 1304 ἱερῶν
676 1239 707 1285 i.
735 1237 1326 1303 eslloootpoevnuxog.
1403 1239 1516 1287 Des.
1549 1238 1634 1286 fol.
1672 1241 1814 1287 107&

314 1311 594 1360 Succedunt
632 1312 838 1360 diversis
869 1312 1097 1360 manibus
1128 1313 1341 1374 scriptae
1374 1313 1502 1360 aliae
1535 1313 1794 1374 epistulae,
1833 1327 1891 1360 ac

201 1386 417 1448 primum
457 1386 656 1447 quidem
696 1387 788 1447 28,
834 1402 1043 1448 quarum
1080 1387 1241 1448 prima
1278 1393 1485 1451 γαιανῶ·
1542 1385 1762 1448 φοίνικες
1802 1383 1891 1449 μὲν

202 1457 507 1508 ἀπολαύουσι
548 1453 642 1526 (=
669 1453 816 1527 690),
854 1461 1032 1508 ultima
1064 1459 1221 1526 ὥσπερ
1254 1454 1328 1519 οἷς
1360 1459 1582 1524 ἔπεμψας
1618 1453 1713 1527 (=
1743 1453 1890 1526 128),

201 1533 374 1582 deinde
411 1533 525 1582 inde
566 1549 595 1581 a
633 1534 753 1582 folio

314 1609 445 1656 119V
465 1609 546 1668 19,
565 1623 773 1669 quarum
789 1609 950 1670 prima
974 1614 1203 1656 τατιανῶ·
1233 1605 1516 1656 ἐπαινοῦντι
1533 1625 1615 1671 μοι
1633 1601 1726 1675 (---
1745 1601 1888 1674 241),

199 1682 377 1729 ultima
401 1679 659 1730 ἀνατολίω·
700 1679 793 1746 ἐγὼ
817 1680 932 1740 τοὺς
963 1679 1107 1740 ὄντας
1139 1700 1222 1745 μοι
1282 1703 1352 1720 =
1380 1683 1484 1731 394
1498 1675 1564 1746 a),
1603 1682 1676 1729 ita
1706 1684 1889 1743 tamen,

199 1757 257 1802 ut
286 1756 417 1803 inter
445 1756 535 1803 has
571 1756 691 1804 duas
730 1758 896 1818 partes
935 1756 1049 1804 inde
1089 1772 1118 1803 a
1149 1757 1269 1804 folio
1299 1758 1429 1804 116*
1466 1771 1621 1818 usque
1660 1756 1720 1804 ad
1759 1757 1890 1804 119V

199 1830 494 1891 interposita
533 1831 598 1877 sit
644 1830 959 1878 declamatio:
1005 1830 1231 1893 λιβανίου
1271 1836 1507 1892 σοφιστοῦ
1545 1828 1890 1896 πρεσβευτικὸς

199 1902 323 1969 πρὸς
361 1902 475 1961 τοὺς
512 1910 668 1968 τρῶας
706 1900 828 1969 ὑπὲρ
867 1910 955 1967 τῆς
993 1901 1170 1967 ἕλε’νης.
1227 1901 1469 1967 μενέλαος.

311 1977 432 2024 Inde
472 1992 501 2024 a
539 1977 659 2025 folio
696 1979 797 2025 127
840 1980 1113 2038 sequuntur

309 2057 396 2099 τοῦ
447 2050 734 2113 σοφωτάτου
784 2048 866 2098 καὶ
911 2050 1205 2115 λογιωτάτου
1251 2050 1548 2115 πατριάρχου
1594 2064 1886 2099 κωνσταντι-

201 2123 480 2183 νουπόλεως
509 2130 666 2190 πυροῦ
698 2124 963 2190 γρηγορίου
995 2131 1081 2172 τοῦ
1113 2123 1325 2189 κυπρίου
1356 2122 1604 2172 ἐπιστολαί
1632 2126 1681 2172 et
1710 2124 1823 2172 inde
1857 2140 1886 2172 a

310 2199 396 2246 fol.
431 2200 535 2246 134
576 2199 677 2245 alia
707 2214 858 2246 manu
898 2201 1099 2246 exarata
1138 2198 1433 2246 declamatio
1472 2197 1671 2245 Libanii
1711 2201 1885 2262 φιλαρ-

199 2270 354 2337 γύρου
393 2275 511 2330 παῖς
549 2269 833 2337 ἀριστεύσας
870 2269 1048 2336 ᾔτησεν
1087 2271 1156 2330 εἰς
1196 2270 1383 2337 δωρεὰν
1421 2275 1583 2319 θαλοῦ
1623 2269 1884 2335 στέφανον,

202 2361 326 2406 quae
366 2345 548 2394 desinit
584 2346 705 2394 folio
745 2347 922 2394 ultimo
963 2347 1143 2394 codicis
1179 2347 1308 2394 138v
1346 2345 1507 2394 verbis
1546 2343 1628 2393 καὶ
1659 2343 1768 2411 περὶ
1798 2351 1886 2409 τῆς

201 2417 390 2477 οὐσίας·
432 2413 507 2478 οἷς
544 2418 634 2484 γὰρ
677 2413 773 2486 (IV
807 2421 927 2480 636,
961 2413 1068 2486 30).

314 2491 539 2540 Codicem
578 2509 707 2541 anno
752 2494 892 2542 1870
931 2494 1136 2555 inspexi.

349 2567 433 2612 48.
488 2567 858 2615 Monacensis
897 2584 974 2630 gr.
1015 2566 1055 2614 L
1106 2567 1390 2614 chartaceus
1430 2566 1482 2612 in
1521 2566 1640 2614 folio
1688 2566 1882 2613 saeculo

199 2638 318 2685 XVI
348 2643 575 2688 exaratus
606 2640 764 2688 tribus
804 2641 1045 2700 manibus,
1085 2655 1294 2702 quarum
1333 2639 1543 2687 secunda
1583 2641 1657 2687 est
1687 2638 1884 2686 Nicolai

199 2823 428 2868 falconius
472 2825 629 2878 vertit,
678 2824 938 2868 accuratius
982 2823 1195 2879 praebet:
1244 2820 1457 2882 λιβανίου
1499 2822 1883 2878 προσφωνητικὸς

202 2883 439 2927 ἰουλιανῶ·
473 2890 554 2927 τοῦ
588 2884 730 2926 αὐτοῦ
764 2883 998 2927 ἐπιστολαὶ
1028 2888 1068 2926 δ.

320 2944 362 2999 1)
394 2929 527 2985 Folia
561 2946 702 2986 1-95
736 2941 829 2985 alia
860 2954 1002 2985 manu
1034 2941 1207 2996 scripta
1239 2942 1347 2984 sunt
1379 2941 1520 2995 atque
1553 2938 1809 2996 sequentia.
