<?xml version="1.0" encoding="UTF-8"?>
<!DOCTYPE html PUBLIC "-//W3C//DTD XHTML 1.0 Transitional//EN"
    "http://www.w3.org/TR/xhtml1/DTD/xhtml1-transitional.dtd">
<html xmlns="http://www.w3.org/1999/xhtml" xml:lang="en" lang="en">
 <head>
  <title>
</title>
<meta http-equiv="Content-Type" content="text/html;charset=utf-8" />
  <meta name='ocr-system' content='tesseract 3.04.00' />
  <meta name='ocr-capabilities' content='ocr_page ocr_carea ocr_par ocr_line ocrx_word'/>
</head>
<body>
  <div class='ocr_page' id='page_1' title='image "./operarecensuitri02libauoft_0048.png"; bbox 0 0 2054 3140; ppageno 0'>
   <div class='ocr_carea' id='block_1_1' title="bbox 191 135 1343 190">
    <p class='ocr_par' dir='ltr' id='par_1_1' title="bbox 191 135 1343 190">
     <span class='ocr_line' id='line_1_1' title="bbox 191 135 1343 190; baseline 0.003 -11"><span class='ocrx_word' id='word_1_1' title='bbox 191 138 260 190; x_wconf 81' lang='lat'><em>38</em></span> <span class='ocrx_word' id='word_1_2' title='bbox 744 138 971 181; x_wconf 82' lang='lat' dir='ltr'><strong>LIBANII</strong></span> <span class='ocrx_word' id='word_1_3' title='bbox 1001 135 1225 182; x_wconf 77' lang='lat' dir='ltr'><strong>ORATIO</strong></span> <span class='ocrx_word' id='word_1_4' title='bbox 1258 138 1343 182; x_wconf 81' lang='grc' dir='ltr'><em>ΧΠ</em></span> 
     </span>
    </p>
   </div>
   <div class='ocr_carea' id='block_1_2' title="bbox 97 272 1875 2384">
    <p class='ocr_par' dir='ltr' id='par_1_2' title="bbox 97 272 1875 2384">
     <span class='ocr_line' id='line_1_2' title="bbox 190 272 1873 346; baseline 0.001 -20"><span class='ocrx_word' id='word_1_5' title='bbox 190 275 479 343; x_wconf 90' lang='grc' dir='ltr'><em>δεχόμενος</em></span> <span class='ocrx_word' id='word_1_6' title='bbox 518 272 815 343; x_wconf 79' lang='grc' dir='ltr'><em>ἀνίσχοντα</em></span> <span class='ocrx_word' id='word_1_7' title='bbox 854 275 952 326; x_wconf 92' lang='grc' dir='ltr'><em>τὸν</em></span> <span class='ocrx_word' id='word_1_8' title='bbox 990 276 1147 342; x_wconf 86' lang='grc' dir='ltr'><em>θεόν,</em></span> <span class='ocrx_word' id='word_1_9' title='bbox 1187 274 1371 343; x_wconf 81' lang='grc' dir='ltr'><em>αἵματι</em></span> <span class='ocrx_word' id='word_1_10' title='bbox 1405 275 1466 328; x_wconf 81' lang='grc' dir='ltr'><em>δὲ</em></span> <span class='ocrx_word' id='word_1_11' title='bbox 1495 275 1873 346; x_wconf 80' lang='grc' dir='ltr'><em>παραπέμπων</em></span> 
     </span>
     <span class='ocr_line' id='line_1_3' title="bbox 189 362 1873 432; baseline 0.001 -17"><span class='ocrx_word' id='word_1_12' title='bbox 189 364 267 424; x_wconf 86' lang='grc' dir='ltr'><em>εἰς</em></span> <span class='ocrx_word' id='word_1_13' title='bbox 306 363 472 415; x_wconf 90' lang='grc' dir='ltr'><em>δύσιν</em></span> <span class='ocrx_word' id='word_1_14' title='bbox 510 362 600 414; x_wconf 83' lang='grc' dir='ltr'><em>καὶ</em></span> <span class='ocrx_word' id='word_1_15' title='bbox 639 362 810 414; x_wconf 80' lang='grc' dir='ltr'><em>ταύτὰ</em></span> <span class='ocrx_word' id='word_1_16' title='bbox 847 363 1015 414; x_wconf 78' lang='grc' dir='ltr'><em>πάλιν</em></span> <span class='ocrx_word' id='word_1_17' title='bbox 1053 372 1397 431; x_wconf 88' lang='grc' dir='ltr'><em>νυκτερινοῖς</em></span> <span class='ocrx_word' id='word_1_18' title='bbox 1429 362 1723 432; x_wconf 80' lang='grc' dir='ltr'><em>ἑτοιμάζων</em></span> <span class='ocrx_word' id='word_1_19' title='bbox 1756 365 1873 417; x_wconf 90' lang='grc' dir='ltr'><em>δαί-</em></span> 
     </span>
     <span class='ocr_line' id='line_1_4' title="bbox 188 448 1874 522; baseline 0.002 -19"><span class='ocrx_word' id='word_1_20' title='bbox 188 465 366 520; x_wconf 92' lang='grc' dir='ltr'><em>μοσιν.</em></span> <span class='ocrx_word' id='word_1_21' title='bbox 445 451 529 503; x_wconf 88' lang='grc'><em>81.</em></span> <span class='ocrx_word' id='word_1_22' title='bbox 583 455 710 503; x_wconf 77' lang='grc' dir='ltr'><em>εἵσω</em></span> <span class='ocrx_word' id='word_1_23' title='bbox 762 448 824 503; x_wconf 75' lang='grc' dir='ltr'><em>δὲ</em></span> <span class='ocrx_word' id='word_1_24' title='bbox 872 452 938 504; x_wconf 79' lang='grc' dir='ltr'><em>τὰ</em></span> <span class='ocrx_word' id='word_1_25' title='bbox 990 452 1166 504; x_wconf 80' lang='grc' dir='ltr'><em>πολλὰ</em></span> <span class='ocrx_word' id='word_1_26' title='bbox 1219 454 1574 521; x_wconf 81' lang='grc' dir='ltr'><em>κατεχόμενος</em></span> <span class='ocrx_word' id='word_1_27' title='bbox 1623 453 1730 506; x_wconf 86' lang='grc' dir='ltr'><em>ὑπὸ</em></span> <span class='ocrx_word' id='word_1_28' title='bbox 1778 460 1874 522; x_wconf 81' lang='grc' dir='ltr'><em>τῆς</em></span> 
     </span>
     <span class='ocr_line' id='line_1_5' title="bbox 187 538 1872 612; baseline 0.002 -21"><span class='ocrx_word' id='word_1_29' title='bbox 187 541 375 608; x_wconf 87' lang='grc' dir='ltr'><em>τύχης,</em></span> <span class='ocrx_word' id='word_1_30' title='bbox 416 538 530 592; x_wconf 80' lang='grc' dir='ltr'><em>ἐπεὶ</em></span> <span class='ocrx_word' id='word_1_31' title='bbox 569 540 641 608; x_wconf 89' lang='grc' dir='ltr'><em>μὴ</em></span> <span class='ocrx_word' id='word_1_32' title='bbox 679 538 892 609; x_wconf 88' lang='grc' dir='ltr'><em>τρέχειν</em></span> <span class='ocrx_word' id='word_1_33' title='bbox 932 541 1008 603; x_wconf 86' lang='grc' dir='ltr'><em>εἰς</em></span> <span class='ocrx_word' id='word_1_34' title='bbox 1040 541 1193 610; x_wconf 81' lang='grc' dir='ltr'><em>ἱερὸν</em></span> <span class='ocrx_word' id='word_1_35' title='bbox 1230 539 1357 611; x_wconf 86' lang='grc' dir='ltr'><em>παρ’</em></span> <span class='ocrx_word' id='word_1_36' title='bbox 1395 540 1603 612; x_wconf 79' lang='grc' dir='ltr'><em>ἡμέραν</em></span> <span class='ocrx_word' id='word_1_37' title='bbox 1642 544 1872 610; x_wconf 84' lang='grc' dir='ltr'><em>ἔνεστιν,</em></span> 
     </span>
     <span class='ocr_line' id='line_1_6' title="bbox 132 627 1874 701; baseline 0.001 -19"><span class='ocrx_word' id='word_1_38' title='bbox 132 649 164 682; x_wconf 56' lang='grc'><em>’5</em></span> <span class='ocrx_word' id='word_1_39' title='bbox 192 629 343 698; x_wconf 79' lang='grc' dir='ltr'><em>ἱερὸν</em></span> <span class='ocrx_word' id='word_1_40' title='bbox 372 636 609 681; x_wconf 86' lang='grc' dir='ltr'><em>ποιεῖται</em></span> <span class='ocrx_word' id='word_1_41' title='bbox 640 629 707 680; x_wconf 81' lang='grc' dir='ltr'><em>τὰ</em></span> <span class='ocrx_word' id='word_1_42' title='bbox 738 630 988 697; x_wconf 86' lang='grc' dir='ltr'><em>βασίλεια</em></span> <span class='ocrx_word' id='word_1_43' title='bbox 1018 627 1109 681; x_wconf 86' lang='grc' dir='ltr'><em>καὶ</em></span> <span class='ocrx_word' id='word_1_44' title='bbox 1141 630 1238 682; x_wconf 92' lang='grc' dir='ltr'><em>τὸν</em></span> <span class='ocrx_word' id='word_1_45' title='bbox 1273 638 1452 698; x_wconf 84' lang='grc' dir='ltr'><em>κῆπον</em></span> <span class='ocrx_word' id='word_1_46' title='bbox 1481 631 1874 701; x_wconf 85' lang='grc' dir='ltr'><em>καθαρώτερον</em></span> 
     </span>
     <span class='ocr_line' id='line_1_7' title="bbox 187 715 1873 787; baseline 0.002 -18"><span class='ocrx_word' id='word_1_47' title='bbox 187 726 298 770; x_wconf 81' lang='grc' dir='ltr'><em>τῶν</em></span> <span class='ocrx_word' id='word_1_48' title='bbox 345 715 470 786; x_wconf 88' lang='grc' dir='ltr'><em>παρ’</em></span> <span class='ocrx_word' id='word_1_49' title='bbox 512 715 680 780; x_wconf 78' lang='grc' dir='ltr'><em>ἐνίοις</em></span> <span class='ocrx_word' id='word_1_50' title='bbox 719 717 955 786; x_wconf 78' lang='grc' dir='ltr'><em>ἀδύτων,</em></span> <span class='ocrx_word' id='word_1_51' title='bbox 999 716 1089 770; x_wconf 85' lang='grc' dir='ltr'><em>καὶ</em></span> <span class='ocrx_word' id='word_1_52' title='bbox 1129 719 1417 786; x_wconf 90' lang='grc' dir='ltr'><em>γίγνονται</em></span> <span class='ocrx_word' id='word_1_53' title='bbox 1455 727 1571 782; x_wconf 88' lang='grc' dir='ltr'><em>τοῖς</em></span> <span class='ocrx_word' id='word_1_54' title='bbox 1609 716 1711 787; x_wconf 78' lang='grc' dir='ltr'><em>μὲν</em></span> <span class='ocrx_word' id='word_1_55' title='bbox 1750 718 1873 772; x_wconf 90' lang='grc' dir='ltr'><em>δέν-</em></span> 
     </span>
     <span class='ocr_line' id='line_1_8' title="bbox 189 804 1872 879; baseline 0.002 -21"><span class='ocrx_word' id='word_1_56' title='bbox 189 806 379 875; x_wconf 89' lang='grc' dir='ltr'><em>δρεσιν</em></span> <span class='ocrx_word' id='word_1_57' title='bbox 424 807 617 875; x_wconf 78' lang='grc' dir='ltr'><em>ἡδίους</em></span> <span class='ocrx_word' id='word_1_58' title='bbox 665 807 721 859; x_wconf 77' lang='grc' dir='ltr'><em>οἱ</em></span> <span class='ocrx_word' id='word_1_59' title='bbox 765 808 957 875; x_wconf 88' lang='grc' dir='ltr'><em>βωμοί,</em></span> <span class='ocrx_word' id='word_1_60' title='bbox 1011 815 1127 869; x_wconf 88' lang='grc' dir='ltr'><em>τοῖς</em></span> <span class='ocrx_word' id='word_1_61' title='bbox 1178 810 1385 876; x_wconf 84' lang='grc' dir='ltr'><em>βωμοῖς</em></span> <span class='ocrx_word' id='word_1_62' title='bbox 1431 804 1493 860; x_wconf 71' lang='grc' dir='ltr'><em>δὲ</em></span> <span class='ocrx_word' id='word_1_63' title='bbox 1538 809 1604 860; x_wconf 82' lang='grc' dir='ltr'><em>τὰ</em></span> <span class='ocrx_word' id='word_1_64' title='bbox 1655 806 1872 879; x_wconf 81' lang='grc' dir='ltr'><em>δένδρα.</em></span> 
     </span>
     <span class='ocr_line' id='line_1_9' title="bbox 188 892 1875 965; baseline 0.002 -19"><span class='ocrx_word' id='word_1_65' title='bbox 188 894 273 947; x_wconf 78' lang='grc'><em>82.</em></span> <span class='ocrx_word' id='word_1_66' title='bbox 328 896 389 947; x_wconf 91' lang='grc' dir='ltr'><em>τὸ</em></span> <span class='ocrx_word' id='word_1_67' title='bbox 438 892 499 947; x_wconf 78' lang='grc' dir='ltr'><em>δὲ</em></span> <span class='ocrx_word' id='word_1_68' title='bbox 545 895 856 963; x_wconf 76' lang='grc' dir='ltr'><em>κάλλιστον,</em></span> <span class='ocrx_word' id='word_1_69' title='bbox 905 897 971 948; x_wconf 89' lang='grc' dir='ltr'><em>οὐ</em></span> <span class='ocrx_word' id='word_1_70' title='bbox 1018 897 1121 964; x_wconf 78' lang='grc' dir='ltr'><em>γὰρ</em></span> <span class='ocrx_word' id='word_1_71' title='bbox 1172 894 1257 964; x_wconf 83' lang='grc' dir='ltr'><em>ἐφ’</em></span> <span class='ocrx_word' id='word_1_72' title='bbox 1294 896 1511 965; x_wconf 84' lang='grc' dir='ltr'><em>ὑψηλοῦ</em></span> <span class='ocrx_word' id='word_1_73' title='bbox 1561 899 1875 965; x_wconf 84' lang='grc' dir='ltr'><em>καθήμενος</em></span> 
     </span>
     <span class='ocr_line' id='line_1_10' title="bbox 186 983 1875 1055; baseline 0.002 -20"><span class='ocrx_word' id='word_1_74' title='bbox 186 984 219 1052; x_wconf 77' lang='grc' dir='ltr'>ἢ</span> <span class='ocrx_word' id='word_1_75' title='bbox 259 993 487 1054; x_wconf 79' lang='grc' dir='ltr'><em>χρυσαῖς</em></span> <span class='ocrx_word' id='word_1_76' title='bbox 534 983 724 1036; x_wconf 82' lang='grc' dir='ltr'><em>ἀσπίσι</em></span> <span class='ocrx_word' id='word_1_77' title='bbox 770 986 1216 1054; x_wconf 83' lang='grc' dir='ltr'><em>περικλειόμενος</em></span> <span class='ocrx_word' id='word_1_78' title='bbox 1262 983 1463 1054; x_wconf 81' lang='grc' dir='ltr'><em>ἑτέρων</em></span> <span class='ocrx_word' id='word_1_79' title='bbox 1509 986 1661 1055; x_wconf 84' lang='grc' dir='ltr'><em>χερσὶ</em></span> <span class='ocrx_word' id='word_1_80' title='bbox 1707 991 1875 1054; x_wconf 90' lang='grc' dir='ltr'><em>θερα-</em></span> 
     </span>
     <span class='ocr_line' id='line_1_11' title="bbox 121 1071 1873 1144; baseline 0.001 -18"><span class='ocrx_word' id='word_1_81' title='bbox 121 1095 164 1126; x_wconf 88' lang='lat'><em>10</em></span> <span class='ocrx_word' id='word_1_82' title='bbox 187 1074 343 1125; x_wconf 88' lang='grc' dir='ltr'><em>πεύει</em></span> <span class='ocrx_word' id='word_1_83' title='bbox 388 1074 518 1135; x_wconf 88' lang='grc' dir='ltr'><em>τοὺς</em></span> <span class='ocrx_word' id='word_1_84' title='bbox 563 1073 758 1142; x_wconf 83' lang='grc' dir='ltr'><em>θεούς,</em></span> <span class='ocrx_word' id='word_1_85' title='bbox 810 1071 925 1125; x_wconf 88' lang='grc' dir='ltr'><em>ἀλλ’</em></span> <span class='ocrx_word' id='word_1_86' title='bbox 966 1073 1262 1143; x_wconf 86' lang='grc' dir='ltr'><em>αὐτουργεῖ</em></span> <span class='ocrx_word' id='word_1_87' title='bbox 1307 1072 1396 1126; x_wconf 83' lang='grc' dir='ltr'><em>καὶ</em></span> <span class='ocrx_word' id='word_1_88' title='bbox 1442 1073 1745 1144; x_wconf 83' lang='grc' dir='ltr'><em>περιτρέχει</em></span> <span class='ocrx_word' id='word_1_89' title='bbox 1783 1075 1873 1127; x_wconf 81' lang='grc' dir='ltr'><em>καὶ</em></span> 
     </span>
     <span class='ocr_line' id='line_1_12' title="bbox 97 1159 1875 1232; baseline -0.001 -15"><span class='ocrx_word' id='word_1_90' title='bbox 97 1174 244 1217; x_wconf 84' lang='lat' dir='ltr'>R395</span> <span class='ocrx_word' id='word_1_91' title='bbox 285 1163 466 1231; x_wconf 81' lang='grc' dir='ltr'><em>σχίζης</em></span> <span class='ocrx_word' id='word_1_92' title='bbox 519 1162 742 1214; x_wconf 76' lang='grc' dir='ltr'><em>ἅπτεται</em></span> <span class='ocrx_word' id='word_1_93' title='bbox 791 1159 797 1232; x_wconf 89' lang='grc' dir='ltr'>Ι</span> <span class='ocrx_word' id='word_1_94' title='bbox 846 1160 937 1214; x_wconf 90' lang='grc' dir='ltr'><em>καὶ</em></span> <span class='ocrx_word' id='word_1_95' title='bbox 984 1162 1256 1231; x_wconf 76' lang='grc' dir='ltr'><em>μάχαιραν</em></span> <span class='ocrx_word' id='word_1_96' title='bbox 1311 1161 1523 1232; x_wconf 89' lang='grc' dir='ltr'><em>δέχεται</em></span> <span class='ocrx_word' id='word_1_97' title='bbox 1577 1164 1666 1215; x_wconf 82' lang='grc' dir='ltr'><em>καὶ</em></span> <span class='ocrx_word' id='word_1_98' title='bbox 1721 1165 1875 1232; x_wconf 80' lang='grc' dir='ltr'><em>ὄρνις</em></span> 
     </span>
     <span class='ocr_line' id='line_1_13' title="bbox 188 1249 1874 1321; baseline 0.001 -18"><span class='ocrx_word' id='word_1_99' title='bbox 188 1249 448 1321; x_wconf 82' lang='grc' dir='ltr'><em>ἀνέρρηξε</em></span> <span class='ocrx_word' id='word_1_100' title='bbox 481 1250 570 1303; x_wconf 83' lang='grc' dir='ltr'><em>καὶ</em></span> <span class='ocrx_word' id='word_1_101' title='bbox 602 1251 668 1302; x_wconf 84' lang='grc' dir='ltr'><em>τά</em></span> <span class='ocrx_word' id='word_1_102' title='bbox 699 1251 866 1303; x_wconf 84' lang='grc' dir='ltr'><em>ἔνδον</em></span> <span class='ocrx_word' id='word_1_103' title='bbox 898 1251 1000 1304; x_wconf 84' lang='grc' dir='ltr'><em>οὐκ</em></span> <span class='ocrx_word' id='word_1_104' title='bbox 1031 1251 1286 1319; x_wconf 82' lang='grc' dir='ltr'><em>ἠγνόησε,</em></span> <span class='ocrx_word' id='word_1_105' title='bbox 1325 1250 1415 1304; x_wconf 85' lang='grc' dir='ltr'><em>καὶ</em></span> <span class='ocrx_word' id='word_1_106' title='bbox 1447 1252 1660 1304; x_wconf 85' lang='grc' dir='ltr'><em>τούτων</em></span> <span class='ocrx_word' id='word_1_107' title='bbox 1692 1254 1874 1315; x_wconf 86' lang='grc' dir='ltr'><em>πίστις</em></span> 
     </span>
     <span class='ocr_line' id='line_1_14' title="bbox 187 1337 1874 1410; baseline 0.001 -18"><span class='ocrx_word' id='word_1_108' title='bbox 187 1340 245 1392; x_wconf 81' lang='grc' dir='ltr'><em>οἱ</em></span> <span class='ocrx_word' id='word_1_109' title='bbox 281 1340 542 1392; x_wconf 78' lang='grc' dir='ltr'><em>δάκτυλοι</em></span> <span class='ocrx_word' id='word_1_110' title='bbox 582 1348 693 1392; x_wconf 83' lang='grc' dir='ltr'><em>τῶν</em></span> <span class='ocrx_word' id='word_1_111' title='bbox 728 1337 947 1392; x_wconf 81' lang='grc' dir='ltr'><em>ἐκεῖθεν</em></span> <span class='ocrx_word' id='word_1_112' title='bbox 978 1341 1283 1410; x_wconf 86' lang='grc' dir='ltr'><em>τεκμηρίων</em></span> <span class='ocrx_word' id='word_1_113' title='bbox 1313 1339 1584 1409; x_wconf 78' lang='grc' dir='ltr'><em>γέμοντες.</em></span> <span class='ocrx_word' id='word_1_114' title='bbox 1660 1341 1874 1410; x_wconf 88' lang='grc' dir='ltr'><em>ἡγεῖται</em></span> 
     </span>
     <span class='ocr_line' id='line_1_15' title="bbox 186 1428 1872 1500; baseline 0.001 -20"><span class='ocrx_word' id='word_1_115' title='bbox 186 1429 291 1497; x_wconf 80' lang='grc' dir='ltr'><em>γὰρ</em></span> <span class='ocrx_word' id='word_1_116' title='bbox 325 1429 547 1496; x_wconf 78' lang='grc' dir='ltr'><em>ἄτοπον,</em></span> <span class='ocrx_word' id='word_1_117' title='bbox 587 1429 636 1480; x_wconf 84' lang='grc' dir='ltr'><em>εἰ</em></span> <span class='ocrx_word' id='word_1_118' title='bbox 667 1429 732 1481; x_wconf 78' lang='grc' dir='ltr'><em>τὰ</em></span> <span class='ocrx_word' id='word_1_119' title='bbox 763 1428 865 1497; x_wconf 84' lang='grc' dir='ltr'><em>μὲν</em></span> <span class='ocrx_word' id='word_1_120' title='bbox 895 1438 1235 1498; x_wconf 87' lang='grc' dir='ltr'><em>γραμματεῖα</em></span> <span class='ocrx_word' id='word_1_121' title='bbox 1264 1437 1378 1492; x_wconf 88' lang='grc' dir='ltr'><em>τοῖς</em></span> <span class='ocrx_word' id='word_1_122' title='bbox 1410 1428 1677 1500; x_wconf 76' lang='grc' dir='ltr'><em>ἄρξουσιν</em></span> <span class='ocrx_word' id='word_1_123' title='bbox 1709 1429 1872 1492; x_wconf 83' lang='grc' dir='ltr'><em>αὐτὸς</em></span> 
     </span>
     <span class='ocr_line' id='line_1_16' title="bbox 121 1515 1875 1589; baseline 0.001 -19"><span class='ocrx_word' id='word_1_124' title='bbox 121 1537 162 1570; x_wconf 87' lang='lat'><em>15</em></span> <span class='ocrx_word' id='word_1_125' title='bbox 187 1515 458 1587; x_wconf 78' lang='grc' dir='ltr'><em>ἐγχειριεῖ,</em></span> <span class='ocrx_word' id='word_1_126' title='bbox 509 1525 627 1579; x_wconf 90' lang='grc' dir='ltr'><em>ταῖς</em></span> <span class='ocrx_word' id='word_1_127' title='bbox 667 1515 714 1568; x_wconf 87' lang='grc' dir='ltr'><em>δ’</em></span> <span class='ocrx_word' id='word_1_128' title='bbox 756 1517 947 1580; x_wconf 86' lang='grc' dir='ltr'><em>αὐταῖς</em></span> <span class='ocrx_word' id='word_1_129' title='bbox 984 1516 1174 1587; x_wconf 85' lang='grc' dir='ltr'><em>χερσὶν</em></span> <span class='ocrx_word' id='word_1_130' title='bbox 1214 1518 1281 1570; x_wconf 83' lang='grc' dir='ltr'><em>οὐ</em></span> <span class='ocrx_word' id='word_1_131' title='bbox 1321 1519 1594 1587; x_wconf 82' lang='grc' dir='ltr'><em>πληρώσει</em></span> <span class='ocrx_word' id='word_1_132' title='bbox 1633 1519 1700 1571; x_wconf 76' lang='grc' dir='ltr'><em>τὰ</em></span> <span class='ocrx_word' id='word_1_133' title='bbox 1737 1519 1875 1589; x_wconf 91' lang='grc' dir='ltr'><em>πρὸς</em></span> 
     </span>
     <span class='ocr_line' id='line_1_17' title="bbox 185 1604 1875 1676; baseline 0.001 -18"><span class='ocrx_word' id='word_1_134' title='bbox 185 1608 315 1669; x_wconf 88' lang='grc' dir='ltr'><em>τοὺς</em></span> <span class='ocrx_word' id='word_1_135' title='bbox 353 1607 536 1669; x_wconf 88' lang='grc' dir='ltr'><em>θεούς.</em></span> <span class='ocrx_word' id='word_1_136' title='bbox 615 1605 699 1658; x_wconf 86' lang='grc'><em>83.</em></span> <span class='ocrx_word' id='word_1_137' title='bbox 739 1604 1004 1659; x_wconf 83' lang='grc' dir='ltr'><em>ἐντεῦθεν</em></span> <span class='ocrx_word' id='word_1_138' title='bbox 1044 1606 1110 1659; x_wconf 84' lang='grc' dir='ltr'><em>οὐ</em></span> <span class='ocrx_word' id='word_1_139' title='bbox 1151 1608 1361 1671; x_wconf 82' lang='grc' dir='ltr'><em>καθίζει</em></span> <span class='ocrx_word' id='word_1_140' title='bbox 1399 1607 1606 1674; x_wconf 76' lang='grc' dir='ltr'><em>βουλὰς</em></span> <span class='ocrx_word' id='word_1_141' title='bbox 1646 1620 1875 1676; x_wconf 92' lang='grc' dir='ltr'><em>στρατη-</em></span> 
     </span>
     <span class='ocr_line' id='line_1_18' title="bbox 185 1693 1874 1765; baseline 0.001 -18"><span class='ocrx_word' id='word_1_142' title='bbox 185 1703 303 1764; x_wconf 85' lang='grc' dir='ltr'><em>γῶν</em></span> <span class='ocrx_word' id='word_1_143' title='bbox 351 1693 443 1747; x_wconf 88' lang='grc' dir='ltr'><em>καὶ</em></span> <span class='ocrx_word' id='word_1_144' title='bbox 490 1698 743 1764; x_wconf 76' lang='grc' dir='ltr'><em>λοχαγῶν</em></span> <span class='ocrx_word' id='word_1_145' title='bbox 788 1695 879 1747; x_wconf 84' lang='grc' dir='ltr'><em>καὶ</em></span> <span class='ocrx_word' id='word_1_146' title='bbox 925 1693 1230 1765; x_wconf 81' lang='grc' dir='ltr'><em>ταξιαρχῶν</em></span> <span class='ocrx_word' id='word_1_147' title='bbox 1277 1693 1339 1748; x_wconf 86' lang='grc' dir='ltr'><em>ἐν</em></span> <span class='ocrx_word' id='word_1_148' title='bbox 1384 1704 1500 1758; x_wconf 89' lang='grc' dir='ltr'><em>τοῖς</em></span> <span class='ocrx_word' id='word_1_149' title='bbox 1555 1694 1874 1764; x_wconf 76' lang='grc' dir='ltr'><em>ἐπείγουσιν</em></span> 
     </span>
     <span class='ocr_line' id='line_1_19' title="bbox 186 1782 1874 1854; baseline 0.001 -19"><span class='ocrx_word' id='word_1_150' title='bbox 186 1784 319 1836; x_wconf 80' lang='grc' dir='ltr'><em>οὐδὲ</em></span> <span class='ocrx_word' id='word_1_151' title='bbox 353 1786 528 1853; x_wconf 89' lang='grc' dir='ltr'><em>τρίβει</em></span> <span class='ocrx_word' id='word_1_152' title='bbox 569 1785 804 1854; x_wconf 90' lang='grc' dir='ltr'><em>χρόνους</em></span> <span class='ocrx_word' id='word_1_153' title='bbox 845 1782 904 1836; x_wconf 92' lang='grc' dir='ltr'><em>ἐν</em></span> <span class='ocrx_word' id='word_1_154' title='bbox 944 1782 1219 1851; x_wconf 82' lang='grc' dir='ltr'><em>σκέψεσιν,</em></span> <span class='ocrx_word' id='word_1_155' title='bbox 1267 1782 1383 1837; x_wconf 87' lang='grc' dir='ltr'><em>ἀλλ’</em></span> <span class='ocrx_word' id='word_1_156' title='bbox 1415 1783 1502 1837; x_wconf 80' lang='grc' dir='ltr'><em>ἐπὶ</em></span> <span class='ocrx_word' id='word_1_157' title='bbox 1550 1787 1681 1847; x_wconf 90' lang='grc' dir='ltr'><em>τοὺς</em></span> <span class='ocrx_word' id='word_1_158' title='bbox 1720 1784 1874 1837; x_wconf 87' lang='grc' dir='ltr'><em>διδα-</em></span> 
     </span>
     <span class='ocr_line' id='line_1_20' title="bbox 187 1871 1874 1943; baseline 0.001 -19"><span class='ocrx_word' id='word_1_159' title='bbox 187 1872 425 1934; x_wconf 80' lang='grc' dir='ltr'><em>σκάλους</em></span> <span class='ocrx_word' id='word_1_160' title='bbox 463 1882 573 1925; x_wconf 84' lang='grc' dir='ltr'><em>τῶν</em></span> <span class='ocrx_word' id='word_1_161' title='bbox 613 1871 674 1925; x_wconf 87' lang='grc' dir='ltr'><em>ἐν</em></span> <span class='ocrx_word' id='word_1_162' title='bbox 713 1872 896 1943; x_wconf 81' lang='grc' dir='ltr'><em>ἀδήλῳ</em></span> <span class='ocrx_word' id='word_1_163' title='bbox 928 1874 1264 1941; x_wconf 84' lang='grc' dir='ltr'><em>καταφυγὼν</em></span> <span class='ocrx_word' id='word_1_164' title='bbox 1295 1872 1649 1941; x_wconf 86' lang='grc' dir='ltr'><em>ἀπήλλακται,</em></span> <span class='ocrx_word' id='word_1_165' title='bbox 1690 1871 1874 1926; x_wconf 84' lang='grc' dir='ltr'><em>ἐντεῦ-</em></span> 
     </span>
     <span class='ocr_line' id='line_1_21' title="bbox 119 1960 1874 2031; baseline -0.001 -17"><span class='ocrx_word' id='word_1_166' title='bbox 119 1982 163 2015; x_wconf 77' lang='lat'><em>20</em></span> <span class='ocrx_word' id='word_1_167' title='bbox 187 1966 292 2014; x_wconf 89' lang='grc' dir='ltr'><em>θεν</em></span> <span class='ocrx_word' id='word_1_168' title='bbox 338 1961 556 2031; x_wconf 75' lang='grc' dir='ltr'><em>γράμμα</em></span> <span class='ocrx_word' id='word_1_169' title='bbox 601 1961 702 2027; x_wconf 79' lang='grc' dir='ltr'><em>μὲν</em></span> <span class='ocrx_word' id='word_1_170' title='bbox 750 1961 917 2014; x_wconf 82' lang='grc' dir='ltr'><em>οὐδὲν</em></span> <span class='ocrx_word' id='word_1_171' title='bbox 964 1960 1066 2013; x_wconf 89' lang='grc' dir='ltr'><em>ἀπὸ</em></span> <span class='ocrx_word' id='word_1_172' title='bbox 1114 1971 1225 2014; x_wconf 84' lang='grc' dir='ltr'><em>τῶν</em></span> <span class='ocrx_word' id='word_1_173' title='bbox 1269 1962 1521 2030; x_wconf 84' lang='grc' dir='ltr'><em>περάτων</em></span> <span class='ocrx_word' id='word_1_174' title='bbox 1566 1969 1661 2028; x_wconf 80' lang='grc' dir='ltr'><em>τῆς</em></span> <span class='ocrx_word' id='word_1_175' title='bbox 1706 1960 1874 2031; x_wconf 83' lang='grc' dir='ltr'><em>ἀρχῆς</em></span> 
     </span>
     <span class='ocr_line' id='line_1_22' title="bbox 185 2048 1873 2118; baseline -0.001 -16"><span class='ocrx_word' id='word_1_176' title='bbox 185 2049 218 2117; x_wconf 79' lang='grc' dir='ltr'>ἢ</span> <span class='ocrx_word' id='word_1_177' title='bbox 251 2050 449 2118; x_wconf 80' lang='grc' dir='ltr'><em>κομιδῆ</em></span> <span class='ocrx_word' id='word_1_178' title='bbox 484 2050 703 2118; x_wconf 79' lang='grc' dir='ltr'><em>σπάνια,</em></span> <span class='ocrx_word' id='word_1_179' title='bbox 742 2049 921 2102; x_wconf 75' lang='grc' dir='ltr'><em>πάντα</em></span> <span class='ocrx_word' id='word_1_180' title='bbox 952 2049 1014 2102; x_wconf 83' lang='grc' dir='ltr'><em>δὲ</em></span> <span class='ocrx_word' id='word_1_181' title='bbox 1045 2051 1329 2117; x_wconf 85' lang='grc' dir='ltr'><em>ἔγνωσται,</em></span> <span class='ocrx_word' id='word_1_182' title='bbox 1369 2048 1459 2102; x_wconf 87' lang='grc' dir='ltr'><em>καὶ</em></span> <span class='ocrx_word' id='word_1_183' title='bbox 1491 2050 1742 2118; x_wconf 78' lang='grc' dir='ltr'><em>καθάπερ</em></span> <span class='ocrx_word' id='word_1_184' title='bbox 1775 2049 1873 2101; x_wconf 91' lang='grc' dir='ltr'><em>τὸν</em></span> 
     </span>
     <span class='ocr_line' id='line_1_23' title="bbox 175 2134 1873 2206; baseline 0.001 -16"><span class='ocrx_word' id='word_1_185' title='bbox 175 2135 376 2191; x_wconf 68' lang='grc' dir='ltr'><em>”Ήλιον</em></span> <span class='ocrx_word' id='word_1_186' title='bbox 430 2137 667 2205; x_wconf 81' lang='grc' dir='ltr'><em>λέληθεν</em></span> <span class='ocrx_word' id='word_1_187' title='bbox 721 2134 889 2191; x_wconf 76' lang='grc' dir='ltr'><em>οὐδὲν</em></span> <span class='ocrx_word' id='word_1_188' title='bbox 934 2146 1045 2190; x_wconf 84' lang='grc' dir='ltr'><em>τῶν</em></span> <span class='ocrx_word' id='word_1_189' title='bbox 1093 2137 1178 2190; x_wconf 83' lang='grc' dir='ltr'><em>ἐπὶ</em></span> <span class='ocrx_word' id='word_1_190' title='bbox 1224 2145 1346 2206; x_wconf 81' lang='grc' dir='ltr'><em>γῆς,</em></span> <span class='ocrx_word' id='word_1_191' title='bbox 1404 2137 1579 2199; x_wconf 81' lang='grc' dir='ltr'><em>οὕτως</em></span> <span class='ocrx_word' id='word_1_192' title='bbox 1629 2135 1760 2190; x_wconf 79' lang='grc' dir='ltr'><em>οὐδὲ</em></span> <span class='ocrx_word' id='word_1_193' title='bbox 1812 2139 1873 2191; x_wconf 83' lang='grc' dir='ltr'><em>σὲ</em></span> 
     </span>
     <span class='ocr_line' id='line_1_24' title="bbox 185 2223 1871 2296; baseline 0 -17"><span class='ocrx_word' id='word_1_194' title='bbox 185 2235 297 2279; x_wconf 83' lang='grc' dir='ltr'><em>τῶν</em></span> <span class='ocrx_word' id='word_1_195' title='bbox 337 2225 636 2296; x_wconf 88' lang='grc' dir='ltr'><em>δρωμένων</em></span> <span class='ocrx_word' id='word_1_196' title='bbox 676 2226 843 2279; x_wconf 81' lang='grc' dir='ltr'><em>οὐδὲν</em></span> <span class='ocrx_word' id='word_1_197' title='bbox 883 2226 1053 2278; x_wconf 86' lang='grc' dir='ltr'><em>αὐτοῦ</em></span> <span class='ocrx_word' id='word_1_198' title='bbox 1091 2227 1347 2288; x_wconf 88' lang='grc' dir='ltr'><em>διδόντος</em></span> <span class='ocrx_word' id='word_1_199' title='bbox 1379 2223 1586 2278; x_wconf 44' lang='grc' dir='ltr'><em>(Ηλίου.</em></span> <span class='ocrx_word' id='word_1_200' title='bbox 1666 2226 1750 2281; x_wconf 88' lang='lat'><em>84.</em></span> <span class='ocrx_word' id='word_1_201' title='bbox 1791 2229 1871 2279; x_wconf 83' lang='grc' dir='ltr'><em>ἔτι</em></span> 
     </span>
     <span class='ocr_line' id='line_1_25' title="bbox 189 2313 1869 2384; baseline 0.001 -17"><span class='ocrx_word' id='word_1_202' title='bbox 189 2314 250 2367; x_wconf 83' lang='grc' dir='ltr'><em>δὲ</em></span> <span class='ocrx_word' id='word_1_203' title='bbox 287 2314 392 2367; x_wconf 89' lang='grc' dir='ltr'><em>κάν</em></span> <span class='ocrx_word' id='word_1_204' title='bbox 429 2323 545 2377; x_wconf 89' lang='grc' dir='ltr'><em>τοῖς</em></span> <span class='ocrx_word' id='word_1_205' title='bbox 585 2313 830 2384; x_wconf 77' lang='grc' dir='ltr'><em>ἐσχάτοις</em></span> <span class='ocrx_word' id='word_1_206' title='bbox 870 2315 993 2367; x_wconf 83' lang='grc' dir='ltr'><em>ὅσοι</em></span> <span class='ocrx_word' id='word_1_207' title='bbox 1031 2315 1302 2383; x_wconf 77' lang='grc' dir='ltr'><em>βάρβαροι</em></span> <span class='ocrx_word' id='word_1_208' title='bbox 1333 2316 1435 2383; x_wconf 90' lang='grc' dir='ltr'><em>τὴν</em></span> <span class='ocrx_word' id='word_1_209' title='bbox 1466 2314 1732 2383; x_wconf 81' lang='grc' dir='ltr'><em>ἡμετέραν</em></span> <span class='ocrx_word' id='word_1_210' title='bbox 1765 2315 1869 2368; x_wconf 88' lang='grc' dir='ltr'><em>ἀπὸ</em></span> 
     </span>
    </p>
   </div>
   <div class='ocr_carea' id='block_1_3' title="bbox 190 2432 542 2439">
    <p class='ocr_par' dir='ltr' id='par_1_3' title="bbox 190 2432 542 2439">
     <span class='ocr_line' id='line_1_26' title="bbox 190 2432 542 2439; baseline 0 701"><span class='ocrx_word' id='word_1_211' title='bbox 190 2432 542 2439; x_wconf 95' lang='lat' dir='ltr'><em> </em></span> 
     </span>
    </p>
   </div>
   <div class='ocr_carea' id='block_1_4' title="bbox 186 2504 1880 2738">
    <p class='ocr_par' dir='ltr' id='par_1_4' title="bbox 186 2504 1880 2738">
     <span class='ocr_line' id='line_1_27' title="bbox 307 2504 1870 2561; baseline 0.001 -15"><span class='ocrx_word' id='word_1_212' title='bbox 307 2508 331 2545; x_wconf 82' lang='lat'>2</span> <span class='ocrx_word' id='word_1_213' title='bbox 364 2504 509 2548; x_wconf 77' lang='grc' dir='ltr'><em>ταύτὰ</em></span> <span class='ocrx_word' id='word_1_214' title='bbox 534 2505 699 2561; x_wconf 82' lang='lat' dir='ltr'>scripsi</span> <span class='ocrx_word' id='word_1_215' title='bbox 723 2506 911 2548; x_wconf 71' lang='lat' dir='ltr'>auctore</span> <span class='ocrx_word' id='word_1_216' title='bbox 935 2505 1003 2548; x_wconf 78' lang='lat' dir='ltr'><em>Re</em></span> <span class='ocrx_word' id='word_1_217' title='bbox 1020 2504 1161 2547; x_wconf 86' lang='lat' dir='ltr'><strong>Anim</strong></span> <span class='ocrx_word' id='word_1_218' title='bbox 1221 2511 1365 2548; x_wconf 80' lang='grc' dir='ltr'><em>ταῦτα</em></span> <span class='ocrx_word' id='word_1_219' title='bbox 1388 2504 1497 2548; x_wconf 79' lang='lat' dir='ltr'>libri</span> <span class='ocrx_word' id='word_1_220' title='bbox 1522 2504 1612 2548; x_wconf 82' lang='lat' dir='ltr'><em>edd</em></span> <span class='ocrx_word' id='word_1_221' title='bbox 1734 2509 1758 2547; x_wconf 89' lang='lat'><strong>3</strong></span> <span class='ocrx_word' id='word_1_222' title='bbox 1790 2521 1870 2547; x_wconf 89' lang='grc' dir='ltr'><em>τα-</em></span> 
     </span>
     <span class='ocr_line' id='line_1_28' title="bbox 186 2561 1870 2620; baseline 0.001 -16"><span class='ocrx_word' id='word_1_223' title='bbox 186 2561 333 2605; x_wconf 82' lang='grc' dir='ltr'><em>πολλὰ</em></span> <span class='ocrx_word' id='word_1_224' title='bbox 362 2563 522 2607; x_wconf 91' lang='lat' dir='ltr'><strong><em>VIBP</em></strong></span> <span class='ocrx_word' id='word_1_225' title='bbox 542 2564 640 2620; x_wconf 82' lang='lat' dir='ltr'>(sed</span> <span class='ocrx_word' id='word_1_226' title='bbox 665 2564 713 2606; x_wconf 89' lang='lat' dir='ltr'><em>in</em></span> <span class='ocrx_word' id='word_1_227' title='bbox 735 2564 824 2607; x_wconf 82' lang='lat' dir='ltr'><em>hoc</em></span> <span class='ocrx_word' id='word_1_228' title='bbox 850 2581 879 2607; x_wconf 86' lang='grc' dir='ltr'><em>α</em></span> <span class='ocrx_word' id='word_1_229' title='bbox 903 2564 952 2606; x_wconf 90' lang='lat' dir='ltr'><em>in</em></span> <span class='ocrx_word' id='word_1_230' title='bbox 975 2577 1049 2607; x_wconf 79' lang='lat' dir='ltr'><em>ras</em></span> <span class='ocrx_word' id='word_1_231' title='bbox 1075 2565 1122 2607; x_wconf 72' lang='lat' dir='ltr'><em>et</em></span> <span class='ocrx_word' id='word_1_232' title='bbox 1154 2578 1258 2606; x_wconf 81' lang='lat' dir='ltr'><em>cum</em></span> <span class='ocrx_word' id='word_1_233' title='bbox 1287 2563 1434 2607; x_wconf 79' lang='grc' dir='ltr'><em>πολλὰ</em></span> <span class='ocrx_word' id='word_1_234' title='bbox 1465 2563 1762 2607; x_wconf 74' lang='lat' dir='ltr'>coniunctum</span> <span class='ocrx_word' id='word_1_235' title='bbox 1785 2563 1870 2620; x_wconf 79' lang='lat'><strong>1113)</strong></span> 
     </span>
     <span class='ocr_line' id='line_1_29' title="bbox 189 2620 1875 2679; baseline 0.001 -16"><span class='ocrx_word' id='word_1_236' title='bbox 189 2621 236 2663; x_wconf 75' lang='lat' dir='ltr'><em>et</em></span> <span class='ocrx_word' id='word_1_237' title='bbox 262 2621 324 2664; x_wconf 89' lang='lat' dir='ltr'><em>M</em></span> <span class='ocrx_word' id='word_1_238' title='bbox 350 2621 449 2676; x_wconf 79' lang='lat' dir='ltr'>(sed</span> <span class='ocrx_word' id='word_1_239' title='bbox 480 2622 529 2665; x_wconf 90' lang='lat' dir='ltr'><em>in</em></span> <span class='ocrx_word' id='word_1_240' title='bbox 562 2622 648 2666; x_wconf 84' lang='lat' dir='ltr'><em>hoc</em></span> <span class='ocrx_word' id='word_1_241' title='bbox 679 2623 833 2679; x_wconf 79' lang='lat' dir='ltr'>gravis</span> <span class='ocrx_word' id='word_1_242' title='bbox 866 2623 1039 2674; x_wconf 79' lang='lat' dir='ltr'>erasus)</span> <span class='ocrx_word' id='word_1_243' title='bbox 1160 2628 1187 2665; x_wconf 88' lang='lat'>4</span> <span class='ocrx_word' id='word_1_244' title='bbox 1218 2620 1491 2678; x_wconf 86' lang='grc' dir='ltr'><em>παρημέραν</em></span> <span class='ocrx_word' id='word_1_245' title='bbox 1533 2623 1576 2666; x_wconf 91' lang='lat' dir='ltr'><strong><em>V</em></strong></span> <span class='ocrx_word' id='word_1_246' title='bbox 1690 2626 1715 2664; x_wconf 86' lang='lat'>5</span> <span class='ocrx_word' id='word_1_247' title='bbox 1746 2630 1875 2666; x_wconf 88' lang='grc' dir='ltr'><em>ποιεῖ</em></span> 
     </span>
     <span class='ocr_line' id='line_1_30' title="bbox 199 2677 1880 2738; baseline 0.001 -16"><span class='ocrx_word' id='word_1_248' title='bbox 199 2679 243 2722; x_wconf 92' lang='lat' dir='ltr'><strong><em>V</em></strong></span> <span class='ocrx_word' id='word_1_249' title='bbox 261 2680 307 2722; x_wconf 70' lang='lat' dir='ltr'><em>et</em></span> <span class='ocrx_word' id='word_1_250' title='bbox 332 2677 476 2723; x_wconf 71' lang='lat' dir='ltr'>Cobet</span> <span class='ocrx_word' id='word_1_251' title='bbox 498 2680 627 2724; x_wconf 84' lang='lat' dir='ltr'>Misc.</span> <span class='ocrx_word' id='word_1_252' title='bbox 648 2686 731 2725; x_wconf 87' lang='lat'><em>148</em></span> <span class='ocrx_word' id='word_1_253' title='bbox 854 2686 879 2724; x_wconf 90' lang='grc'>6</span> <span class='ocrx_word' id='word_1_254' title='bbox 913 2681 960 2725; x_wconf 82' lang='grc' dir='ltr'><em>ἐν</em></span> <span class='ocrx_word' id='word_1_255' title='bbox 991 2681 1041 2723; x_wconf 90' lang='lat' dir='ltr'><em>in</em></span> <span class='ocrx_word' id='word_1_256' title='bbox 1073 2679 1215 2730; x_wconf 81' lang='grc' dir='ltr'><em>ἐνίοις</em></span> <span class='ocrx_word' id='word_1_257' title='bbox 1244 2681 1294 2724; x_wconf 89' lang='lat' dir='ltr'><em>in</em></span> <span class='ocrx_word' id='word_1_258' title='bbox 1317 2694 1392 2724; x_wconf 79' lang='lat' dir='ltr'><em>ras</em></span> <span class='ocrx_word' id='word_1_259' title='bbox 1423 2680 1496 2724; x_wconf 82' lang='lat' dir='ltr'><em>P³</em></span> <span class='ocrx_word' id='word_1_260' title='bbox 1544 2681 1549 2738; x_wconf 80' lang='grc' dir='ltr'>Ι</span> <span class='ocrx_word' id='word_1_261' title='bbox 1600 2677 1809 2737; x_wconf 80' lang='grc' dir='ltr'><em>γίνονται</em></span> <span class='ocrx_word' id='word_1_262' title='bbox 1836 2682 1880 2724; x_wconf 91' lang='lat' dir='ltr'><strong><em>V</em></strong></span> 
     </span>
    </p>
   </div>
   <div class='ocr_carea' id='block_1_5' title="bbox 189 2752 1873 2988">
    <p class='ocr_par' dir='ltr' id='par_1_5' title="bbox 189 2752 1873 2988">
     <span class='ocr_line' id='line_1_31' title="bbox 192 2752 1872 2825; baseline 0.001 -15"><span class='ocrx_word' id='word_1_263' title='bbox 192 2765 199 2825; x_wconf 77' lang='grc' dir='ltr'>ι</span> <span class='ocrx_word' id='word_1_264' title='bbox 250 2752 488 2821; x_wconf 65' lang='grc' dir='ltr'><em>ὃένὸρὲὲῗν</em></span> <span class='ocrx_word' id='word_1_265' title='bbox 522 2770 566 2812; x_wconf 84' lang='grc' dir='ltr'><strong><em>Β</em></strong></span> <span class='ocrx_word' id='word_1_266' title='bbox 689 2773 743 2811; x_wconf 91' lang='lat'><em>10</em></span> <span class='ocrx_word' id='word_1_267' title='bbox 776 2770 1022 2825; x_wconf 64' lang='grc' dir='ltr'><em>αὐτουργεὶ</em></span> <span class='ocrx_word' id='word_1_268' title='bbox 1056 2769 1157 2813; x_wconf 87' lang='lat' dir='ltr'><em>UM</em></span> <span class='ocrx_word' id='word_1_269' title='bbox 1191 2771 1195 2825; x_wconf 77' lang='grc' dir='ltr'>ι</span> <span class='ocrx_word' id='word_1_270' title='bbox 1232 2769 1311 2811; x_wconf 69' lang='grc' dir='ltr'><em>καὶ</em></span> <span class='ocrx_word' id='word_1_271' title='bbox 1341 2768 1469 2824; x_wconf 81' lang='lat' dir='ltr'>prius</span> <span class='ocrx_word' id='word_1_272' title='bbox 1501 2768 1675 2811; x_wconf 75' lang='lat' dir='ltr'>inserui</span> <span class='ocrx_word' id='word_1_273' title='bbox 1708 2781 1731 2811; x_wconf 76' lang='lat' dir='ltr'>e</span> <span class='ocrx_word' id='word_1_274' title='bbox 1758 2769 1872 2812; x_wconf 72' lang='grc' dir='ltr'><em>ΠΒ</em></span> 
     </span>
     <span class='ocr_line' id='line_1_32' title="bbox 251 2825 1820 2884; baseline 0.002 -16"><span class='ocrx_word' id='word_1_275' title='bbox 251 2829 305 2868; x_wconf 84' lang='grc'><em>17</em></span> <span class='ocrx_word' id='word_1_276' title='bbox 337 2825 596 2883; x_wconf 79' lang='grc' dir='ltr'><em>ταξιάρχων</em></span> <span class='ocrx_word' id='word_1_277' title='bbox 628 2828 674 2871; x_wconf 88' lang='grc' dir='ltr'>Β</span> <span class='ocrx_word' id='word_1_278' title='bbox 797 2832 850 2870; x_wconf 88' lang='grc'><em>19</em></span> <span class='ocrx_word' id='word_1_279' title='bbox 881 2835 972 2871; x_wconf 86' lang='grc' dir='ltr'><em>τῶν</em></span> <span class='ocrx_word' id='word_1_280' title='bbox 1004 2826 1189 2880; x_wconf 86' lang='grc' dir='ltr'><em>ἀδήλων</em></span> <span class='ocrx_word' id='word_1_281' title='bbox 1221 2828 1266 2870; x_wconf 90' lang='grc' dir='ltr'><strong><em>Β</em></strong></span> <span class='ocrx_word' id='word_1_282' title='bbox 1394 2832 1447 2869; x_wconf 81' lang='grc'><em>21</em></span> <span class='ocrx_word' id='word_1_283' title='bbox 1481 2829 1648 2884; x_wconf 81' lang='grc' dir='ltr'><em>κομιδῇ</em></span> <span class='ocrx_word' id='word_1_284' title='bbox 1682 2827 1820 2871; x_wconf 82' lang='lat' dir='ltr'><em>AOV</em></span> 
     </span>
     <span class='ocr_line' id='line_1_33' title="bbox 189 2883 1873 2988; baseline 0 -59"><span class='ocrx_word' id='word_1_285' title='bbox 189 2884 445 2988; x_wconf 50' lang='lat' dir='ltr'><em>zccgffidsseU</em></span> <span class='ocrx_word' id='word_1_286' title='bbox 587 2890 641 2929; x_wconf 85' lang='lat'><em>23</em></span> <span class='ocrx_word' id='word_1_287' title='bbox 689 2887 939 2942; x_wconf 83' lang='grc' dir='ltr'><em>δηλοῦντος</em></span> <span class='ocrx_word' id='word_1_288' title='bbox 970 2885 1041 2928; x_wconf 85' lang='lat' dir='ltr'><em>vel</em></span> <span class='ocrx_word' id='word_1_289' title='bbox 1073 2886 1130 2942; x_wconf 84' lang='grc' dir='ltr'><em>δὴ</em></span> <span class='ocrx_word' id='word_1_290' title='bbox 1163 2885 1328 2936; x_wconf 78' lang='grc' dir='ltr'><em>δύντος</em></span> <span class='ocrx_word' id='word_1_291' title='bbox 1368 2885 1442 2929; x_wconf 82' lang='lat' dir='ltr'><em>vel</em></span> <span class='ocrx_word' id='word_1_292' title='bbox 1473 2884 1530 2941; x_wconf 77' lang='grc' dir='ltr'><em>δὴ</em></span> <span class='ocrx_word' id='word_1_293' title='bbox 1566 2883 1726 2941; x_wconf 78' lang='grc' dir='ltr'><em>ὅμοιον</em></span> <span class='ocrx_word' id='word_1_294' title='bbox 1760 2885 1873 2930; x_wconf 87' lang='grc' dir='ltr'><em>ὄντα</em></span> 
     </span>
    </p>
   </div>
  </div>
 </body>
</html>
