<?xml version="1.0" encoding="UTF-8"?>
<!DOCTYPE html PUBLIC "-//W3C//DTD XHTML 1.0 Transitional//EN"
    "http://www.w3.org/TR/xhtml1/DTD/xhtml1-transitional.dtd">
<html xmlns="http://www.w3.org/1999/xhtml" xml:lang="en" lang="en">
 <head>
  <title>
</title>
<meta http-equiv="Content-Type" content="text/html;charset=utf-8" />
  <meta name='ocr-system' content='tesseract 3.04.00' />
  <meta name='ocr-capabilities' content='ocr_page ocr_carea ocr_par ocr_line ocrx_word'/>
</head>
<body>
  <div class='ocr_page' id='page_1' title='image "./operarecensuitri02libauoft_0366.png"; bbox 0 0 2060 3162; ppageno 0'>
   <div class='ocr_carea' id='block_1_1' title="bbox 238 171 1400 225">
    <p class='ocr_par' dir='ltr' id='par_1_1' title="bbox 238 171 1400 225">
     <span class='ocr_line' id='line_1_1' title="bbox 238 171 1400 225; baseline -0.008 0"><span class='ocrx_word' id='word_1_1' title='bbox 238 172 345 225; x_wconf 79' lang='lat'><em>356</em></span> <span class='ocrx_word' id='word_1_2' title='bbox 743 172 927 215; x_wconf 89' lang='lat' dir='ltr'><strong>LIBAN</strong></span> <span class='ocrx_word' id='word_1_3' title='bbox 927 172 970 216; x_wconf 89' lang='lat'><em>11</em></span> <span class='ocrx_word' id='word_1_4' title='bbox 1001 171 1221 216; x_wconf 86' lang='lat' dir='ltr'><strong>ORATIO</strong></span> <span class='ocrx_word' id='word_1_5' title='bbox 1253 173 1400 217; x_wconf 85' lang='lat' dir='ltr'><strong>XVII]</strong></span> 
     </span>
    </p>
   </div>
   <div class='ocr_carea' id='block_1_2' title="bbox 147 301 1916 1882">
    <p class='ocr_par' dir='ltr' id='par_1_2' title="bbox 147 301 1916 1882">
     <span class='ocr_line' id='line_1_2' title="bbox 238 301 1909 379; baseline 0.001 -18"><span class='ocrx_word' id='word_1_6' title='bbox 238 301 319 371; x_wconf 86' lang='grc' dir='ltr'><em>οἷς</em></span> <span class='ocrx_word' id='word_1_7' title='bbox 369 309 435 376; x_wconf 88' lang='grc' dir='ltr'><em>δὴ</em></span> <span class='ocrx_word' id='word_1_8' title='bbox 487 306 576 360; x_wconf 89' lang='grc' dir='ltr'><em>καὶ</em></span> <span class='ocrx_word' id='word_1_9' title='bbox 629 306 927 360; x_wconf 82' lang='grc' dir='ltr'><strong><em>ἐπιστέλλει</em></strong></span> <span class='ocrx_word' id='word_1_10' title='bbox 976 308 1152 360; x_wconf 74' lang='grc' dir='ltr'><em>πάντα</em></span> <span class='ocrx_word' id='word_1_11' title='bbox 1196 310 1402 378; x_wconf 78' lang='grc' dir='ltr'><strong><em>τρόπον</em></strong></span> <span class='ocrx_word' id='word_1_12' title='bbox 1455 310 1645 374; x_wconf 82' lang='grc' dir='ltr'><em>σώζειν</em></span> <span class='ocrx_word' id='word_1_13' title='bbox 1691 309 1909 379; x_wconf 82' lang='grc' dir='ltr'><em>αὑτούς,</em></span> 
     </span>
     <span class='ocr_line' id='line_1_3' title="bbox 235 395 1909 467; baseline 0.002 -19"><span class='ocrx_word' id='word_1_14' title='bbox 235 397 326 448; x_wconf 85' lang='grc' dir='ltr'><em>καὶ</em></span> <span class='ocrx_word' id='word_1_15' title='bbox 387 397 490 467; x_wconf 84' lang='grc' dir='ltr'><em>γὰρ</em></span> <span class='ocrx_word' id='word_1_16' title='bbox 554 396 726 449; x_wconf 87' lang='grc' dir='ltr'><em>αὐτὸν</em></span> <span class='ocrx_word' id='word_1_17' title='bbox 780 395 1023 458; x_wconf 81' lang='grc' dir='ltr'><strong><em>ἐκείνους</em></strong></span> <span class='ocrx_word' id='word_1_18' title='bbox 1084 398 1326 461; x_wconf 80' lang='grc' dir='ltr'>σώζοντα</span> <span class='ocrx_word' id='word_1_19' title='bbox 1383 398 1560 450; x_wconf 81' lang='grc' dir='ltr'><em>πάντα</em></span> <span class='ocrx_word' id='word_1_20' title='bbox 1614 398 1909 467; x_wconf 79' lang='grc' dir='ltr'><em>ἀνατλῆναι</em></span> 
     </span>
     <span class='ocr_line' id='line_1_4' title="bbox 235 487 422 538; baseline 0.005 -1"><span class='ocrx_word' id='word_1_21' title='bbox 235 487 422 538; x_wconf 84' lang='grc' dir='ltr'><em>πόνον.</em></span> 
     </span>
     <span class='ocr_line' id='line_1_5' title="bbox 348 569 1910 642; baseline 0.002 -17"><span class='ocrx_word' id='word_1_22' title='bbox 348 573 469 625; x_wconf 83' lang='grc'><em>274.</em></span> <span class='ocrx_word' id='word_1_23' title='bbox 525 575 618 636; x_wconf 86' lang='grc' dir='ltr'><em>Τίς</em></span> <span class='ocrx_word' id='word_1_24' title='bbox 657 569 759 626; x_wconf 83' lang='grc' dir='ltr'><em>οὖν</em></span> <span class='ocrx_word' id='word_1_25' title='bbox 797 572 826 626; x_wconf 88' lang='grc' dir='ltr'>ὁ</span> <span class='ocrx_word' id='word_1_26' title='bbox 865 575 1105 642; x_wconf 82' lang='grc' dir='ltr'><em>κτείνας,</em></span> <span class='ocrx_word' id='word_1_27' title='bbox 1143 580 1315 627; x_wconf 83' lang='grc' dir='ltr'><em>ποθεῖ</em></span> <span class='ocrx_word' id='word_1_28' title='bbox 1347 594 1429 637; x_wconf 90' lang='grc' dir='ltr'><em>τις</em></span> <span class='ocrx_word' id='word_1_29' title='bbox 1468 574 1710 629; x_wconf 83' lang='grc' dir='ltr'><em>ἀκοῦσαι.</em></span> <span class='ocrx_word' id='word_1_30' title='bbox 1785 576 1910 628; x_wconf 79' lang='grc' dir='ltr'><em>τοῦ-</em></span> 
     </span>
     <span class='ocr_line' id='line_1_6' title="bbox 195 655 1910 732; baseline 0.002 -18"><span class='ocrx_word' id='word_1_31' title='bbox 195 684 214 715; x_wconf 83' lang='lat'>5</span> <span class='ocrx_word' id='word_1_32' title='bbox 238 682 380 731; x_wconf 86' lang='grc' dir='ltr'><em>νομα</em></span> <span class='ocrx_word' id='word_1_33' title='bbox 431 659 533 729; x_wconf 76' lang='grc' dir='ltr'><em>μὲν</em></span> <span class='ocrx_word' id='word_1_34' title='bbox 586 662 687 714; x_wconf 88' lang='grc' dir='ltr'><em>οὐκ</em></span> <span class='ocrx_word' id='word_1_35' title='bbox 734 655 876 730; x_wconf 86' lang='grc' dir='ltr'><em>οἶδα,</em></span> <span class='ocrx_word' id='word_1_36' title='bbox 937 670 1036 715; x_wconf 87' lang='grc' dir='ltr'><em>τοῦ</em></span> <span class='ocrx_word' id='word_1_37' title='bbox 1084 659 1143 715; x_wconf 74' lang='grc' dir='ltr'><em>δὲ</em></span> <span class='ocrx_word' id='word_1_38' title='bbox 1189 664 1261 731; x_wconf 82' lang='grc' dir='ltr'><em>μὴ</em></span> <span class='ocrx_word' id='word_1_39' title='bbox 1307 662 1571 732; x_wconf 88' lang='grc' dir='ltr'><em>πολέμιον</em></span> <span class='ocrx_word' id='word_1_40' title='bbox 1624 660 1764 717; x_wconf 84' lang='grc' dir='ltr'><em>εἶναι</em></span> <span class='ocrx_word' id='word_1_41' title='bbox 1813 665 1910 718; x_wconf 90' lang='grc' dir='ltr'><em>τὸν</em></span> 
     </span>
     <span class='ocr_line' id='line_1_7' title="bbox 234 748 1909 822; baseline 0.001 -19"><span class='ocrx_word' id='word_1_42' title='bbox 234 753 522 804; x_wconf 82' lang='grc' dir='ltr'><em>κτείναντα</em></span> <span class='ocrx_word' id='word_1_43' title='bbox 562 759 788 819; x_wconf 90' lang='grc' dir='ltr'><em>σημεῖον</em></span> <span class='ocrx_word' id='word_1_44' title='bbox 819 748 1043 821; x_wconf 76' lang='grc' dir='ltr'><em>ἐναργὲς</em></span> <span class='ocrx_word' id='word_1_45' title='bbox 1080 752 1140 803; x_wconf 90' lang='grc' dir='ltr'><em>τὸ</em></span> <span class='ocrx_word' id='word_1_46' title='bbox 1179 750 1389 820; x_wconf 81' lang='grc' dir='ltr'><em>μηδένα</em></span> <span class='ocrx_word' id='word_1_47' title='bbox 1419 751 1681 821; x_wconf 88' lang='grc' dir='ltr'><em>πολέμιον</em></span> <span class='ocrx_word' id='word_1_48' title='bbox 1719 751 1807 805; x_wconf 83' lang='grc' dir='ltr'><em>ἐπὶ</em></span> <span class='ocrx_word' id='word_1_49' title='bbox 1844 761 1909 822; x_wconf 78' lang='grc' dir='ltr'><em>τῇ</em></span> 
     </span>
     <span class='ocr_line' id='line_1_8' title="bbox 234 839 1909 911; baseline 0.001 -19"><span class='ocrx_word' id='word_1_50' title='bbox 234 844 412 909; x_wconf 76' lang='grc' dir='ltr'><em>πληγῇ</em></span> <span class='ocrx_word' id='word_1_51' title='bbox 453 845 790 908; x_wconf 80' lang='grc' dir='ltr'><em>τετιμῆσθαι.</em></span> <span class='ocrx_word' id='word_1_52' title='bbox 865 841 1044 892; x_wconf 90' lang='grc' dir='ltr'><em>καίτοι</em></span> <span class='ocrx_word' id='word_1_53' title='bbox 1083 841 1175 892; x_wconf 79' lang='grc' dir='ltr'><em>διὰ</em></span> <span class='ocrx_word' id='word_1_54' title='bbox 1213 841 1468 911; x_wconf 78' lang='grc' dir='ltr'><em>κηρύκων</em></span> <span class='ocrx_word' id='word_1_55' title='bbox 1506 839 1534 893; x_wconf 88' lang='grc' dir='ltr'>ὁ</span> <span class='ocrx_word' id='word_1_56' title='bbox 1569 840 1785 911; x_wconf 78' lang='grc' dir='ltr'><em>Πέρσης</em></span> <span class='ocrx_word' id='word_1_57' title='bbox 1824 840 1909 894; x_wconf 83' lang='grc' dir='ltr'><em>ἐπὶ</em></span> 
     </span>
     <span class='ocr_line' id='line_1_9' title="bbox 237 926 1916 1002; baseline 0.001 -21"><span class='ocrx_word' id='word_1_58' title='bbox 237 927 400 997; x_wconf 88' lang='grc' dir='ltr'><em>γέρας</em></span> <span class='ocrx_word' id='word_1_59' title='bbox 437 926 616 980; x_wconf 75' lang='grc' dir='ltr'><em>ἐκάλει</em></span> <span class='ocrx_word' id='word_1_60' title='bbox 661 930 760 981; x_wconf 89' lang='grc' dir='ltr'><em>τὸν</em></span> <span class='ocrx_word' id='word_1_61' title='bbox 799 927 1132 981; x_wconf 80' lang='grc' dir='ltr'><em>ἀπεκτονότα</em></span> <span class='ocrx_word' id='word_1_62' title='bbox 1177 929 1265 981; x_wconf 83' lang='grc' dir='ltr'><em>καὶ</em></span> <span class='ocrx_word' id='word_1_63' title='bbox 1311 930 1563 997; x_wconf 77' lang='grc' dir='ltr'><em>μεγάλων</em></span> <span class='ocrx_word' id='word_1_64' title='bbox 1599 929 1805 999; x_wconf 84' lang='grc' dir='ltr'><em>ὑπῆρχε</em></span> <span class='ocrx_word' id='word_1_65' title='bbox 1842 936 1916 1002; x_wconf 80' lang='grc' dir='ltr'><em>τῷ</em></span> 
     </span>
     <span class='ocr_line' id='line_1_10' title="bbox 236 1014 1910 1088; baseline 0.001 -20"><span class='ocrx_word' id='word_1_66' title='bbox 236 1015 470 1086; x_wconf 83' lang='grc' dir='ltr'><em>φανέντι</em></span> <span class='ocrx_word' id='word_1_67' title='bbox 530 1027 731 1086; x_wconf 83' lang='grc' dir='ltr'><em>τυχεῖν.</em></span> <span class='ocrx_word' id='word_1_68' title='bbox 819 1014 934 1069; x_wconf 85' lang='grc' dir='ltr'><em>ἀλλ’</em></span> <span class='ocrx_word' id='word_1_69' title='bbox 975 1017 1118 1083; x_wconf 82' lang='grc' dir='ltr'><em>ὅμως</em></span> <span class='ocrx_word' id='word_1_70' title='bbox 1179 1015 1364 1080; x_wconf 82' lang='grc' dir='ltr'><em>οὐδεὶς</em></span> <span class='ocrx_word' id='word_1_71' title='bbox 1424 1016 1542 1070; x_wconf 84' lang='grc' dir='ltr'><em>οὐδ’</em></span> <span class='ocrx_word' id='word_1_72' title='bbox 1580 1015 1740 1088; x_wconf 80' lang='grc' dir='ltr'><em>ἔρωτι</em></span> <span class='ocrx_word' id='word_1_73' title='bbox 1800 1027 1910 1071; x_wconf 85' lang='grc' dir='ltr'><em>τῶν</em></span> 
     </span>
     <span class='ocr_line' id='line_1_11' title="bbox 172 1105 1910 1175; baseline 0.001 -17"><span class='ocrx_word' id='word_1_74' title='bbox 172 1126 214 1159; x_wconf 88' lang='lat'><em>10</em></span> <span class='ocrx_word' id='word_1_75' title='bbox 237 1114 416 1175; x_wconf 80' lang='grc' dir='ltr'><em>γερῶν</em></span> <span class='ocrx_word' id='word_1_76' title='bbox 453 1106 867 1174; x_wconf 83' lang='grc' dir='ltr'><em>ἠλαζονεύσατο.</em></span> <span class='ocrx_word' id='word_1_77' title='bbox 944 1105 1067 1158; x_wconf 81' lang='grc'><em>275.</em></span> <span class='ocrx_word' id='word_1_78' title='bbox 1106 1106 1195 1158; x_wconf 84' lang='grc' dir='ltr'><em>καὶ</em></span> <span class='ocrx_word' id='word_1_79' title='bbox 1230 1109 1404 1175; x_wconf 86' lang='grc' dir='ltr'><em>πολλή</em></span> <span class='ocrx_word' id='word_1_80' title='bbox 1443 1126 1503 1173; x_wconf 89' lang='grc' dir='ltr'><em>γε</em></span> <span class='ocrx_word' id='word_1_81' title='bbox 1540 1115 1654 1169; x_wconf 89' lang='grc' dir='ltr'><em>τοῖς</em></span> <span class='ocrx_word' id='word_1_82' title='bbox 1692 1109 1910 1174; x_wconf 88' lang='grc' dir='ltr'><em>πολεμί-</em></span> 
     </span>
     <span class='ocr_line' id='line_1_12' title="bbox 237 1189 1910 1265; baseline 0.001 -19"><span class='ocrx_word' id='word_1_83' title='bbox 237 1213 321 1256; x_wconf 94' lang='grc' dir='ltr'><em>οις</em></span> <span class='ocrx_word' id='word_1_84' title='bbox 358 1194 390 1262; x_wconf 81' lang='grc' dir='ltr'><em>ἡ</em></span> <span class='ocrx_word' id='word_1_85' title='bbox 431 1195 601 1263; x_wconf 76' lang='grc' dir='ltr'><em>χάρις,</em></span> <span class='ocrx_word' id='word_1_86' title='bbox 641 1194 724 1246; x_wconf 83' lang='grc' dir='ltr'><em>ὅτι</em></span> <span class='ocrx_word' id='word_1_87' title='bbox 763 1189 842 1247; x_wconf 82' lang='grc' dir='ltr'><em>ὧν</em></span> <span class='ocrx_word' id='word_1_88' title='bbox 881 1194 982 1247; x_wconf 89' lang='grc' dir='ltr'><em>οὐκ</em></span> <span class='ocrx_word' id='word_1_89' title='bbox 1028 1191 1267 1264; x_wconf 80' lang='grc' dir='ltr'><em>ἔδρασαν</em></span> <span class='ocrx_word' id='word_1_90' title='bbox 1313 1194 1379 1247; x_wconf 84' lang='grc' dir='ltr'><em>οὐ</em></span> <span class='ocrx_word' id='word_1_91' title='bbox 1426 1193 1764 1265; x_wconf 81' lang='grc' dir='ltr'><em>προσέθεντο</em></span> <span class='ocrx_word' id='word_1_92' title='bbox 1810 1196 1910 1264; x_wconf 86' lang='grc' dir='ltr'><em>τὴν</em></span> 
     </span>
     <span class='ocr_line' id='line_1_13' title="bbox 238 1280 1911 1352; baseline 0.001 -18"><span class='ocrx_word' id='word_1_93' title='bbox 238 1280 419 1351; x_wconf 74' lang='grc' dir='ltr'><em>δόξαν,</em></span> <span class='ocrx_word' id='word_1_94' title='bbox 460 1281 577 1335; x_wconf 84' lang='grc' dir='ltr'><em>ἀλλ’</em></span> <span class='ocrx_word' id='word_1_95' title='bbox 609 1283 808 1336; x_wconf 82' lang='grc' dir='ltr'><em>ἔδοσαν</em></span> <span class='ocrx_word' id='word_1_96' title='bbox 846 1282 976 1350; x_wconf 79' lang='grc' dir='ltr'><em>ἡμῖν</em></span> <span class='ocrx_word' id='word_1_97' title='bbox 1015 1281 1140 1352; x_wconf 87' lang='grc' dir='ltr'><em>παρ’</em></span> <span class='ocrx_word' id='word_1_98' title='bbox 1169 1282 1301 1351; x_wconf 84' lang='grc' dir='ltr'><em>ἡμῖν</em></span> <span class='ocrx_word' id='word_1_99' title='bbox 1341 1282 1526 1345; x_wconf 82' lang='grc' dir='ltr'><em>αὐτοῖς</em></span> <span class='ocrx_word' id='word_1_100' title='bbox 1563 1285 1663 1336; x_wconf 89' lang='grc' dir='ltr'><em>τὸν</em></span> <span class='ocrx_word' id='word_1_101' title='bbox 1699 1282 1911 1352; x_wconf 86' lang='grc' dir='ltr'><em>σφαγέα</em></span> 
     </span>
     <span class='ocr_line' id='line_1_14' title="bbox 237 1364 1910 1441; baseline 0.001 -18"><span class='ocrx_word' id='word_1_102' title='bbox 237 1374 429 1438; x_wconf 81' lang='grc' dir='ltr'><em>ζητεῖν.</em></span> <span class='ocrx_word' id='word_1_103' title='bbox 506 1364 588 1434; x_wconf 83' lang='grc' dir='ltr'><em>οἷς</em></span> <span class='ocrx_word' id='word_1_104' title='bbox 627 1372 730 1441; x_wconf 78' lang='grc' dir='ltr'><em>γὰρ</em></span> <span class='ocrx_word' id='word_1_105' title='bbox 770 1371 871 1424; x_wconf 83' lang='grc' dir='ltr'><em>οὐκ</em></span> <span class='ocrx_word' id='word_1_106' title='bbox 906 1370 1202 1424; x_wconf 80' lang='grc' dir='ltr'><em>ἐλυσιτέλει</em></span> <span class='ocrx_word' id='word_1_107' title='bbox 1243 1373 1364 1439; x_wconf 80' lang='grc' dir='ltr'><em>ζῶν,</em></span> <span class='ocrx_word' id='word_1_108' title='bbox 1403 1366 1557 1424; x_wconf 83' lang='grc' dir='ltr'><em>οὗτοι</em></span> <span class='ocrx_word' id='word_1_109' title='bbox 1588 1368 1649 1424; x_wconf 74' lang='grc' dir='ltr'><em>δὲ</em></span> <span class='ocrx_word' id='word_1_110' title='bbox 1679 1367 1820 1440; x_wconf 79' lang='grc' dir='ltr'><em>ἦσαν</em></span> <span class='ocrx_word' id='word_1_111' title='bbox 1858 1372 1910 1425; x_wconf 79' lang='grc' dir='ltr'><em>οἱ</em></span> 
     </span>
     <span class='ocr_line' id='line_1_15' title="bbox 238 1459 1911 1529; baseline 0.001 -17"><span class='ocrx_word' id='word_1_112' title='bbox 238 1462 430 1524; x_wconf 81' lang='grc' dir='ltr'><em>ζῶντες</em></span> <span class='ocrx_word' id='word_1_113' title='bbox 476 1459 543 1512; x_wconf 87' lang='grc' dir='ltr'><em>οὐ</em></span> <span class='ocrx_word' id='word_1_114' title='bbox 589 1461 724 1512; x_wconf 81' lang='grc' dir='ltr'><em>κατὰ</em></span> <span class='ocrx_word' id='word_1_115' title='bbox 768 1461 898 1522; x_wconf 84' lang='grc' dir='ltr'><em>τοὺς</em></span> <span class='ocrx_word' id='word_1_116' title='bbox 951 1462 1173 1528; x_wconf 81' lang='grc' dir='ltr'><em>νόμους,</em></span> <span class='ocrx_word' id='word_1_117' title='bbox 1226 1460 1395 1512; x_wconf 78' lang='grc' dir='ltr'><em>πάλαι</em></span> <span class='ocrx_word' id='word_1_118' title='bbox 1439 1479 1495 1512; x_wconf 90' lang='grc' dir='ltr'><em>τε</em></span> <span class='ocrx_word' id='word_1_119' title='bbox 1547 1460 1911 1529; x_wconf 85' lang='grc' dir='ltr'><em>ἐπεβούλευον</em></span> 
     </span>
     <span class='ocr_line' id='line_1_16' title="bbox 172 1547 1910 1618; baseline -0.001 -16"><span class='ocrx_word' id='word_1_120' title='bbox 172 1569 213 1602; x_wconf 86' lang='lat'><em>15</em></span> <span class='ocrx_word' id='word_1_121' title='bbox 237 1547 327 1600; x_wconf 86' lang='grc' dir='ltr'><em>καὶ</em></span> <span class='ocrx_word' id='word_1_122' title='bbox 365 1549 485 1601; x_wconf 89' lang='grc' dir='ltr'><em>τότε</em></span> <span class='ocrx_word' id='word_1_123' title='bbox 525 1547 860 1616; x_wconf 75' lang='grc' dir='ltr'><em>δυνηθέντες</em></span> <span class='ocrx_word' id='word_1_124' title='bbox 899 1548 1221 1618; x_wconf 77' lang='grc' dir='ltr'><em>εἰργάσαντο</em></span> <span class='ocrx_word' id='word_1_125' title='bbox 1267 1555 1362 1616; x_wconf 81' lang='grc' dir='ltr'><em>τῆς</em></span> <span class='ocrx_word' id='word_1_126' title='bbox 1399 1567 1456 1601; x_wconf 87' lang='grc' dir='ltr'><em>τε</em></span> <span class='ocrx_word' id='word_1_127' title='bbox 1495 1548 1660 1617; x_wconf 78' lang='grc' dir='ltr'><em>ἄλλης</em></span> <span class='ocrx_word' id='word_1_128' title='bbox 1699 1548 1910 1611; x_wconf 83' lang='grc' dir='ltr'><em>ἀδικίας</em></span> 
     </span>
     <span class='ocr_line' id='line_1_17' title="bbox 237 1635 1909 1706; baseline 0.001 -17"><span class='ocrx_word' id='word_1_129' title='bbox 237 1636 439 1698; x_wconf 84' lang='grc' dir='ltr'><em>αὐτοὺς</em></span> <span class='ocrx_word' id='word_1_130' title='bbox 491 1636 899 1704; x_wconf 77' lang='grc' dir='ltr'><em>ἀναγκαζούσης</em></span> <span class='ocrx_word' id='word_1_131' title='bbox 952 1637 1054 1689; x_wconf 87' lang='grc' dir='ltr'><em>οὐκ</em></span> <span class='ocrx_word' id='word_1_132' title='bbox 1113 1635 1344 1706; x_wconf 78' lang='grc' dir='ltr'><em>ἐχούσης</em></span> <span class='ocrx_word' id='word_1_133' title='bbox 1404 1635 1492 1689; x_wconf 79' lang='grc' dir='ltr'><em>ἐπὶ</em></span> <span class='ocrx_word' id='word_1_134' title='bbox 1537 1645 1639 1706; x_wconf 27' lang='grc' dir='ltr'><em>,τῆς</em></span> <span class='ocrx_word' id='word_1_135' title='bbox 1697 1636 1909 1690; x_wconf 85' lang='grc' dir='ltr'><em>ἐκείνου</em></span> 
     </span>
     <span class='ocr_line' id='line_1_18' title="bbox 147 1723 1911 1794; baseline -0.001 -13"><span class='ocrx_word' id='word_1_136' title='bbox 147 1736 187 1780; x_wconf 84' lang='lat' dir='ltr'><strong>R</strong></span> <span class='ocrx_word' id='word_1_137' title='bbox 209 1741 295 1781; x_wconf 87' lang='lat'><em>615</em></span> <span class='ocrx_word' id='word_1_138' title='bbox 334 1727 613 1794; x_wconf 86' lang='grc' dir='ltr'><em>βασιλείας</em></span> <span class='ocrx_word' id='word_1_139' title='bbox 651 1723 906 1788; x_wconf 79' lang='grc' dir='ltr'><em>ἐξουσίαν</em></span> <span class='ocrx_word' id='word_1_140' title='bbox 939 1723 1029 1777; x_wconf 87' lang='grc' dir='ltr'><em>καὶ</em></span> <span class='ocrx_word' id='word_1_141' title='bbox 1068 1725 1301 1794; x_wconf 78' lang='grc' dir='ltr'><em>μάλιστά</em></span> <span class='ocrx_word' id='word_1_142' title='bbox 1349 1727 1355 1789; x_wconf 91' lang='grc' dir='ltr'>Ι</span> <span class='ocrx_word' id='word_1_143' title='bbox 1405 1744 1466 1792; x_wconf 90' lang='grc' dir='ltr'><em>γε</em></span> <span class='ocrx_word' id='word_1_144' title='bbox 1503 1733 1603 1778; x_wconf 89' lang='grc' dir='ltr'><em>τοῦ</em></span> <span class='ocrx_word' id='word_1_145' title='bbox 1648 1731 1911 1793; x_wconf 84' lang='grc' dir='ltr'><em>τιμᾶσθαι</em></span> 
     </span>
     <span class='ocr_line' id='line_1_19' title="bbox 234 1809 1364 1882; baseline 0.001 -17"><span class='ocrx_word' id='word_1_146' title='bbox 234 1815 365 1876; x_wconf 86' lang='grc' dir='ltr'><em>τοὺς</em></span> <span class='ocrx_word' id='word_1_147' title='bbox 402 1814 587 1880; x_wconf 79' lang='grc' dir='ltr'><em>θεούς,</em></span> <span class='ocrx_word' id='word_1_148' title='bbox 628 1809 694 1866; x_wconf 81' lang='grc' dir='ltr'><em>οὗ</em></span> <span class='ocrx_word' id='word_1_149' title='bbox 733 1814 794 1866; x_wconf 90' lang='grc' dir='ltr'><em>τὸ</em></span> <span class='ocrx_word' id='word_1_150' title='bbox 834 1812 1087 1866; x_wconf 86' lang='grc' dir='ltr'><em>ἐναντίον</em></span> <span class='ocrx_word' id='word_1_151' title='bbox 1127 1812 1364 1882; x_wconf 81' lang='grc' dir='ltr'><em>ἐζήτουν.</em></span> 
     </span>
    </p>
   </div>
   <div class='ocr_carea' id='block_1_3' title="bbox 234 1919 503 1924">
    <p class='ocr_par' dir='ltr' id='par_1_3' title="bbox 234 1919 503 1924">
     <span class='ocr_line' id='line_1_20' title="bbox 234 1919 503 1924; baseline 0 0"><span class='ocrx_word' id='word_1_152' title='bbox 234 1919 503 1924; x_wconf 95' lang='lat' dir='ltr'><em> </em></span> 
     </span>
    </p>
   </div>
   <div class='ocr_carea' id='block_1_4' title="bbox 353 1987 1614 2044">
    <p class='ocr_par' dir='ltr' id='par_1_4' title="bbox 353 1987 1614 2044">
     <span class='ocr_line' id='line_1_21' title="bbox 353 1987 1614 2044; baseline 0.001 -14"><span class='ocrx_word' id='word_1_153' title='bbox 353 1992 378 2030; x_wconf 89' lang='lat'>5</span> <span class='ocrx_word' id='word_1_154' title='bbox 411 1987 559 2031; x_wconf 86' lang='lat' dir='ltr'><strong>Amm.</strong></span> <span class='ocrx_word' id='word_1_155' title='bbox 584 1987 711 2031; x_wconf 90' lang='lat' dir='ltr'><em>XXV</em></span> <span class='ocrx_word' id='word_1_156' title='bbox 735 1992 775 2043; x_wconf 85' lang='lat'><em>6,</em></span> <span class='ocrx_word' id='word_1_157' title='bbox 795 1993 833 2032; x_wconf 85' lang='lat'><em>6.</em></span> <span class='ocrx_word' id='word_1_158' title='bbox 879 1988 935 2031; x_wconf 83' lang='lat' dir='ltr'><em>cf.</em></span> <span class='ocrx_word' id='word_1_159' title='bbox 963 2002 1025 2031; x_wconf 85' lang='lat' dir='ltr'><em>or.</em></span> <span class='ocrx_word' id='word_1_160' title='bbox 1043 1988 1190 2030; x_wconf 89' lang='lat' dir='ltr'><strong>XXIII</strong></span> <span class='ocrx_word' id='word_1_161' title='bbox 1220 1990 1251 2031; x_wconf 72' lang='lat' dir='ltr'><em>t.</em></span> <span class='ocrx_word' id='word_1_162' title='bbox 1277 1987 1319 2030; x_wconf 90' lang='grc' dir='ltr'>Π</span> <span class='ocrx_word' id='word_1_163' title='bbox 1344 1988 1614 2044; x_wconf 82' lang='lat' dir='ltr'>31‚14sq.R-</span> 
     </span>
    </p>
   </div>
   <div class='ocr_carea' id='block_1_5' title="bbox 234 2081 587 2086">
    <p class='ocr_par' dir='ltr' id='par_1_5' title="bbox 234 2081 587 2086">
     <span class='ocr_line' id='line_1_22' title="bbox 234 2081 587 2086; baseline 0 0"><span class='ocrx_word' id='word_1_164' title='bbox 234 2081 587 2086; x_wconf 95' lang='lat' dir='ltr'><em> </em></span> 
     </span>
    </p>
   </div>
   <div class='ocr_carea' id='block_1_6' title="bbox 235 2146 1910 2912">
    <p class='ocr_par' dir='ltr' id='par_1_6' title="bbox 235 2146 1910 2500">
     <span class='ocr_line' id='line_1_23' title="bbox 360 2146 1852 2206; baseline 0 -15"><span class='ocrx_word' id='word_1_165' title='bbox 360 2155 381 2191; x_wconf 91' lang='lat'>1</span> <span class='ocrx_word' id='word_1_166' title='bbox 423 2167 477 2206; x_wconf 80' lang='grc' dir='ltr'><em>γρ</em></span> <span class='ocrx_word' id='word_1_167' title='bbox 503 2147 720 2194; x_wconf 82' lang='grc' dir='ltr'><em>ἐπιτέλλει</em></span> <span class='ocrx_word' id='word_1_168' title='bbox 751 2149 800 2192; x_wconf 87' lang='grc'><em>111</em></span> <span class='ocrx_word' id='word_1_169' title='bbox 830 2163 965 2206; x_wconf 81' lang='lat' dir='ltr'>marg</span> <span class='ocrx_word' id='word_1_170' title='bbox 994 2149 1095 2192; x_wconf 89' lang='lat' dir='ltr'><em>Mor</em></span> <span class='ocrx_word' id='word_1_171' title='bbox 1144 2151 1149 2205; x_wconf 79' lang='grc' dir='ltr'>Ι</span> <span class='ocrx_word' id='word_1_172' title='bbox 1201 2149 1368 2199; x_wconf 81' lang='grc' dir='ltr'><em>αὐτοὺς</em></span> <span class='ocrx_word' id='word_1_173' title='bbox 1397 2150 1434 2192; x_wconf 90' lang='grc' dir='ltr'><em>Ι</em></span> <span class='ocrx_word' id='word_1_174' title='bbox 1458 2149 1539 2192; x_wconf 84' lang='lat' dir='ltr'><em>sed</em></span> <span class='ocrx_word' id='word_1_175' title='bbox 1563 2146 1573 2163; x_wconf 65' lang='lat'><em>³</em></span> <span class='ocrx_word' id='word_1_176' title='bbox 1605 2148 1655 2191; x_wconf 89' lang='lat' dir='ltr'><em>in</em></span> <span class='ocrx_word' id='word_1_177' title='bbox 1677 2162 1751 2191; x_wconf 83' lang='lat' dir='ltr'><em>ras</em></span> <span class='ocrx_word' id='word_1_178' title='bbox 1783 2148 1852 2191; x_wconf 71' lang='lat' dir='ltr'><em>m2</em></span> 
     </span>
     <span class='ocr_line' id='line_1_24' title="bbox 236 2206 1910 2265; baseline -0.001 -13"><span class='ocrx_word' id='word_1_179' title='bbox 236 2208 406 2260; x_wconf 81' lang='grc' dir='ltr'><em>αὐτοὺς</em></span> <span class='ocrx_word' id='word_1_180' title='bbox 439 2210 662 2252; x_wconf 79' lang='lat' dir='ltr'><em>MoLaM</em></span> <span class='ocrx_word' id='word_1_181' title='bbox 670 2209 714 2251; x_wconf 88' lang='lat' dir='ltr'><em>U</em></span> <span class='ocrx_word' id='word_1_182' title='bbox 738 2209 785 2251; x_wconf 73' lang='lat' dir='ltr'><em>et</em></span> <span class='ocrx_word' id='word_1_183' title='bbox 814 2208 864 2251; x_wconf 86' lang='lat' dir='ltr'><em>in</em></span> <span class='ocrx_word' id='word_1_184' title='bbox 896 2208 1064 2257; x_wconf 78' lang='grc' dir='ltr'><em>αὐτοὺς</em></span> <span class='ocrx_word' id='word_1_185' title='bbox 1095 2221 1195 2251; x_wconf 84' lang='lat' dir='ltr'>corr</span> <span class='ocrx_word' id='word_1_186' title='bbox 1219 2207 1290 2251; x_wconf 74' lang='grc' dir='ltr'><em>Ρ8</em></span> <span class='ocrx_word' id='word_1_187' title='bbox 1409 2212 1434 2250; x_wconf 92' lang='lat'><strong>3</strong></span> <span class='ocrx_word' id='word_1_188' title='bbox 1465 2206 1634 2265; x_wconf 86' lang='grc' dir='ltr'><em>χρόνον</em></span> <span class='ocrx_word' id='word_1_189' title='bbox 1665 2207 1766 2251; x_wconf 87' lang='lat' dir='ltr'><em>Mor</em></span> <span class='ocrx_word' id='word_1_190' title='bbox 1790 2207 1910 2250; x_wconf 81' lang='lat' dir='ltr'><strong>Fabr</strong></span> 
     </span>
     <span class='ocr_line' id='line_1_25' title="bbox 237 2264 1906 2324; baseline 0.001 -15"><span class='ocrx_word' id='word_1_191' title='bbox 237 2267 362 2324; x_wconf 90' lang='lat' dir='ltr'>quod</span> <span class='ocrx_word' id='word_1_192' title='bbox 393 2281 494 2310; x_wconf 84' lang='lat' dir='ltr'><strong>oon·</strong></span> <span class='ocrx_word' id='word_1_193' title='bbox 524 2267 592 2310; x_wconf 83' lang='lat' dir='ltr'><em>Re</em></span> <span class='ocrx_word' id='word_1_194' title='bbox 769 2271 797 2309; x_wconf 99' lang='lat'>4</span> <span class='ocrx_word' id='word_1_195' title='bbox 833 2264 914 2316; x_wconf 85' lang='grc' dir='ltr'><em>Τίς</em></span> <span class='ocrx_word' id='word_1_196' title='bbox 945 2293 1000 2298; x_wconf 92' lang='grc'><strong>-</strong></span> <span class='ocrx_word' id='word_1_197' title='bbox 1034 2270 1087 2309; x_wconf 89' lang='grc'><em>18</em></span> <span class='ocrx_word' id='word_1_198' title='bbox 1121 2265 1307 2320; x_wconf 81' lang='grc' dir='ltr'><em>ἐζήτουν</em></span> <span class='ocrx_word' id='word_1_199' title='bbox 1347 2266 1462 2309; x_wconf 75' lang='lat' dir='ltr'><strong>citat</strong></span> <span class='ocrx_word' id='word_1_200' title='bbox 1494 2266 1769 2310; x_wconf 80' lang='lat' dir='ltr'>Sozomenus</span> <span class='ocrx_word' id='word_1_201' title='bbox 1800 2267 1906 2310; x_wconf 66' lang='lat' dir='ltr'>hist.</span> 
     </span>
     <span class='ocr_line' id='line_1_26' title="bbox 237 2324 1908 2382; baseline -0.001 -13"><span class='ocrx_word' id='word_1_202' title='bbox 237 2326 346 2370; x_wconf 82' lang='lat' dir='ltr'>eccl.</span> <span class='ocrx_word' id='word_1_203' title='bbox 376 2326 439 2369; x_wconf 91' lang='lat' dir='ltr'><em>VI</em></span> <span class='ocrx_word' id='word_1_204' title='bbox 469 2331 491 2369; x_wconf 88' lang='lat'>1</span> <span class='ocrx_word' id='word_1_205' title='bbox 529 2341 571 2382; x_wconf 93' lang='lat' dir='ltr'><em>p.</em></span> <span class='ocrx_word' id='word_1_206' title='bbox 603 2329 686 2369; x_wconf 84' lang='grc'><em>218</em></span> <span class='ocrx_word' id='word_1_207' title='bbox 719 2338 743 2368; x_wconf 85' lang='lat' dir='ltr'>e</span> <span class='ocrx_word' id='word_1_208' title='bbox 780 2340 870 2380; x_wconf 90' lang='lat' dir='ltr'><em>quo</em></span> <span class='ocrx_word' id='word_1_209' title='bbox 906 2325 1064 2369; x_wconf 73' lang='lat' dir='ltr'><strong>hausit</strong></span> <span class='ocrx_word' id='word_1_210' title='bbox 1098 2324 1385 2380; x_wconf 81' lang='lat' dir='ltr'>Nicephorus</span> <span class='ocrx_word' id='word_1_211' title='bbox 1419 2324 1530 2368; x_wconf 85' lang='lat' dir='ltr'>Call.</span> <span class='ocrx_word' id='word_1_212' title='bbox 1560 2326 1604 2368; x_wconf 95' lang='grc'><em>11.</em></span> <span class='ocrx_word' id='word_1_213' title='bbox 1634 2325 1743 2369; x_wconf 82' lang='lat' dir='ltr'>eccl.</span> <span class='ocrx_word' id='word_1_214' title='bbox 1772 2325 1814 2368; x_wconf 92' lang='lat' dir='ltr'>X</span> <span class='ocrx_word' id='word_1_215' title='bbox 1838 2330 1908 2380; x_wconf 82' lang='lat'><em>34,</em></span> 
     </span>
     <span class='ocr_line' id='line_1_27' title="bbox 235 2382 1910 2443; baseline -0.001 -14"><span class='ocrx_word' id='word_1_216' title='bbox 235 2384 459 2443; x_wconf 87' lang='grc' dir='ltr'><em>Λιβανιος</em></span> <span class='ocrx_word' id='word_1_217' title='bbox 490 2385 540 2428; x_wconf 79' lang='grc' dir='ltr'><em>δὲ</em></span> <span class='ocrx_word' id='word_1_218' title='bbox 581 2383 605 2428; x_wconf 86' lang='grc' dir='ltr'>ὁ</span> <span class='ocrx_word' id='word_1_219' title='bbox 638 2384 792 2439; x_wconf 85' lang='grc' dir='ltr'><em>Σύρος</em></span> <span class='ocrx_word' id='word_1_220' title='bbox 822 2383 1061 2440; x_wconf 85' lang='grc' dir='ltr'><em>σοφιστής,</em></span> <span class='ocrx_word' id='word_1_221' title='bbox 1100 2382 1157 2427; x_wconf 81' lang='grc' dir='ltr'><em>τὰ</em></span> <span class='ocrx_word' id='word_1_222' title='bbox 1188 2382 1380 2440; x_wconf 79' lang='grc' dir='ltr'><em>μάλιστα</em></span> <span class='ocrx_word' id='word_1_223' title='bbox 1420 2383 1628 2441; x_wconf 86' lang='grc' dir='ltr'><em>συνήθης</em></span> <span class='ocrx_word' id='word_1_224' title='bbox 1665 2385 1745 2428; x_wconf 84' lang='grc' dir='ltr'><em>καὶ</em></span> <span class='ocrx_word' id='word_1_225' title='bbox 1776 2382 1910 2440; x_wconf 84' lang='grc' dir='ltr'><em>φίλος</em></span> 
     </span>
     <span class='ocr_line' id='line_1_28' title="bbox 236 2439 1906 2518; baseline -0.001 -31"><span class='ocrx_word' id='word_1_226' title='bbox 236 2445 362 2504; x_wconf 77' lang='grc' dir='ltr'><em>αὐτῷ</em></span> <span class='ocrx_word' id='word_1_227' title='bbox 392 2444 604 2518; x_wconf 79' lang='grc' dir='ltr'><em>γεγονώς,</em></span> <span class='ocrx_word' id='word_1_228' title='bbox 634 2442 746 2487; x_wconf 77' lang='grc' dir='ltr'><em>τάδε</em></span> <span class='ocrx_word' id='word_1_229' title='bbox 775 2443 882 2498; x_wconf 81' lang='grc' dir='ltr'><em>περὶ</em></span> <span class='ocrx_word' id='word_1_230' title='bbox 912 2450 993 2486; x_wconf 88' lang='grc' dir='ltr'><em>τοῦ</em></span> <span class='ocrx_word' id='word_1_231' title='bbox 1025 2439 1290 2492; x_wconf 82' lang='grc' dir='ltr'><em>κτείναντος</em></span> <span class='ocrx_word' id='word_1_232' title='bbox 1314 2443 1455 2486; x_wconf 78' lang='grc' dir='ltr'><em>αὐτὸν</em></span> <span class='ocrx_word' id='word_1_233' title='bbox 1480 2442 1668 2499; x_wconf 82' lang='grc' dir='ltr'><em>γράφει·</em></span> <span class='ocrx_word' id='word_1_234' title='bbox 1706 2441 1788 2493; x_wconf 85' lang='grc' dir='ltr'><em>Τίς</em></span> <span class='ocrx_word' id='word_1_235' title='bbox 1817 2445 1906 2486; x_wconf 80' lang='grc' dir='ltr'><em>κτλ.</em></span> 
     </span>
    </p>

    <p class='ocr_par' dir='ltr' id='par_1_7' title="bbox 237 2500 1910 2912">
     <span class='ocr_line' id='line_1_29' title="bbox 299 2500 1851 2559; baseline 0 -15"><span class='ocrx_word' id='word_1_236' title='bbox 299 2506 323 2544; x_wconf 79' lang='lat'>7</span> <span class='ocrx_word' id='word_1_237' title='bbox 355 2500 508 2546; x_wconf 85' lang='grc' dir='ltr'><em>καίτοι</em></span> <span class='ocrx_word' id='word_1_238' title='bbox 537 2503 618 2546; x_wconf 84' lang='grc' dir='ltr'><em>καὶ</em></span> <span class='ocrx_word' id='word_1_239' title='bbox 648 2500 728 2546; x_wconf 87' lang='grc' dir='ltr'><em>δια</em></span> <span class='ocrx_word' id='word_1_240' title='bbox 759 2501 826 2546; x_wconf 83' lang='lat' dir='ltr'><em>Re</em></span> <span class='ocrx_word' id='word_1_241' title='bbox 875 2504 881 2557; x_wconf 86' lang='grc' dir='ltr'>Ι</span> <span class='ocrx_word' id='word_1_242' title='bbox 933 2501 956 2545; x_wconf 87' lang='grc' dir='ltr'>ὁ</span> <span class='ocrx_word' id='word_1_243' title='bbox 987 2500 1168 2557; x_wconf 79' lang='grc' dir='ltr'><em>Πέρσης</em></span> <span class='ocrx_word' id='word_1_244' title='bbox 1200 2501 1348 2545; x_wconf 81' lang='grc' dir='ltr'><em>ἐκαλει</em></span> <span class='ocrx_word' id='word_1_245' title='bbox 1376 2502 1493 2557; x_wconf 88' lang='grc' dir='ltr'><em>πρὸς</em></span> <span class='ocrx_word' id='word_1_246' title='bbox 1523 2501 1658 2559; x_wconf 81' lang='grc' dir='ltr'><em>γέρας</em></span> <span class='ocrx_word' id='word_1_247' title='bbox 1689 2501 1851 2545; x_wconf 86' lang='lat' dir='ltr'>Sozom</span> 
     </span>
     <span class='ocr_line' id='line_1_30' title="bbox 238 2559 1910 2617; baseline -0.001 -13"><span class='ocrx_word' id='word_1_248' title='bbox 238 2565 263 2604; x_wconf 87' lang='grc'>9</span> <span class='ocrx_word' id='word_1_249' title='bbox 297 2562 452 2613; x_wconf 79' lang='grc' dir='ltr'><em>οὐδεὶς</em></span> <span class='ocrx_word' id='word_1_250' title='bbox 483 2576 558 2605; x_wconf 89' lang='lat' dir='ltr'><em>om</em></span> <span class='ocrx_word' id='word_1_251' title='bbox 586 2561 747 2605; x_wconf 86' lang='lat' dir='ltr'>Sozom</span> <span class='ocrx_word' id='word_1_252' title='bbox 868 2564 922 2603; x_wconf 92' lang='lat'><em>10</em></span> <span class='ocrx_word' id='word_1_253' title='bbox 954 2560 1252 2616; x_wconf 79' lang='grc' dir='ltr'><em>ἠλαζονεύετο</em></span> <span class='ocrx_word' id='word_1_254' title='bbox 1276 2562 1311 2604; x_wconf 94' lang='grc' dir='ltr'><em>Ι</em></span> <span class='ocrx_word' id='word_1_255' title='bbox 1336 2561 1416 2604; x_wconf 79' lang='lat' dir='ltr'><em>sed</em></span> <span class='ocrx_word' id='word_1_256' title='bbox 1449 2577 1469 2604; x_wconf 87' lang='grc' dir='ltr'><em>ε</em></span> <span class='ocrx_word' id='word_1_257' title='bbox 1494 2563 1554 2617; x_wconf 83' lang='grc'><em>(2)</em></span> <span class='ocrx_word' id='word_1_258' title='bbox 1586 2561 1636 2604; x_wconf 84' lang='lat' dir='ltr'><em>in</em></span> <span class='ocrx_word' id='word_1_259' title='bbox 1665 2573 1741 2603; x_wconf 81' lang='lat' dir='ltr'><em>ras</em></span> <span class='ocrx_word' id='word_1_260' title='bbox 1774 2565 1799 2603; x_wconf 85' lang='lat'><strong>2</strong></span> <span class='ocrx_word' id='word_1_261' title='bbox 1831 2559 1910 2602; x_wconf 75' lang='lat' dir='ltr'>litt</span> 
     </span>
     <span class='ocr_line' id='line_1_31' title="bbox 298 2618 1909 2676; baseline -0.001 -13"><span class='ocrx_word' id='word_1_262' title='bbox 298 2624 351 2663; x_wconf 87' lang='grc'><em>11</em></span> <span class='ocrx_word' id='word_1_263' title='bbox 384 2620 413 2676; x_wconf 87' lang='grc' dir='ltr'>ἡ</span> <span class='ocrx_word' id='word_1_264' title='bbox 445 2620 619 2664; x_wconf 81' lang='lat' dir='ltr'>inserui</span> <span class='ocrx_word' id='word_1_265' title='bbox 649 2634 673 2664; x_wconf 83' lang='lat' dir='ltr'>e</span> <span class='ocrx_word' id='word_1_266' title='bbox 708 2620 819 2664; x_wconf 84' lang='lat' dir='ltr'><em>VLa</em></span> <span class='ocrx_word' id='word_1_267' title='bbox 851 2619 1013 2663; x_wconf 83' lang='lat' dir='ltr'>Sozom</span> <span class='ocrx_word' id='word_1_268' title='bbox 1041 2622 1046 2676; x_wconf 84' lang='grc' dir='ltr'>Ι</span> <span class='ocrx_word' id='word_1_269' title='bbox 1074 2618 1366 2675; x_wconf 79' lang='grc' dir='ltr'><em>προσέθεσαν</em></span> <span class='ocrx_word' id='word_1_270' title='bbox 1397 2621 1473 2664; x_wconf 89' lang='lat' dir='ltr'><em>La</em></span> <span class='ocrx_word' id='word_1_271' title='bbox 1615 2623 1668 2662; x_wconf 89' lang='lat'><em>13</em></span> <span class='ocrx_word' id='word_1_272' title='bbox 1701 2618 1809 2662; x_wconf 80' lang='grc' dir='ltr'><em>οὐδὲ</em></span> <span class='ocrx_word' id='word_1_273' title='bbox 1840 2618 1909 2662; x_wconf 80' lang='lat' dir='ltr'><em>Re</em></span> 
     </span>
     <span class='ocr_line' id='line_1_32' title="bbox 239 2672 1908 2737; baseline -0.002 -15"><span class='ocrx_word' id='word_1_274' title='bbox 239 2678 247 2737; x_wconf 82' lang='grc'><em>1</em></span> <span class='ocrx_word' id='word_1_275' title='bbox 283 2672 401 2734; x_wconf 85' lang='grc' dir='ltr'><em>ἦσαν</em></span> <span class='ocrx_word' id='word_1_276' title='bbox 433 2693 508 2722; x_wconf 86' lang='grc'><em>0111</em></span> <span class='ocrx_word' id='word_1_277' title='bbox 541 2680 585 2723; x_wconf 92' lang='lat' dir='ltr'><em>U</em></span> <span class='ocrx_word' id='word_1_278' title='bbox 619 2680 624 2734; x_wconf 84' lang='grc' dir='ltr'>Ι</span> <span class='ocrx_word' id='word_1_279' title='bbox 663 2678 709 2722; x_wconf 89' lang='grc' dir='ltr'><em>οἳ</em></span> <span class='ocrx_word' id='word_1_280' title='bbox 740 2679 814 2724; x_wconf 88' lang='lat' dir='ltr'><em>La</em></span> <span class='ocrx_word' id='word_1_281' title='bbox 852 2680 858 2734; x_wconf 90' lang='grc'><em>1</em></span> <span class='ocrx_word' id='word_1_282' title='bbox 897 2677 941 2721; x_wconf 84' lang='grc' dir='ltr'><em>οἱ</em></span> <span class='ocrx_word' id='word_1_283' title='bbox 973 2682 1134 2731; x_wconf 82' lang='grc' dir='ltr'><em>ζῶντες</em></span> <span class='ocrx_word' id='word_1_284' title='bbox 1162 2679 1286 2722; x_wconf 84' lang='lat' dir='ltr'>inser</span> <span class='ocrx_word' id='word_1_285' title='bbox 1309 2677 1366 2722; x_wconf 85' lang='lat'><em>1²</em></span> <span class='ocrx_word' id='word_1_286' title='bbox 1486 2683 1541 2722; x_wconf 87' lang='lat'><em>14</em></span> <span class='ocrx_word' id='word_1_287' title='bbox 1571 2678 1677 2728; x_wconf 81' lang='grc' dir='ltr'><em>τοὺς</em></span> <span class='ocrx_word' id='word_1_288' title='bbox 1706 2677 1829 2720; x_wconf 83' lang='lat' dir='ltr'>inser</span> <span class='ocrx_word' id='word_1_289' title='bbox 1858 2676 1908 2720; x_wconf 88' lang='grc'><em>111</em></span> 
     </span>
     <span class='ocr_line' id='line_1_33' title="bbox 237 2735 1908 2870; baseline -0.001 -31"><span class='ocrx_word' id='word_1_290' title='bbox 237 2737 490 2848; x_wconf 56' lang='grc' dir='ltr'><em>ωῗὲοξῖᾏὲ</em></span> <span class='ocrx_word' id='word_1_291' title='bbox 512 2737 845 2841; x_wconf 54' lang='grc' dir='ltr'><em>ἷῖῗβούλῖἔσῖἔ</em></span> <span class='ocrx_word' id='word_1_292' title='bbox 858 2737 944 2840; x_wconf 66' lang='grc' dir='ltr'><em>ἷῖῗ</em></span> <span class='ocrx_word' id='word_1_293' title='bbox 959 2797 965 2852; x_wconf 74' lang='grc' dir='ltr'><strong>ι</strong></span> <span class='ocrx_word' id='word_1_294' title='bbox 992 2735 1528 2870; x_wconf 52' lang='grc' dir='ltr'><em>τούὶξνῗιῖῗίὲςεζιὲῗ</em></span> <span class='ocrx_word' id='word_1_295' title='bbox 1552 2750 1703 2851; x_wconf 66' lang='grc' dir='ltr'><em>Γῖἴοέἲ</em></span> <span class='ocrx_word' id='word_1_296' title='bbox 1722 2735 1908 2867; x_wconf 56' lang='grc' dir='ltr'><em>ἑῖᾗοῗῖ</em></span> 
     </span>
     <span class='ocr_line' id='line_1_34' title="bbox 239 2850 1909 2912; baseline -0.001 -14"><span class='ocrx_word' id='word_1_297' title='bbox 239 2853 401 2898; x_wconf 86' lang='lat' dir='ltr'>Sozom</span> <span class='ocrx_word' id='word_1_298' title='bbox 432 2854 516 2898; x_wconf 90' lang='grc'><em>1.1.</em></span> <span class='ocrx_word' id='word_1_299' title='bbox 545 2869 581 2898; x_wconf 86' lang='lat' dir='ltr'><em>c.</em></span> <span class='ocrx_word' id='word_1_300' title='bbox 607 2860 631 2898; x_wconf 81' lang='lat'><strong>2</strong></span> <span class='ocrx_word' id='word_1_301' title='bbox 664 2855 851 2911; x_wconf 75' lang='lat' dir='ltr'>perorat</span> <span class='ocrx_word' id='word_1_302' title='bbox 892 2854 972 2898; x_wconf 82' lang='grc' dir='ltr'><em>καὶ</em></span> <span class='ocrx_word' id='word_1_303' title='bbox 1015 2854 1039 2898; x_wconf 85' lang='grc' dir='ltr'><strong><em>ὁ</em></strong></span> <span class='ocrx_word' id='word_1_304' title='bbox 1084 2854 1167 2911; x_wconf 81' lang='grc' dir='ltr'><em>μὲν</em></span> <span class='ocrx_word' id='word_1_305' title='bbox 1204 2854 1428 2912; x_wconf 79' lang='grc' dir='ltr'><em>Λιβάνιος</em></span> <span class='ocrx_word' id='word_1_306' title='bbox 1473 2850 1563 2898; x_wconf 82' lang='grc' dir='ltr'><em>ὧδέ</em></span> <span class='ocrx_word' id='word_1_307' title='bbox 1604 2868 1670 2909; x_wconf 87' lang='grc' dir='ltr'><em>πη</em></span> <span class='ocrx_word' id='word_1_308' title='bbox 1716 2852 1909 2910; x_wconf 79' lang='grc' dir='ltr'><em>γράφων</em></span> 
     </span>
    </p>
   </div>
   <div class='ocr_carea' id='block_1_7' title="bbox 237 2910 1907 3028">
    <p class='ocr_par' dir='ltr' id='par_1_8' title="bbox 237 2910 1907 3028">
     <span class='ocr_line' id='line_1_35' title="bbox 237 2910 1907 2969; baseline -0.001 -13"><span class='ocrx_word' id='word_1_309' title='bbox 237 2913 518 2968; x_wconf 86' lang='grc' dir='ltr'><em>Χριστιανὸν</em></span> <span class='ocrx_word' id='word_1_310' title='bbox 557 2914 746 2958; x_wconf 80' lang='grc' dir='ltr'><em>ἔσεσθαι</em></span> <span class='ocrx_word' id='word_1_311' title='bbox 785 2914 1011 2969; x_wconf 83' lang='grc' dir='ltr'><em>υποδηλοῖ</em></span> <span class='ocrx_word' id='word_1_312' title='bbox 1043 2910 1297 2957; x_wconf 85' lang='grc' dir='ltr'><em>Ἰουλιανοῦ</em></span> <span class='ocrx_word' id='word_1_313' title='bbox 1335 2913 1417 2957; x_wconf 85' lang='grc' dir='ltr'><em>τὸν</em></span> <span class='ocrx_word' id='word_1_314' title='bbox 1458 2910 1657 2969; x_wconf 83' lang='grc' dir='ltr'><em>σφαγέα·</em></span> <span class='ocrx_word' id='word_1_315' title='bbox 1707 2911 1815 2962; x_wconf 84' lang='grc' dir='ltr'><em>ἴσως</em></span> <span class='ocrx_word' id='word_1_316' title='bbox 1856 2912 1907 2956; x_wconf 80' lang='grc' dir='ltr'><em>δὲ</em></span> 
     </span>
     <span class='ocr_line' id='line_1_36' title="bbox 238 2971 643 3028; baseline -0.003 -13"><span class='ocrx_word' id='word_1_317' title='bbox 238 2973 318 3015; x_wconf 81' lang='grc' dir='ltr'><em>καὶ</em></span> <span class='ocrx_word' id='word_1_318' title='bbox 349 2971 522 3028; x_wconf 81' lang='grc' dir='ltr'><em>ἀληθές</em></span> <span class='ocrx_word' id='word_1_319' title='bbox 554 2975 643 3015; x_wconf 83' lang='grc' dir='ltr'><em>κτλ</em></span> 
     </span>
    </p>
   </div>
  </div>
 </body>
</html>
