2054 3140
215 118 284 170 28
770 119 997 163 LIBANII
1028 117 1249 163 ORATIO
1282 119 1366 162 XII

216 249 390 307 οὖσαν
450 254 720 324 περιιδεῖν
781 252 1113 324 ἐρριμμένην
1174 255 1370 322 διπλῆς
1430 252 1695 308 ἐντεῦθεν
1747 273 1897 326 περι-

216 342 506 412 ισταμένης
544 344 753 411 ζημίας,
802 343 1036 396 ὀνειδῶν
1073 361 1131 394 τε
1170 340 1259 395 καὶ
1298 342 1518 411 βλάβης.
1602 343 1674 406 ὡς
1720 341 1896 397 ἐκεῖνό

215 451 277 500 γε
326 433 387 485 τὸ
442 440 630 498 πτῶμα
685 433 1024 501 φαινόμενον
1076 439 1190 493 τοῖς
1243 449 1300 482 τε
1353 432 1652 502 βαρβάροις
1706 431 1775 486 ἂν
1827 427 1898 500 ἦν

216 521 293 582 εἰς
345 522 552 588 τόλμαν
603 520 938 590 παράκλησις
997 527 1112 582 τοῖς
1163 517 1219 572 θ’
1267 518 1547 589 ἡμετέροις
1612 522 1689 583 εἰς
1742 520 1897 574 ἀτολ-

172 628 192 661 5
215 610 347 675 μίαν
397 607 631 677 ἀνάγκη,
684 607 789 661 κᾶν
837 609 885 661 εἰ
931 609 1003 677 μὴ
1050 615 1174 676 νῦν,
1231 606 1345 660 ἀλλ’
1384 607 1616 678 ὕστερόν
1662 629 1722 677 γε
1767 612 1897 672 τοὺς

215 693 316 764 μὲν
355 695 424 748 ἂν
462 695 667 765 ἔθελξε,
706 700 837 759 τοὺς
869 694 928 749 δὲ
959 695 1259 766 παρώξυνε.
1330 698 1400 749 σὺ
1441 695 1490 748 δ’
1529 696 1674 760 ὅπως
1713 699 1765 751 οἱ
1797 699 1898 765 μὲν

216 784 298 837 ἀεὶ
344 784 612 855 τρέμοιεν,
661 787 718 839 οἰ
762 784 810 838 δ’
850 785 934 839 ἀεὶ
980 791 1266 855 θαρροῖεν,
1317 788 1582 855 τρόπαιον
1637 786 1897 856 ἀκίνητον

214 874 310 936 τὰς
347 877 531 937 πόλεις
571 875 850 943 ὤρθωσας.
931 874 1015 927 52.
1071 873 1162 927 καὶ
1203 875 1294 926 διὰ
1331 877 1433 943 τὴν
1472 876 1576 943 σὴν
1621 873 1711 927 καὶ
1757 877 1897 944 γνώ-

214 983 324 1031 μην
368 962 458 1015 καὶ
497 964 669 1032 τύχην
705 962 798 1016 καὶ
836 965 1080 1032 μόχθους
1125 961 1214 1016 καὶ
1261 962 1452 1032 τέχνας
1499 964 1566 1016 οὐ
1612 962 1737 1016 καθ’
1778 963 1896 1017 ἑκά-

125 1064 167 1107 R
189 1068 274 1108 384
306 1071 468 1121 τερον
498 1059 596 1105 τοῦ
629 1051 871 1121 πολέμου
907 1055 912 1116 Ι
948 1053 1007 1104 τὸ
1033 1054 1206 1121 στόμα
1229 1060 1343 1114 τοῖς
1365 1053 1666 1121 βαρβάροις
1688 1052 1897 1123 ὑπῆρχε

149 1163 190 1194 11
214 1149 452 1209 κρατεῖν,
499 1139 614 1193 ἀλλ’
657 1142 709 1194 οἱ
755 1138 856 1209 μὲν
902 1142 1098 1210 ἔδρων,
1146 1142 1203 1193 οἱ
1247 1141 1307 1193 δὲ
1351 1142 1610 1210 ἔπασχον,
1661 1139 1899 1211 ἔπασχον

214 1229 315 1298 μὲν
355 1231 413 1282 οἱ
447 1228 571 1300 περὶ
604 1227 812 1300 Ῥῆνον,
849 1227 1029 1299 ἔδρων
1064 1230 1124 1282 δὲ
1164 1231 1220 1282 οἱ
1247 1230 1370 1300 περὶ
1411 1231 1663 1299 Τίγρητα,
1703 1228 1793 1282 καὶ
1831 1238 1896 1300 τῇ
1980 1222 1989 1228 ’

213 1318 314 1385 μὲν
354 1317 647 1388 εἰσέρρεον,
686 1326 750 1389 τῇ
791 1316 850 1371 δὲ
890 1320 1138 1371 ἔπιπτον·
1180 1311 1301 1371 οἷόν
1340 1338 1391 1371 τι
1431 1316 1555 1387 περὶ
1589 1319 1898 1372 Ποτίδαιαν

214 1405 477 1474 γενέσθαι
517 1408 689 1476 φασὶν
726 1406 1006 1477 Ἀριστέως
1053 1403 1154 1476 μὲν
1199 1414 1299 1459 τοῦ
1339 1409 1652 1476 Κορινθίου
1699 1416 1895 1477 τρεψα-

151 1515 193 1548 15
217 1494 387 1564 μένου
443 1497 504 1549 τὸ
559 1495 688 1548 καθ’
729 1494 927 1548 ἑαυτὸν
980 1494 1070 1548 καὶ
1125 1494 1479 1564 ἐλαύνοντος,
1539 1494 1781 1565 θατέρου
1836 1496 1897 1549 δὲ

214 1583 400 1655 κέρως,
471 1584 572 1647 ἕως
634 1586 711 1647 εἰς
771 1586 832 1638 τὸ
895 1593 1071 1653 τεῖχος
1133 1586 1507 1652 κατεκλείσθη,
1577 1584 1896 1652 φεύγοντος.

215 1672 301 1725 53.
330 1674 377 1726 εἰ
404 1670 464 1726 δὲ
487 1675 559 1742 μὴ
586 1676 655 1726 σὺ
680 1676 799 1726 τότε
818 1673 1201 1742 ἀντέκρουσας,
1228 1673 1395 1726 οὐδὲν
1419 1671 1489 1725 ἂν
1506 1671 1743 1725 ἐκώλυσε
1766 1675 1898 1736 τοὺς

215 1762 531 1832 βαρβάρους
563 1760 853 1831 ἑκατέρους
883 1763 984 1830 τὴν
1016 1761 1077 1814 ἐν
1110 1760 1278 1814 ποσὶν
1313 1761 1396 1814 ἀεὶ
1427 1760 1738 1829 κτωμένους
1771 1763 1896 1831 περὶ

215 1851 313 1904 τὸν
339 1852 628 1920 Βόσπορον
653 1851 910 1920 ἀλλήλοις
934 1855 1298 1913 τελευτῶντας
1323 1848 1596 1919 συμμίξαι.
1657 1857 1764 1902 νῦν
1790 1848 1839 1902 δ’
1862 1851 1897 1919 ἡ

150 1959 192 1991 20
215 1948 326 1992 τῶν
350 1938 551 2009 ἑτέρων
580 1935 714 2008 ἧττα
747 1942 875 2002 τοὺς
907 1937 1007 2006 μὲν
1038 1939 1297 2007 ἀπώλεσε,
1329 1941 1458 2001 τοὺς
1491 1939 1552 1990 δὲ
1583 1941 1896 2007 φροντίζειν

215 2027 436 2096 ἐποίησε
473 2028 563 2080 καὶ
604 2030 925 2080 συνεσκίασε
964 2028 1065 2095 τὴν
1106 2026 1211 2079 ἀπὸ
1251 2034 1349 2079 τοῦ
1381 2032 1645 2079 νικᾶσθαι
1677 2025 1896 2094 Ῥωμαί-

217 2136 314 2179 ους
347 2118 615 2186 αἰσχύνην
647 2119 829 2185 φήμης
855 2117 1043 2184 φήμην
1074 2113 1577 2185 παραμυθουμένης
1608 2112 1698 2166 καὶ
1727 2115 1894 2181 λόγου

218 2207 385 2273 λόγον
424 2205 952 2273 καταλαμβάνοντος.

337 2369 389 2407 13
445 2364 586 2407 Thuc.
619 2364 640 2407 I
673 2369 741 2418 62,
767 2370 795 2408 4
941 2368 994 2406 18
1051 2364 1192 2407 Thue.
1225 2363 1288 2407 ΠΙ
1313 2367 1382 2418 97,
1410 2368 1447 2406 1.
1482 2362 1538 2406 cf.
1571 2362 1650 2406 t.1
1681 2366 1781 2416 475,
1808 2364 1832 2403 9

219 2427 273 2466 23
305 2423 424 2466 Plat.
458 2423 647 2466 Theaet.
679 2439 723 2479 p.
753 2423 891 2466 172ss

334 2575 360 2612 4
393 2567 436 2613 δ’
466 2571 533 2612 Re
654 2575 678 2613 6
712 2570 763 2615 δὲ
783 2571 851 2614 Re
973 2575 996 2612 7
1031 2569 1323 2614 oi‘PVIBM
1438 2573 1463 2612 8
1495 2568 1636 2625 τύχην
1667 2567 1746 2610 καὶ
1777 2566 1893 2621 γνώ-

217 2645 307 2683 μην
338 2628 449 2672 Fen·
471 2629 572 2671 Mor
693 2634 744 2671 11
780 2631 827 2672 et
860 2633 912 2671 12
947 2626 993 2673 δ’
1021 2629 1088 2671 Re
1218 2633 1271 2681 13
1304 2644 1381 2671 εον
1412 2627 1462 2670 in
1493 2625 1735 2681 εἰσέρρεον,
1768 2624 1893 2679 quod

217 2686 381 2742 scripsi
421 2689 607 2730 auctore
638 2688 725 2741 Re,
776 2688 825 2730 in
856 2701 931 2730 ras
964 2687 1077 2730 12³1
1085 2688 1101 2711 ³
1183 2685 1329 2741 εἰσέρρ
1370 2700 1474 2729 cum
1510 2697 1672 2728 rasura
1703 2689 1727 2726 2
1767 2682 1893 2726 litte-

214 2758 370 2788 rarum
403 2746 446 2790 U
531 2744 719 2801 εἰσέρρει
764 2745 934 2800 reliqui
979 2746 1088 2788 libri
1134 2746 1223 2789 edd
1405 2748 1456 2787 15
1503 2744 1583 2787 καὶ
1624 2743 1747 2785 inser
1777 2741 1834 2784 1³

219 2808 273 2847 17
307 2804 472 2848 ἐκώλυε
505 2805 549 2847 Β
679 2808 733 2847 18
766 2805 844 2847 καὶ
877 2806 984 2847 ante
1015 2804 1120 2858 περὶ
1146 2804 1183 2847 C
1212 2804 1292 2846 sed
1325 2802 1400 2846 del
1427 2817 1449 2846 3
1570 2807 1621 2844 19
1656 2798 1891 2859 συμμίξαι]

218 2863 276 2906 de
306 2862 394 2907 hae
427 2863 653 2918 scripssura
686 2863 855 2906 diserte
888 2876 1026 2919 agam
1198 2867 1250 2905 21
1288 2869 1369 2904 τοῦ
1402 2861 1544 2919 (τοὺς
1574 2858 1893 2918 νικηφόρους>

218 2925 442 2966 νικᾶσθαι
476 2922 578 2965 coni
610 2922 677 2965 Re
701 2921 839 2963 Anim
