2072 3162
708 137 937 182 LIBANII
966 136 1189 183 ORATIO
1221 137 1328 181 xm
1793 138 1863 190 73

177 275 342 343 κύνα,
391 273 569 326 πάντα
614 270 715 340 μὲν
761 269 903 336 εἶδες
939 282 1055 336 τοῖς
1094 277 1379 343 λογισμοῖς
1425 272 1634 343 ὀρθῶς,
1684 273 1863 326 πάντα

179 359 241 415 δὲ
278 371 394 425 τοῖς
432 362 622 425 ὅπλοις
661 361 977 425 ἐπετέλεσας
1014 363 1297 431 γενναίως,
1338 362 1404 415 οὐ
1442 361 1672 431 πέμπων
1703 375 1865 432 στρα-

178 453 372 514 τιώτας
410 450 469 503 ἐκ
507 452 894 520 χαρακώματος
927 449 1048 504 οὐδ’
1079 450 1141 504 έν
1180 459 1353 521 σκηνῇ
1390 453 1708 520 καθήμενος
1737 449 1865 520 περὶ

178 549 290 593 τῶν
334 538 397 593 ἐν
440 547 505 610 τῇ
551 540 692 610 μάχῃ
738 541 1187 608 πυνθανόμενος,
1239 539 1376 592 ἀλλὰ
1420 538 1512 593 καὶ
1550 540 1682 593 ποδὶ
1728 541 1866 610 χρώ-

179 648 343 697 μενος
379 626 470 681 καὶ
509 637 665 698 χεῖρα
702 638 875 682 κινῶν
912 627 1003 681 καὶ
1043 629 1183 698 δόρυ
1230 630 1395 681 σείων
1439 627 1532 681 καὶ
1579 627 1737 697 ξίφος
1782 628 1866 682 ἕλ-
1913 648 1935 680 5

180 737 311 785 κων,
345 717 530 786 αἵματι
561 726 672 770 τῶν
704 716 972 771 ἐναντίων
1001 720 1335 787 παρακαλῶν
1364 718 1495 780 τοὺς
1519 718 1867 787 στρατιώτας,

181 804 243 859 ἐν
279 805 382 872 μὲν
413 815 533 868 ταῖς
563 805 787 870 σκέψεσι
817 807 1146 875 βασιλεύων,
1187 804 1250 859 ἐν
1273 803 1335 859 δὲ
1365 812 1440 878 τῷ
1465 806 1681 859 τάττειν
1711 821 1868 875 στρα-

179 903 379 962 τηγῶν,
420 893 481 947 ἐν
519 891 581 947 δὲ
619 903 738 958 ταῖς
769 898 1111 962 συμπλοκαῖς
1142 893 1461 965 ἀριστεύων.
1525 895 1610 947 29.
1650 915 1869 963 τοιγαρ-

181 989 286 1036 οῦν
330 983 595 1046 πολλάκις
642 982 950 1053 ἐπανῆλθες
995 981 1209 1055 χρῄζων
1245 987 1578 1053 περιπλῦναι
1623 984 1690 1036 τὰ
1728 983 1870 1036 ὅπλα

188 1067 193 1142 1
253 1070 491 1139 γέμοντα
545 1074 726 1141 φόνου
780 1075 1146 1143 βαρβαρικοῦ,
1207 1074 1302 1125 καί
1361 1086 1421 1125 σε
1475 1070 1750 1135 διεδέξατο
1811 1085 1960 1128 R414

181 1160 416 1229 τράπεζα
484 1171 597 1214 τῶν
663 1164 884 1214 πολλῶν
953 1161 1019 1214 οὐ
1090 1161 1457 1232 διαφέρουσα·
1533 1163 1701 1214 πλείω
1769 1158 1872 1228 μὲν
1895 1182 1936 1214 11

184 1249 289 1318 γὰρ
329 1249 590 1318 πράττειν
626 1248 831 1319 ἠξίους,
879 1254 1092 1317 μᾶλλον
1130 1247 1191 1303 δὲ
1228 1258 1450 1320 τρυφᾶν
1490 1250 1591 1303 οὐκ
1629 1250 1869 1319 ἠνείχου.

181 1337 267 1389 30.
306 1340 452 1400 τίνες
490 1334 593 1392 οὖν
633 1340 686 1391 οἱ
732 1340 946 1392 τούτων
989 1341 1217 1410 καρποί;
1273 1342 1535 1392 Γαλατῶν
1581 1339 1638 1391 αἱ
1683 1340 1871 1400 πόλεις

182 1425 476 1480 ἀνίσταντο
521 1429 894 1498 θεωρούντων
939 1425 1041 1495 μὲν
1085 1429 1258 1497 ἡμῶν,
1312 1428 1760 1495 οἰκοδομούντων
1809 1427 1870 1480 δὲ

181 1524 294 1568 τῶν
331 1516 641 1586 βαρβάρων.
711 1517 893 1583 ὥσπερ
925 1518 1029 1586 γὰρ
1060 1516 1131 1584 ἣν
1163 1519 1356 1586 ἔτεμον
1387 1520 1732 1585 Σπαρτιᾶται
1763 1523 1870 1583 γῆν
1893 1536 1939 1568 15

191 1606 488 1672 Τεγεατῶν,
526 1605 733 1673 ταύτην
772 1606 1087 1674 εἰργάζοντο
1126 1614 1241 1668 τοῖς
1275 1606 1594 1673 νενικηκόσι
1624 1606 1872 1673 χοίνικας

184 1693 413 1759 ἔχοντες,
454 1691 628 1754 οὕτως
659 1691 722 1754 ἃς
756 1693 874 1745 οἵδε
904 1695 1246 1762 κατήνεγκαν
1276 1694 1462 1755 πόλεις
1500 1693 1657 1746 αὐτοὶ
1688 1701 1871 1746 ποιεῖν

184 1781 580 1848 ἠναγκάζοντο,
640 1781 731 1833 καὶ
792 1789 968 1850 χεῖρες
1020 1782 1076 1834 αἱ
1137 1786 1420 1850 μαθοῦσαι
1473 1782 1870 1834 κατασκάπτειν

186 1868 475 1938 ἀνορθοῦν
513 1868 888 1923 ἐπαιδεύοντο.
965 1870 1049 1922 31.
1091 1870 1226 1933 λεὼς
1257 1870 1320 1923 δὲ
1349 1878 1465 1933 τοῖς
1504 1871 1728 1924 ἄστεσιν
1769 1870 1869 1923 οὐκ

186 1956 246 2010 ἐκ
283 1966 395 2010 τῶν
434 1957 622 2027 ἀγρῶν
661 1955 792 2011 οὐδὲ
833 1959 1133 2027 σύμμικτος
1173 1958 1305 2012 οὐδὲ
1338 1968 1450 2011 τῶν
1482 1958 1870 2029 ἐπιτυχόντων,
1896 1980 1941 2011 20

186 2047 323 2099 ὥστε
361 2047 427 2099 τὰ
465 2043 567 2115 μὲν
606 2047 789 2116 ἄψυχα
819 2055 935 2110 τοῖς
963 2045 1098 2117 πρὶν
1133 2046 1388 2116 ἐοικέναι,
1426 2049 1488 2101 τὸ
1523 2044 1585 2100 δὲ
1614 2049 1872 2118 κυριώτε-

187 2155 289 2204 ρον
334 2143 521 2204 χεῖρον
572 2129 712 2188 εἶναι
762 2143 861 2188 τοῦ
911 2137 1182 2206 πρόσθεν,
1232 2134 1349 2189 ἀλλ’
1389 2135 1673 2199 ἀπέδωκας
1725 2136 1870 2206 πάσῃ

185 2232 399 2295 μηχανῇ
437 2225 531 2287 τὰς
575 2221 678 2291 μὲν
725 2225 899 2287 οἰκίας
947 2231 1021 2297 τῷ
1066 2226 1239 2298 τόπῳ,
1290 2234 1409 2288 ταῖς
1458 2221 1520 2278 δὲ
1571 2226 1770 2287 οἰκίαις
1807 2225 1873 2276 τὰ

188 2314 422 2382 σώματα.
494 2313 584 2365 καὶ
615 2310 886 2384 κατῄεσαν
918 2314 1116 2382 ἄνδρες
1145 2312 1237 2366 καὶ
1268 2322 1526 2382 γυναῖκες
1557 2311 1649 2366 καὶ
1681 2313 1874 2375 παῖδες

310 2463 362 2501 15
396 2457 502 2501 Her.
528 2457 550 2500 Ι
574 2462 642 2511 66,
670 2462 695 2500 2
818 2463 873 2502 16
904 2458 1035 2502 Dem.
1070 2458 1127 2502 de
1159 2472 1249 2503 cor.
1284 2463 1309 2513 ξ
1337 2462 1419 2501 129
1451 2473 1495 2515 p.
1525 2462 1625 2513 270,
1651 2462 1677 2501 8

311 2595 333 2634 1
373 2591 481 2647 post
512 2590 668 2645 ὀρθῶς
696 2604 858 2634 rasura
889 2595 914 2634 6
947 2591 1209 2634 litterarum
1231 2592 1268 2634 I
1411 2595 1436 2634 2
1477 2591 1499 2635 ἐ
1528 2590 1579 2634 in
1611 2588 1878 2640 ἐπετέλεσας

189 2650 240 2694 in
269 2663 346 2693 ras
374 2649 431 2693 Ι*
491 2648 766 2701 ἀπετέλεσας
800 2651 844 2695 U
897 2648 1100 2700 ἐτέλεσας
1131 2652 1176 2694 Β
1298 2654 1322 2693 Ἷ
1356 2649 1405 2693 ἐν
1436 2649 1488 2694 δὲ
1519 2676 1578 2682 --
1609 2656 1876 2706 στρατηγῶν

190 2709 241 2752 in
270 2723 404 2765 marg
435 2708 503 2753 B*
646 2713 671 2751 9
703 2708 761 2751 τὰ
793 2706 909 2752 ὅπλα
940 2711 1218 2763 περιπλῦναι
1248 2709 1284 2754 S
1305 2709 1397 2752 edd.
1529 2713 1584 2751 10
1615 2709 1695 2751 καὶ
1726 2708 1774 2751 σὲ
1806 2708 1875 2750 Re

253 2773 305 2812 11
338 2773 418 2823 τῆς
447 2775 539 2811 τῶν
571 2768 675 2811 coni
699 2768 767 2811 Re
897 2772 952 2811 13
985 2764 1070 2813 οὖν
1102 2783 1177 2811 om
1209 2768 1310 2811 Mor
1444 2772 1499 2810 14
1530 2768 1659 2824 ὑμῶν
1690 2766 1880 2811 APMS

190 2826 293 2870 Mor
324 2832 479 2881 „recte,
509 2827 562 2869 ‘ni
590 2827 758 2881 fallor“
789 2826 858 2870 Re
939 2834 1032 2870 τῶν
1064 2825 1249 2871 οἰκείων
1280 2827 1326 2870 Β
1479 2831 1532 2869 15
1578 2827 1686 2882 post
1717 2826 1876 2882 ἔτεμον

191 2898 354 2928 rasura
393 2890 447 2929 10
493 2884 574 2928 litt
611 2886 657 2928 B
860 2889 913 2928 16
961 2883 1176 2944 σχοίνους
1221 2885 1325 2929 coni
1370 2885 1472 2929 Mor
1517 2887 1611 2928 not.
1650 2899 1695 2940 p.
1732 2888 1815 2927 184

195 2947 250 2986 19
283 2944 584 3000 ἐπανορθοῦν
610 2944 671 2987 Μ
