2060 3162
750 886 958 946 ΠΕΡΙ
1003 884 1458 948 ΔΟΥΛΕΙΑΣ.

167 1046 347 1092 R1163
429 1032 475 1085 1.
537 1032 622 1084 Τὼ
671 1032 733 1085 δὲ
784 1032 1015 1099 ὀνόματε
1063 1033 1239 1085 τούτω
1290 1034 1475 1086 πολλὰ)
1526 1041 1807 1103 πανταχοῦ
1855 1042 1952 1102 τῆς

260 1130 382 1191 γῆς,
439 1122 467 1175 ὁ
508 1121 710 1184 δοῦλος
748 1121 839 1173 καὶ
886 1121 914 1174 ὁ
956 1119 1276 1191 ἐλεύθερος,
1327 1120 1389 1175 ἔν
1434 1142 1491 1175 τε
1539 1124 1736 1185 οἰκίαις
1783 1120 1846 1176 ἔν
1891 1143 1951 1176 τε

259 1210 487 1279 ἀγοραῖς
526 1212 588 1262 ἔν
626 1229 684 1262 τε
723 1209 915 1280 ἀγροῖς
953 1207 1017 1263 ἔν
1054 1230 1111 1263 τε
1149 1212 1363 1273 πεδίοις
1401 1213 1462 1263 ἔν
1500 1230 1558 1263 τε
1597 1212 1802 1281 ὄρεσιν,
1845 1213 1950 1281 ἤδη

214 1295 321 1357 5δὲ
366 1297 458 1351 καὶ
505 1297 567 1351 ἐν
612 1297 774 1351 ναυσὶ
824 1298 916 1351 καὶ
964 1297 1025 1352 ἐν
1072 1299 1327 1362 ἀκατίοις.
1403 1298 1494 1352 καὶ
1544 1301 1697 1353 δοκεῖ
1741 1300 1803 1352 τὸ
1849 1296 1952 1366 μὲν

258 1388 612 1456 εὐδαιμονίας
652 1383 819 1455 εἶναι,
870 1387 899 1440 ὁ
948 1386 1267 1458 ἐλεύθερος,
1315 1388 1376 1440 τὸ
1421 1385 1482 1440 δὲ
1529 1396 1629 1441 τοῦ
1676 1387 1951 1458 ἐναντίου,

259 1477 288 1531 ὁ
330 1478 542 1539 δοῦλος.
618 1474 710 1528 καὶ
752 1477 884 1530 ὅταν
925 1474 986 1529 δὲ
1024 1479 1494 1546 προπηλακίζηταί
1519 1496 1619 1546 τις,
1658 1479 1867 1546 μᾶλλόν
1897 1498 1950 1530 τι

259 1568 656 1634 δεινολογεῖται
694 1572 771 1636 τῷ
810 1564 1108 1636 ἐλεύθερος
1147 1562 1313 1634 εἶναι,
1364 1564 1455 1618 καὶ
1496 1567 1566 1618 ἄν
1604 1585 1666 1634 γε
1706 1567 1782 1628 εἰς
1821 1566 1951 1618 δοῦ-

257 1658 359 1708 λον
389 1654 601 1724 ὑβρίζῃ,
637 1655 824 1722 πάλιν,
865 1656 913 1707 εἰ
945 1653 1162 1722 ἐγκαλεῖ
1191 1674 1290 1723 τις,
1311 1648 1566 1707 ’ποιεῖται
1598 1655 1786 1707 δεινὸν
1817 1652 1950 1718 ἐξεῖ-

192 1768 235 1801 10
257 1763 351 1797 ναι
398 1742 573 1811 λέγων
622 1743 865 1812 τύπτειν,
921 1743 1101 1813 ὥσπερ
1153 1745 1283 1806 τοὺς
1335 1745 1546 1806 λίθους.
1625 1743 1678 1798 2.
1730 1742 1835 1811 ἐγὼ
1888 1743 1950 1796 δὲ

378 1905 417 1949 Ο
480 1926 536 1940 --
570 1903 716 1947 codex
747 1903 1003 1947 Chisianus'

376 1964 422 2007 A
484 1985 539 2000 =
570 1962 864 2007 Monacensis
896 1963 1027 2020 (olim
1053 1962 1373 2020 Augustanus)
1407 1967 1492 2007 483

375 2022 422 2065 Ρ
482 2044 537 2073 -—--†
570 2022 814 2065 Palatinus
846 2037 913 2079 gr.
940 2026 1025 2065 282

378 2083 462 2125 Mo
487 2103 542 2117 =
575 2081 868 2125 Monacensis
902 2086 983 2124 101

383 2141 429 2184 U
487 2163 542 2177 =
575 2139 778 2183 Urbinas
810 2155 876 2196 gr.
906 2146 988 2183 126

374 2200 410 2243 Ι
486 2221 542 2236 =
574 2199 840 2242 Marcianus
873 2200 1071 2255 append.
1098 2198 1198 2242 XCI
1223 2203 1247 2240 2

374 2259 421 2301 B
484 2280 539 2294 =
571 2257 853 2301 Barberinus
884 2258 927 2301 Π
950 2263 1004 2300 41

377 2320 439 2362 M
484 2340 539 2354 =
572 2317 838 2360 Marcianus
870 2332 936 2374 gr.
962 2322 1048 2360 437

385 2378 429 2421 V
483 2399 539 2414 =
570 2375 944 2420 Vindobonensis
976 2375 1091 2432 phil.
1117 2390 1183 2432 gr.
1210 2374 1352 2418 XCIII

376 2528 400 2567 7
434 2523 537 2568 Sen.
564 2537 634 2580 ep.
659 2538 772 2568 mor.
791 2524 832 2567 V
859 2529 883 2567 6
909 2525 1015 2580 (47),
1035 2527 1087 2566 11
1211 2527 1237 2566 8
1269 2522 1374 2566 Her.
1394 2523 1415 2566 Ι
1438 2527 1508 2567 44.
1540 2523 1604 2567 IV
1630 2528 1699 2578 68,
1720 2527 1741 2566 1

378 2676 399 2714 1
448 2672 566 2727 Περὶ
590 2663 810 2721 ’δουλείας
847 2672 896 2714 in
928 2669 1080 2727 spatio
1114 2669 1249 2713 unius
1287 2669 1441 2715 lineae
1474 2684 1549 2714 om
1576 2670 1615 2715 0
1684 2677 1767 2714 τοῦ
1800 2670 1944 2713 αὐτοῦ

256 2759 364 2816 περὶ
396 2760 440 2803 V
583 2765 608 2803 2
641 2760 786 2804 πολλὰ
819 2759 1023 2803 Sintenis
1173 2764 1201 2802 4
1233 2745 1444 2819 &offa-dions
1475 2759 1560 2803 Mo
1710 2764 1736 2803 5
1769 2757 1850 2801 καὶ
1880 2758 1942 2814 (1)

257 2834 333 2864 om
360 2821 397 2865 G
530 2826 555 2864 6
589 2822 831 2877 ἐλεύθερος
854 2824 900 2866 Ρ
929 2822 1011 2866 sed
1035 2838 1053 2865 ι
1084 2823 1193 2865 ante
1218 2838 1242 2865 o
1276 2836 1376 2866 eras
1410 2822 1456 2864 et
1488 2837 1512 2864 ο
1537 2820 1587 2863 in
1609 2833 1685 2863 ras
1709 2819 1779 2862 m³
1805 2819 1811 2876 Ι
1838 2819 1945 2863 τού-

257 2877 450 2925 ναντίον
471 2882 583 2925 ΒΜ
700 2886 722 2923 7
757 2883 929 2936 μᾶλλον
951 2877 996 2924 τί
1023 2882 1106 2924 Mo
1228 2885 1253 2923 9
1288 2894 1467 2924 comma
1490 2882 1597 2936 post
1619 2875 1780 2937 ὑβρίζῃ
1806 2878 1944 2934 posui

260 2938 268 2998 l
302 2939 344 2983 εἰ
373 2939 421 2982 in
454 2938 484 2994 ἥ
515 2954 616 2983 corr
642 2940 704 2985 0²
767 2938 794 2995 ἢ
821 2941 947 2997 BV}
977 2940 1144 2996 ἐγκαλῇ
1177 2940 1287 2984 ΒΜ
1317 2940 1399 2982 sed
1422 2939 1472 2982 in
1495 2939 1583 2982 hoc
1614 2943 1642 2994 ῆ
1674 2937 1725 2980 in
1747 2950 1837 2992 ras,
1872 2937 1917 2981 V
