2060 3162
643 129 874 174 LIBANII
904 130 1130 175 ORATIO
1162 130 1298 191 xxvj
1695 131 1805 184 543

108 285 210 341 τον
248 273 350 319 τοῦ
381 263 485 336 μὲν
515 265 878 335 ἀφαιρούσης,
916 273 991 339 τῷ
1017 263 1080 319 δὲ
1112 267 1389 336 διδούσης.
1470 267 1553 320 12.
1594 272 1805 321 οἴονται

110 355 173 408 δὲ
210 354 301 408 καὶ
340 357 584 424 πόλεμον
621 354 712 408 καὶ
753 357 982 426 εἰρήνην
1018 356 1109 408 καὶ
1141 355 1336 423 ὑγείαν
1373 357 1463 409 καὶ
1503 358 1676 410 νόσον
1713 357 1804 409 καὶ

113 443 215 496 ὅσα
254 442 437 507 ἁπλῶς
475 443 799 514 ἀνθρώποις
835 442 870 512 ἢ
908 442 1076 514 κέρδη
1115 442 1149 512 ἢ
1184 445 1382 513 βλάβη,
1420 445 1597 498 πάντα
1635 453 1806 498 ταῦτα

111 533 179 585 τά
218 552 276 585 τε
314 535 668 603 παρελθόντα
713 534 780 586 τά
824 552 883 586 τε
930 534 1066 587 ὄντα
1110 533 1177 586 τά
1222 532 1269 586 τ’
1300 532 1534 603 ἐσόμενα
1579 535 1805 603 γνώμην

111 617 256 674 εἶναι
294 629 390 689 τῆς
429 622 619 691 Τύχης.
697 622 829 691 ἡμῖν
868 618 930 675 δὲ
969 622 1097 675 οὔτε
1136 622 1475 676 δικάσασθαι
1512 620 1628 676 ἔστι
1666 623 1805 693 πρὸς
1851 646 1872 679 5

110 710 284 779 αὐτὴν
337 711 465 763 οὔτε
522 710 816 779 ἀπαιτῆσαι
871 712 1034 780 δίκην
1095 712 1224 764 οὔτε
1282 713 1487 780 πλήθει
1548 720 1804 781 στρατιᾶς

109 805 454 851 καταπαῦσαι
492 800 593 868 τὴν
628 801 981 868 δυναστείαν,
1021 801 1203 870 ὥσπερ
1236 801 1667 868 Λακεδαιμόνιοι
1704 802 1805 869 τὴν

108 897 222 940 τῶν
269 889 760 958 Πεισιστρατιδῶν.
842 889 925 942 13.
986 891 1046 941 τί
1092 893 1306 956 μᾶλλον
1360 885 1464 942 οὖν
1519 890 1548 943 6
1604 890 1805 952 δοῦλος

108 977 206 1039 σὸς
244 976 277 1045 ἢ
319 979 389 1029 σὺ
428 984 524 1045 τῆς
567 978 761 1046 Τύχης,
802 979 850 1030 εἰ
890 978 1072 1048 ὥσπερ
1112 977 1326 1031 ἐκεῖνον
1366 981 1436 1031 σὺ
1476 987 1710 1046 γυμνοῖς
1747 998 1805 1031 τε

108 1066 356 1133 ἱματίων,
395 1066 466 1135 ἢν
504 1065 533 1118 6
573 1068 756 1136 θυμὸς
793 1075 991 1137 κρατῇ,
1042 1067 1130 1120 καὶ
1179 1068 1256 1130 εἰς
1293 1067 1521 1136 μύλωνα
1559 1066 1802 1136 πέμπεις,
1827 1092 1871 1124 10

110 1153 252 1207 οὕτω
309 1155 370 1207 σὲ
424 1165 629 1224 γυμνοῖ
688 1164 784 1224 τῆς
837 1156 1030 1219 οὐσίας
1084 1155 1264 1225 ἐκείνη
1326 1157 1417 1208 καὶ
1480 1155 1566 1209 ε’πὶ
1622 1157 1805 1227 θύρας

108 1243 306 1310 πέμπει
344 1254 457 1297 τῶν
497 1246 695 1298 δοῦναι
736 1245 1089 1314 δυναμένων;
1144 1247 1192 1299 εἰ
1240 1247 1343 1316 γὰρ
1390 1246 1479 1299 καὶ
1528 1241 1590 1298 εὖ
1636 1246 1805 1315 πράτ-

109 1352 225 1395 τοις
279 1333 372 1386 διὸε
425 1332 641 1401 τέλους,
696 1333 906 1403 ἐκείνης
955 1353 1017 1402 γε
1070 1333 1414 1403 βουλομένης
1464 1334 1531 1387 οὐ
1577 1333 1805 1403 μεταπέ-

109 1440 350 1490 πτωκας,
407 1430 590 1495 σαυτῷ
638 1423 700 1476 δὲ
747 1423 916 1476 οὐδὲν
963 1422 1321 1492 ἐβεβαίωσας,
1376 1425 1559 1492 ὥσπερ
1601 1423 1734 1476 οὐδὲ
1773 1423 1802 1476 6

109 1510 312 1572 δοῦλος
341 1510 499 1577 μένοι
532 1510 601 1563 ἂν
633 1510 722 1564 ἐπὶ
755 1519 850 1579 τῆς
882 1509 1176 1580 εὐπραξίας
1208 1512 1438 1574 ἄκοντος
1475 1519 1576 1564 τοῦ
1609 1512 1803 1564 δεσπό-
1827 1536 1869 1568 15

107 1619 234 1667 του,
285 1597 404 1652 ἀλλ’
436 1599 465 1652 ὃ
506 1601 723 1662 τούτοις
769 1601 947 1669 ἡμεῖς,
1001 1608 1165 1653 τοῦτο
1213 1599 1346 1667 ἡμῖν
1392 1599 1587 1669 ἐκείνη.
1665 1600 1803 1670 αὕτη

106 1685 208 1756 μὲν
240 1683 346 1741 οὖν
377 1688 601 1742 ἄνωθεν
631 1689 664 1757 ἡ
699 1689 925 1742 δουλειά
955 1689 1137 1742 ποθὲν
1168 1689 1257 1741 καὶ
1292 1694 1422 1751 ἴσως
1454 1687 1508 1752 ἐξ
1542 1690 1802 1758 οὐρανοῦ.

104 1778 206 1845 χρὴ
262 1778 367 1847 γὰρ
424 1782 644 1831 οἴεσθαι
705 1777 797 1830 καὶ
851 1786 915 1848 τῇ
979 1778 1125 1848 Τύχῃ
1187 1783 1408 1831 κεῖσθαι
1470 1777 1533 1831 ἐν
1586 1778 1806 1851 οὐρανῷ

106 1867 342 1933 θρόνον,
382 1867 429 1918 εἰ
468 1865 559 1919 καὶ
599 1867 671 1935 μὴ
712 1865 774 1919 ἐν
812 1875 928 1929 τοῖς
966 1867 1181 1919 δώδεκα
1219 1871 1376 1929 θεοῖς
1413 1867 1731 1936 ἠρίθμηται.

227 1954 307 2006 14.
367 1954 509 2025 Φέρε
550 1956 618 2024 δὴ
664 1954 754 2008 καὶ
795 1953 1015 2025 ἑτέρους
1061 1956 1328 2018 δεσπότας
1373 1957 1464 2008 καὶ
1511 1957 1803 2019 δεσποίνας
1826 1982 1870 2013 20

110 2042 464 2112 ἐξετάσωμεν,
513 2043 610 2107 οὓς
655 2043 810 2113 ἡμεῖς
855 2040 957 2113 μὲν
1004 2044 1192 2107 αὑτοῖς
1236 2042 1477 2098 ἔνδοθεν
1516 2043 1803 2098 ἐπανίστα-

229 2239 252 2276 7
286 2234 394 2278 Her.
411 2234 454 2278 V
479 2239 533 2278 63
549 2249 614 2291 sq.
741 2238 794 2277 18
826 2235 920 2278 Iuv.
948 2236 1032 2278 sat.
1059 2234 1100 2277 X
1125 2239 1210 2278 365
1226 2250 1290 2291 sq.

228 2417 249 2454 1
278 2412 573 2468 ἀφαιρούσης
601 2412 651 2455 in
675 2426 750 2456 ras
776 2412 865 2457 Μ’
891 2413 897 2471 Ι
924 2412 1007 2457 τὸν
1030 2414 1066 2456 Ι
1119 2413 1172 2457 τὸ
1198 2415 1284 2458 Mo
1405 2419 1430 2457 2
1463 2410 1625 2470 ὑγείαν
1651 2413 1690 2457 C
1718 2415 1799 2458 sed

107 2486 149 2515 ει
180 2485 237 2514 ex
269 2487 286 2513 ι
318 2485 419 2514 corr
440 2472 475 2526 f,
510 2472 555 2516 V
578 2471 661 2515 sed.
694 2468 735 2515 εἰ
764 2471 814 2514 in
848 2469 907 2516 ιἐι
939 2486 1042 2515 corr
1062 2471 1134 2515 m²
1312 2478 1341 2516 4
1385 2471 1445 2516 τά
1473 2469 1519 2516 τ’
1547 2470 1685 2517 ἐόντα
1719 2474 1764 2517 V
1791 2474 1797 2531 Ι

107 2531 293 2587 γνώμης
315 2530 607 2584 Mutinensis,
631 2530 830 2574 fortasse
853 2533 979 2575 recte
1102 2535 1127 2574 6
1153 2528 1254 2575 οὔτ’
1272 2531 1341 2575 Re
1461 2535 1489 2575 8
1522 2528 1607 2575 οὖν
1629 2534 1800 2589 μᾶλλον

118 2589 190 2646 Vl
218 2586 304 2633 οὖν
336 2590 382 2633 Ρ
410 2590 491 2633 sed
522 2590 607 2634 οὐν
639 2590 690 2633 in
711 2604 788 2633 ras
811 2590 882 2633 m⁵
1018 2594 1072 2633 10
1104 2597 1293 2646 κρατεῖν
1319 2591 1405 2635 Mo
1465 2598 1627 2644 κρατεῖ
1654 2590 1756 2634 Mor
1787 2593 1796 2659 J

107 2646 174 2699 εἰς
204 2648 253 2691 in
285 2661 360 2691 ras
394 2648 455 2692 M
464 2647 482 2673 ²
537 2651 543 2705 1
600 2650 787 2705 μύλωνα
827 2649 1003 2693 retinui
1042 2652 1204 2693 contra
1242 2650 1572 2693 auctoritatem
1607 2650 1800 2694 Axcadil

106 2722 152 2763 p.
173 2713 242 2763 12,
260 2711 316 2750 23
350 2707 439 2762 (ed.
464 2706 659 2765 Barker)
689 2710 876 2765 μυλῶνα
914 2708 1277 2764 praescribentis
1318 2721 1466 2764 aeque
1504 2710 1647 2766 atqw
1677 2711 1710 2753 t.
1736 2709 1800 2752 III

108 2770 178 2820 15,
197 2770 223 2809 3
256 2768 304 2810 et
332 2765 398 2810 IV
421 2770 521 2823 848,
541 2772 566 2810 2
585 2767 623 2810 R
651 2770 658 2823 Ι
684 2766 868 2824 πέμπης
898 2769 1033 2812 BMo
1057 2768 1160 2811 Mor
1282 2772 1336 2811 12
1368 2766 1523 2824 πέμπη
1548 2769 1594 2812 Β
1622 2771 1628 2825 Ι
1655 2767 1798 2823 πράτ-

107 2841 201 2876 τεις
239 2827 286 2869 Ρ
329 2824 412 2869 sed
450 2841 496 2869 οι
542 2840 684 2882 supra.
723 2842 763 2870 ει
810 2840 893 2871 scr.
925 2827 1009 2881 111⁴,
1042 2828 1155 2871 MV
1338 2830 1392 2870 13
1440 2826 1679 2878 διατέλους
1709 2828 1803 2871 AP

111 2883 194 2927 Μο
206 2885 278 2929 UI
283 2884 327 2929 V
441 2888 495 2928 21
529 2885 689 2937 αὐτοῖς
720 2887 805 2929 Mo
828 2885 931 2928 Mor
989 2885 1100 2943 ἡμῖν
1133 2886 1292 2937 αὐτοῖς
1325 2886 1375 2938 V,
1407 2885 1604 2931 fortasse
1636 2888 1760 2930 recte
1789 2886 1794 2945 Ι

109 2941 425 3000 ἐπανιστῶμεν
460 2943 659 2989 ἔνδοθεν
684 2945 729 2987 Β
