2060 3162
936 746 1064 800 XIX

267 855 427 903 oratio
465 852 589 920 πρὸς
633 853 899 904 Θεοδόσιον
937 852 1022 903 τὸν
1061 852 1260 919 βασιλέα
1298 852 1407 921 περὶ
1445 862 1532 919 τῆς
1571 854 1792 914 στάσεως.

265 928 424 985 Quam
466 928 599 991 quod
638 929 859 977 Zosimus
897 928 970 976 IV
1002 930 1069 976 41
1085 922 1125 995 ¹)
1166 944 1197 977 a
1234 928 1445 977 Libanio
1492 927 1839 977 Constantino·

154 1003 262 1066 poli
305 1018 471 1051 coram
518 1004 818 1065 imperatore
861 1004 916 1051 in
954 1004 1129 1051 senatu
1165 1003 1312 1065 pleno
1352 1018 1576 1052 successu
1617 1003 1840 1051 habitam

153 1092 255 1125 esse
301 1077 565 1125 memoriae
611 1075 853 1139 prodidit,
899 1077 1092 1141 egregie
1139 1077 1224 1124 ille
1270 1077 1432 1126 verbis
1477 1078 1686 1125 rhetoris
1734 1091 1838 1126 sese

154 1150 315 1213 decipi
349 1165 523 1213 passus
563 1152 649 1199 est.
710 1151 842 1199 Nam
881 1166 986 1200 sese
1025 1153 1250 1213 quamvis
1283 1166 1462 1212 senem,
1501 1151 1841 1199 molestiarum

152 1224 289 1289 longi
327 1225 521 1273 itineris
558 1225 896 1274 immemorem
943 1224 1006 1274 ad
1050 1226 1401 1288 imperatorem
1445 1225 1610 1287 ipsum
1647 1226 1839 1274 venisse

153 1298 275 1346 dicit
322 1298 520 1360 quidem
559 1300 609 1347 et
644 1300 698 1346 in
735 1299 987 1361 prooemio
1026 1301 1077 1347 et
1113 1300 1167 1348 in
1206 1299 1404 1347 exordio
1453 1299 1712 1360 orationiS‚
1753 1299 1839 1348 sed

154 1371 322 1420 fictum
361 1375 448 1420 est.
524 1372 732 1434 Rhetor‚
778 1373 924 1421 aliter
963 1375 1112 1435 atque
1150 1373 1418 1422 Flavianus
1457 1374 1737 1436 episcopus,
1782 1376 1841 1421 ut

154 1462 179 1494 e
210 1445 331 1493 Vita
363 1449 586 1508 apparet,
624 1448 840 1509 patriam
870 1463 970 1495 non
999 1447 1218 1509 reliquit.
1289 1447 1430 1503 Quod
1467 1463 1582 1495 vero
1617 1448 1838 1495 Zosimus

154 1536 265 1567 eum
305 1519 366 1567 ab
405 1519 726 1568 Antiochenis
765 1519 829 1568 ad
857 1522 1206 1583 imperatorem
1241 1520 1522 1585 delegatum
1561 1536 1663 1569 esse
1703 1519 1839 1582 dicit,

152 1593 205 1641 id
250 1594 330 1641 vel
383 1608 494 1641 cum
547 1594 708 1642 verbis
754 1595 909 1656 ipsius
956 1595 1194 1643 orationis
1241 1593 1272 1656 ἓ
1314 1596 1344 1642 2
1393 1592 1485 1660 ἐγὼ
1535 1591 1588 1643 δὲ
1626 1591 1839 1657 ἐμαυτὸν

153 1665 496 1732 χειροτονήσας
533 1666 638 1731 ἥκω
678 1670 846 1730 aperte
883 1670 1087 1732 pugnat.
1101 1662 1142 1735 ²)

266 1740 439 1789 Oratio
480 1744 648 1790 autem
686 1745 826 1790 motu
863 1741 1004 1790 finito
1036 1743 1278 1804 veniaque
1318 1742 1379 1790 ab
1410 1744 1708 1805 imperatore
1746 1743 1838 1789 im-

154 1817 352 1877 petrata
391 1831 421 1862 a
451 1814 659 1864 Libanio
699 1815 960 1864 artificiose
992 1817 1266 1878 composita
1302 1816 1595 1878 publiceque
1626 1817 1838 1865 recitata

153 1889 343 1950 placuit
372 1905 530 1951 neque
561 1892 734 1952 postea
766 1885 1024 1952 ‘corporis'
1054 1889 1237 1938 finibus
1261 1892 1631 1952 circumscripta
1655 1889 1839 1939 mansit

154 1961 239 2011 sed
285 1977 439 2025 aeque
486 1965 636 2025 atque
688 1966 788 2012 tres
835 1965 1093 2026 sequentes
1148 1965 1299 2013 etiam
1347 1965 1401 2012 in
1447 1964 1640 2028 eclogas
1686 1964 1838 2026 paulo

274 2107 316 2160 1)
344 2101 476 2148 Ἐπεὶ
506 2103 558 2149 δὲ
594 2112 693 2156 τοῖς
721 2101 838 2160 παρ’
866 2105 1020 2149 αὐτῶν
1051 2103 1371 2162 γεγενημένοις
1405 2104 1430 2149 ὁ
1463 2105 1677 2163 βασιλεὺς
1707 2121 1838 2161 κινη-

151 2163 257 2213 θεὶς
287 2161 464 2218 ἠπείλει
494 2167 558 2224 τῷ
587 2161 837 2221 πταίσματι
860 2161 998 2220 δίκην
1029 2162 1168 2217 ἀξίαν
1191 2164 1444 2219 έπνθεῖναι,
1476 2162 1571 2209 δέει
1593 2170 1676 2220 τῆς
1704 2165 1838 2238 βασι-

152 2221 263 2272 λέως
296 2222 435 2278 ὀργῆς
474 2221 626 2267 ἐδόκει
664 2229 718 2281 τῇ
751 2224 894 2281 βουλῇ
924 2221 1138 2282 πρέσβεις
1168 2222 1418 2280 ἐκπέμπειν
1448 2223 1564 2278 ὑπὲρ
1597 2219 1662 2267 ὧν
1695 2239 1719 2267 ο
1753 2223 1837 2279 δῆ-

152 2297 237 2337 μος
283 2281 478 2336 ἔπραξεν
522 2280 967 2339 ἀπολογησομένους.
1031 2281 1274 2338 αἱροῦνται
1317 2280 1480 2327 τοίνυν
1517 2279 1744 2340 Λιβάνιόν
1790 2296 1838 2326 τε

151 2341 234 2385 τὸν
267 2339 513 2396 σοφιστήν,
553 2337 608 2385 οὗ
645 2341 697 2385 τὸ
736 2340 867 2391 κλέος
905 2341 956 2385 ἐκ
994 2349 1086 2385 τῶν
1126 2340 1543 2398 καταλελειμμένων
1579 2338 1662 2384 ὑπ’
1691 2340 1837 2384 αὐτοῦ

153 2399 422 2457 κηρύττεται
453 2397 622 2457 λόγων,
662 2400 742 2444 καὶ
766 2397 967 2455 Ἱλάριον
997 2398 1162 2458 γένους
1190 2416 1238 2444 τε
1272 2399 1556 2457 λαμπρότητι
1585 2401 1667 2444 καὶ
1696 2399 1839 2444 παντὶ

152 2456 370 2510 παιδείας
409 2457 523 2502 εἴδει
560 2458 838 2514 προήκοντα.
908 2459 989 2503 καὶ
1032 2458 1056 2503 ὁ
1095 2460 1180 2517 μὲν
1219 2459 1442 2516 σοφιστὴς
1484 2458 1566 2503 τὸν
1611 2459 1717 2514 περὶ
1754 2463 1838 2514 τῆς

154 2516 353 2567 στάσεως
392 2518 516 2577 αὐτῷ
546 2533 593 2561 τε
632 2519 813 2575 βασιλεῖ
846 2519 928 2562 καὶ
965 2524 1020 2591 τῇ
1058 2516 1277 2575 γερουσία
1313 2516 1451 2574 λόγον
1498 2517 1640 2562 εἰπὼν
1681 2517 1837 2576 ἴσχυσε

151 2576 235 2620 τὸν
266 2574 455 2634 βασιλέα
486 2583 763 2633 μεταστῆσαι
792 2582 873 2632 τῆς
902 2593 1021 2621 κατα
1049 2564 1317 2635 Ἀντιοχέων
1349 2576 1500 2633 ὀργῆς,
1536 2575 1649 2621 ὥστε
1681 2575 1837 2633 ἀμέλει

151 2635 298 2695 τούτῳ
330 2635 410 2679 καὶ
439 2634 522 2679 τὸν
551 2635 659 2690 περὶ
695 2643 787 2680 τῶν
826 2638 1085 2693 διαλλαγῶν
1124 2636 1363 2681 ἐπιθεῖναι
1399 2634 1562 2686 τελέως
1593 2642 1675 2680 τοῦ
1708 2637 1836 2694 βασι-

152 2692 263 2744 λέως
302 2694 355 2738 τὸ
397 2694 514 2749 πρὸς
557 2692 642 2750 τὴν
686 2692 824 2738 πόλιν
870 2694 1012 2752 ἔχθος
1056 2687 1374 2752 ἀποθεμένουΪ
1441 2694 1511 2737 De
1551 2693 1731 2738 Hilario
1777 2693 1833 2738 cf.

153 2751 333 2796 Sievers
364 2752 394 2796 l.
418 2752 449 2795 1.
483 2767 527 2808 p.
555 2755 652 2796 185.

272 2814 316 2868 2)
348 2811 562 2855 Fortasse
593 2810 715 2854 falsa
744 2811 968 2856 memoria
999 2813 1159 2856 subest
1191 2825 1349 2855 eorum
1385 2824 1507 2868 quae
1535 2812 1586 2855 in
1615 2813 1836 2869 πρεσβευ-

150 2873 264 2930 unq?
305 2871 422 2925 πρὸς
457 2870 540 2914 τὸν
574 2867 831 2914 Ἰουλιανὸν
873 2871 988 2926 ὑπὲρ
1030 2879 1122 2915 τῶν
1155 2867 1418 2927 Ἀντιοχέων
1449 2875 1475 2924 ξ
1498 2875 1527 2914 4
1559 2873 1606 2914 et
1637 2874 1662 2914 5
1697 2883 1837 2926 supra

151 2943 197 2984 p.
219 2933 430 2984 122‚lsq.
465 2931 511 2972 et
543 2933 568 2982 ξ
594 2933 619 2971 9
651 2943 695 2985 p.
724 2933 822 2982 123,
842 2933 867 2972 9
886 2944 951 2985 sq.
984 2929 1215 2987 leguntur.
