2060 3162
0 106 15 210 sacrvm·
0 71 9 91 v

697 153 926 197 LIBANII
957 152 1180 198 ORATIO
1213 153 1361 198 XVIII
1744 154 1853 208 245

161 291 250 342 καὶ
284 290 461 342 πάντα
493 289 592 342 τὸν
623 290 944 357 ἔμπροσθεν
976 288 1223 358 ἐκβαλὼν
1253 290 1437 343 ὕθλον
1461 289 1857 358 ἀντεισήγαγεν

163 379 240 440 εἰς
279 382 380 446 τὴν
417 378 602 446 ψυχὴν
633 378 694 430 τὸ
726 385 822 446 τῆς
857 377 1120 446 ἀληθείας
1151 378 1367 447 κάλλος,
1407 378 1590 447 ὥσπερ
1624 383 1702 441 εἴς
1731 398 1856 432 τινα

160 466 335 535 μέγαν
373 467 519 519 νεὼν
559 465 842 534 ἀγάλματα
879 472 1031 519 θεῶν
1070 469 1345 535 πρότερον
1382 466 1689 536 ὑβρισμένα
1725 469 1857 538 βορ-

162 557 326 628 βόρῳ.
399 555 480 607 19.
521 553 612 607 καὶ
644 551 715 623 ἦν
744 552 847 622 μὲν
877 554 1004 623 περὶ
1036 562 1208 608 ταῦτα
1240 554 1440 624 ἕτερος,
1480 554 1858 625 ἑσχηματίζετο

164 642 224 696 δὲ
270 646 336 697 τὰ
381 646 651 714 πρόσθεν,
706 644 773 696 οὐ
823 645 928 713 γὰρ
977 642 1105 713 ἐξῆν
1150 651 1410 713 φανῆναι.
1487 648 1746 707 Αἴσωπος
1797 642 1859 698 δὲ

164 731 408 785 ἐνταῦθα
440 738 629 800 μῦθον
661 731 730 785 ἂν
762 731 1020 801 ἐποίησεν
1051 733 1154 786 οὐκ
1190 735 1326 786 ὄνον
1357 736 1553 802 λεοντῇ
1584 734 1859 802 κρύπτων,

167 820 284 873 ἀλλ’
317 822 452 874 ὄνου
494 822 635 892 δορᾷ
672 822 772 874 τὸν
812 820 1022 874 λέοντα.
1088 820 1340 883 κάκεῖνος
1370 819 1493 890 ’ᾔδει
1525 821 1626 890 μὲν
1659 821 1691 873 ἃ
1724 821 1862 875 εἰδέ-

164 931 254 963 ναι
294 918 562 979 κρεῖττον,
602 909 780 963 ἐδόκει
821 910 882 963 δὲ
920 911 986 963 τά
1023 909 1418 979 ἀσφαλέστερα.
1495 910 1582 962 20.
1622 916 1718 977 τῆς
1757 911 1862 979 φή-

163 1019 265 1067 μης
301 995 362 1051 δὲ
394 1006 662 1067 πανταχοῖ
694 997 1001 1067 φερομένης
1032 999 1231 1061 πάντες
1263 999 1320 1051 οἱ
1347 998 1472 1068 περὶ
1503 998 1599 1060 τὰς
1626 999 1862 1060 Μούσας

165 1087 255 1140 καὶ
295 1089 424 1150 τοὺς
463 1089 665 1150 ἄλλους
711 1106 774 1155 γε
819 1089 992 1149 θεοὺς
1040 1088 1092 1140 οὶ
1138 1087 1240 1152 μὲν
1287 1087 1658 1155 ὡδοιπόρουν,
1707 1088 1760 1139 οὶ
1800 1084 1861 1139 δὲ

165 1178 361 1228 ἔπλεον
408 1176 740 1238 σπεύδοντες
790 1177 932 1228 ἰδεῖν
977 1195 1035 1228 τε
1083 1174 1297 1228 ἐκεῖνον
1350 1174 1441 1228 καὶ
1488 1173 1863 1243 συγγενέσθαι

167 1265 256 1317 καὶ
298 1266 473 1318 εἰπεῖν
513 1264 675 1318 αὐτοί
709 1284 762 1317 τι
801 1265 892 1317 καὶ
931 1264 1163 1317 ἀκοῦσαι
1204 1263 1476 1332 λέγοντος.
1552 1259 1623 1332 ἧν
1669 1260 1731 1316 δὲ
1779 1262 1863 1316 ἐλ-

166 1358 374 1406 θοῦσιν
414 1353 479 1406 οὐ
520 1351 719 1424 ῥᾴδιον
758 1352 1047 1406 ἀπελθεῖν·
1094 1362 1308 1422 κατεῖχε
1346 1354 1450 1422 γὰρ
1491 1352 1524 1420 ἡ
1565 1353 1755 1421 σειρὴν
1794 1353 1863 1404 οὐ

167 1443 353 1509 λόγοις
384 1443 575 1510 μόνον,
613 1441 750 1494 ἀλλὰ
780 1441 871 1494 καὶ
902 1448 978 1513 τῷ
1010 1442 1148 1510 πρὸς
1179 1444 1416 1511 φίλτρον
1448 1436 1510 1493 εὖ
1542 1439 1862 1508 πεφυκέναι.

167 1536 242 1602 τῷ
284 1528 332 1582 δ’
365 1531 506 1598 ἄγαν
553 1534 741 1598 φιλεῖν
788 1529 994 1584 εἰδέναι
1042 1531 1131 1582 καὶ
1177 1532 1309 1592 τοὺς
1356 1531 1558 1592 ἄλλους
1605 1527 1862 1581 ἐπαίδευε

167 1623 345 1681 καλῶς
395 1625 559 1671 τοῦτο
613 1627 813 1686 ποιεῖν,
870 1620 1007 1672 ὥστε
1062 1619 1571 1687 συγκεραννύμενοι
1625 1619 1866 1686 γνησίως

172 1707 274 1760 οὐκ
313 1707 533 1769 ἀπόνως
572 1706 994 1774 ἀπηλλάττοντο.

283 1796 366 1847 21.
400 1789 506 1847 ΐΗν
539 1791 643 1847 οὖν
675 1795 864 1867 ἐκείνῳ
896 1797 1220 1864 παντοδαπὴ
1261 1797 1431 1863 σοφία
1471 1793 1865 1862 συνειλεγμένη

171 1882 261 1936 καὶ
287 1882 631 1952 δεικνυμένη,
661 1886 898 1952 ποιηταί,
932 1884 1173 1953 ῥήτορες,
1207 1884 1338 1952 γένη
1373 1885 1720 1952 φιλοσόφων,
1757 1881 1762 1952 Ι
1804 1895 1846 1938 R
1868 1900 1953 1939 529

170 1973 345 2040 πολλὴ
386 1969 487 2040 μὲν
520 1970 711 2035 Ἑλλὰς
750 1975 927 2041 φωνή,
975 1973 1078 2025 οὐκ
1118 1973 1274 2041 ὀλίγη
1325 1972 1386 2025 δὲ
1433 1971 1612 2039 ἁτέρα.
1688 1977 1762 2043 τῷ
1805 1968 1864 2024 δὲ

292 2137 317 2174 5
349 2132 516 2188 Aesop.
543 2132 637 2176 fab.
665 2137 764 2176 333.
827 2132 964 2176 Babr.
991 2132 1084 2176 fab.
1107 2137 1191 2176 139

293 2284 313 2321 1
350 2280 429 2322 καὶ
463 2279 673 2323 ἐνταῦθα
706 2279 730 2323 ὁ
764 2279 1083 2336 ἐσκοτισμένος
1115 2281 1377 2338 βλασφημεῖ
1408 2280 1487 2324 CA

295 2432 316 2469 1
367 2429 476 2471 ante
516 2427 721 2484 ἐκβαλὼν
759 2440 922 2470 rasura
963 2432 988 2470 5
1028 2426 1108 2470 litt
1138 2428 1214 2471 La
1290 2444 1344 2484 γρ
1377 2426 1585 2484 ἐμβαλὼν
1623 2421 1775 2469 ἆθλον
1818 2424 1868 2468 in

172 2499 307 2543 marg
336 2485 440 2530 Mor
576 2491 600 2528 2
634 2484 788 2540 ἔτερος
819 2487 903 2530 Mo
936 2486 1017 2530 sed
1049 2503 1103 2542 γρ
1130 2485 1312 2540 ἑταῖρος
1342 2485 1392 2528 in
1422 2499 1557 2542 marg
1689 2489 1714 2528 5
1747 2484 1869 2528 inter

176 2544 224 2588 δὲ
267 2547 313 2588 eb
347 2544 405 2588 τὰ
444 2557 607 2588 lasura
640 2549 665 2587 3
697 2544 776 2588 litt
806 2545 855 2600 I,
898 2545 980 2588 καὶ
1014 2546 1076 2588 Μ
1111 2547 1176 2602 (et
1207 2547 1301 2601 Ba)
1358 2546 1365 2599 Ι
1424 2549 1636 2600 φανῆναι
1669 2543 1755 2587 Mo
1786 2542 1868 2586 sed

176 2609 389 2659 φωνῆσαι
420 2604 469 2646 in
499 2617 634 2659 marg
814 2607 838 2646 7
883 2603 913 2646 ἃ
949 2604 999 2647 in
1029 2617 1105 2647 ras
1137 2603 1195 2647 1²
1375 2606 1401 2645 8
1450 2601 1731 2658 ἀφελέστερα
1771 2602 1816 2645 V

181 2666 206 2703 9
237 2669 479 2720 πανταχοῦ
521 2663 565 2706 V
588 2662 691 2705 Mor
713 2661 836 2705 Fabr
895 2668 1110 2720 πανταχῆ
1135 2662 1275 2705 BIM
1280 2662 1325 2706 U
1458 2666 1511 2704 10
1544 2677 1594 2718 γε
1626 2674 1701 2704 0111
1733 2660 1774 2703 V
1805 2661 1870 2716 (et

177 2719 270 2775 Ba)
300 2721 530 2776 probante
563 2720 721 2764 Gasda
811 2722 998 2776 „malim
1029 2722 1111 2766 δὲ“
1142 2721 1211 2764 Re
1246 2722 1252 2778 Ι
1287 2718 1332 2766 δ’
1362 2720 1430 2763 Re
1583 2725 1635 2763 11
1668 2715 1712 2762 τ’
1740 2719 1808 2762 Re

180 2782 233 2820 14
264 2779 315 2823 τὸ
348 2780 410 2822 Μ
528 2784 599 2862 152
616 2778 667 2824 δὲ
700 2779 791 2823 edd
811 2756 838 2835 Ῑ
875 2778 1092 2824 ἐπαίδευε
1125 2794 1200 2824 0111
1226 2782 1288 2824 M
1414 2783 1467 2822 16
1501 2775 1620 2822 ωσθ’
1651 2777 1695 2822 οἱ
1725 2778 1762 2820 Ι
1786 2776 1869 2821 sed

177 2832 232 2878 θ’
261 2837 306 2880 οἱ
338 2837 387 2880 111
417 2851 494 2882 ras
530 2838 807 2881 111220
839 2835 885 2882 δ’
915 2839 990 2882 La
1029 2841 1034 2894 Ι
1075 2839 1216 2894 λύτρα
1247 2838 1350 2882 Mor
1383 2837 1616 2882 coniciens
1648 2833 1808 2891 λατίνη

179 2893 394 2951 ἀλλοτρία
425 2897 549 2940 Fabr
588 2895 760 2955 χατέρα
791 2896 859 2940 Re
883 2897 1023 2940 Anim
1066 2898 1072 2954 Ι
1113 2905 1206 2941 τῶν
1234 2896 1544 2941 GAMoLaM
1572 2895 1652 2939 sed
1685 2912 1712 2939 ν
1742 2895 1791 2936 in
1823 2894 1869 2937 Α.

180 2954 227 2995 et
261 2955 321 2998 Μ
349 2967 454 2998 eras
514 2962 611 3006 τοῖς
641 2957 673 2999 1
701 2954 783 2998 sed
815 2962 885 3005 οῖς
914 2955 963 2998 in
987 2969 1063 2999 ras
1088 2955 1158 2998 m²

1886 1111 1929 1143 10

1888 1550 1929 1583 15

1890 1993 1933 2025 20
