2054 3140
170 144 178 153 ·
212 121 280 173 14
760 121 987 165 LIBANII
1019 121 1241 166 ORATIO
1274 122 1359 166 XII

207 256 240 326 ἢ
287 258 347 310 τὸ
397 258 543 326 παρὰ
597 266 707 310 τῶν
760 256 972 325 γονέων
1024 257 1189 310 τεθὲν
1241 259 1447 321 πολλὰς
1500 258 1740 327 ἀνάγκας
1793 267 1889 328 τῆς

206 344 695 415 μνήμης”ἐχούσης,
737 346 1075 416 δικαστήρια,
1115 346 1340 416 γάμους,
1381 346 1607 418 ἀγοράν,
1647 347 1887 417 λιμένας,

205 434 360 504 χρέα,
413 435 662 505 πράσεις,
717 437 847 497 τοὺς
902 434 1317 503 συμβάλλοντας
1363 434 1454 488 καὶ
1499 436 1887 506 γραφομένους

207 524 512 591 συνθήκας,
570 524 700 585 τοὺς
754 521 1188 592 διαφερομένους
1241 521 1333 575 καὶ
1384 524 1486 592 τὴν
1538 527 1725 578 πίστιν
1780 525 1885 578 ἀπὸ

163 634 181 664 5
205 621 316 665 τῶν
362 611 694 680 γραμμάτων
741 610 1036 682 φέροντας,
1090 613 1221 674 τοὺς
1273 621 1703 682 κοινωνοῦντας,
1757 616 1887 677 τοὺς

206 698 604 769 διισταμένους,
644 701 862 754 παίδων
899 699 1140 768 γενέσεις
1171 700 1534 770 εὐδαιμόνων,
1573 703 1786 755 παίδων
1825 701 1887 755 ἐν

206 789 608 850 διδασκαλείοις
652 790 942 856 μαθήσεις;
993 782 1072 840 ὧν
1118 789 1214 857 μία
1261 788 1475 856 σπουδὴ
1520 790 1718 857 βοῆσαι
1757 792 1887 852 τοὺς

203 878 466 946 ὑπάτους,
506 874 591 945 ἐφ’
631 870 674 947 ᾦ
715 877 782 944 δὴ
821 874 912 928 καὶ
945 877 1280 929 διαλύονται.
1355 877 1435 929 14.
1477 877 1608 948 ὅπερ
1645 873 1749 930 οὖν
1778 879 1883 946 ἤδη

114 981 261 1024 R371
302 985 385 1029 τις
437 963 544 1035 ἔφη
597 963 723 1035 περὶ
768 972 868 1017 τοῦ
911 974 1022 1017 τῶν
1067 970 1220 1018 θεῶν
1263 964 1503 1034 ὑπάτου,
1553 967 1559 1035 Ι
1609 968 1769 1035 Διός,
1823 968 1884 1020 τὸ

139 1079 180 1111 10
204 1057 401 1125 μεστὰς
440 1048 583 1107 εἶναι
621 1054 797 1116 πάσας
835 1053 936 1120 μὲν
974 1053 1194 1121 ἀγυιάς,
1242 1054 1417 1117 πάσας
1457 1055 1516 1107 δὲ
1555 1053 1759 1125 ἀγορὰς
1798 1056 1885 1108 καὶ

203 1143 426 1213 λιμένας
462 1143 553 1195 καὶ
591 1143 891 1210 θάλατταν,
929 1141 1079 1195 τοῦτ’
1111 1143 1180 1195 ἄν
1210 1162 1292 1205 τις
1323 1148 1466 1196 εἴποι
1496 1144 1587 1196 καὶ
1618 1144 1744 1213 περὶ
1774 1153 1886 1197 τῶν

203 1233 512 1301 ὁμωνύμων
548 1238 623 1303 τῷ
656 1237 784 1304 θεῷ.
859 1231 948 1284 καὶ
999 1232 1103 1301 γὰρ
1141 1232 1207 1284 τὰ
1245 1233 1457 1285 τούτων
1497 1232 1739 1299 ὀνόματα
1785 1240 1886 1285 πᾶ-

204 1335 307 1373 σαν
352 1321 453 1389 μὲν
497 1322 744 1391 ἤπειρον,
798 1320 1005 1383 πάντας
1052 1317 1112 1373 δὲ
1159 1322 1368 1390 μυχοὺς
1412 1321 1688 1390 θαλάττης
1730 1319 1885 1390 ἐπέρ-

201 1429 350 1478 χεται
389 1408 480 1462 καὶ
519 1409 726 1480 ἀγροὺς
763 1410 854 1462 καὶ
891 1410 1153 1478 καλύβας,
1191 1409 1283 1462 καὶ
1323 1409 1461 1472 ὅλως
1500 1404 1566 1462 οὗ
1599 1408 1758 1478 γένος
1790 1409 1883 1462 άν-

137 1523 177 1555 15
201 1499 447 1568 θρώπων
484 1499 707 1567 ἥμερον,
742 1502 888 1551 καλῶ
933 1498 994 1550 δὲ
1031 1498 1236 1567 ἥμερον
1274 1500 1403 1560 τοὺς
1442 1496 1503 1551 ἐν
1540 1507 1655 1561 τοῖς
1700 1497 1884 1567 ἡμετέ-

202 1607 320 1657 ροις
360 1590 559 1652 ζῶντας
588 1589 793 1655 νόμοις,
833 1585 1079 1640 ἐνταῦθα
1108 1593 1279 1639 ταῦτα
1316 1587 1407 1639 καὶ
1438 1589 1755 1657 γνωρίζεται
1792 1586 1883 1639 καὶ

201 1675 414 1744 λέγεται
452 1674 542 1729 καὶ
581 1676 642 1728 τὸ
674 1683 841 1745 κῦρος
875 1677 1298 1745 τοῖςμεγίστοις
1328 1674 1566 1745 παρέχει,
1604 1673 1696 1729 καὶ
1727 1678 1882 1744 βασι-

201 1767 327 1827 λεὺς
365 1764 471 1818 ἀπὸ
511 1772 606 1833 τῆς
637 1762 853 1817 ἐκεῖθεν
882 1766 1206 1834 προσθήκης
1237 1764 1338 1833 οὐχ
1367 1761 1533 1833 ἧττον
1565 1763 1880 1834 ἁπανταχοῦ

200 1851 328 1906 καθ’
368 1851 599 1922 ἑκάστην
654 1851 841 1923 ᾄδεται
894 1854 995 1922 τὴν
1048 1851 1269 1922 ἡμέραν.
1329 1842 1443 1906 '15.
1497 1861 1768 1906 τοσοῦτον
1820 1851 1885 1905 δέ

135 1967 178 1998 20
203 1940 315 1995 ἐστι
353 1943 415 1995 τὸ
451 1949 546 2009 τῆς
584 1949 740 2010 τιμῆς
770 1941 1135 2011 ὑπερβάλλον,
1176 1940 1313 1994 ὥσθ’
1346 1943 1400 1994 αἱ
1437 1938 1540 2008 μὲν
1581 1950 1691 1994 τῶν
1728 1946 1882 1994 θεῶν

202 2029 384 2101 ἑορταὶ
432 2028 719 2101 διῄρηνται
764 2038 879 2092 τοῖς
923 2032 1135 2098 τόποις,
1189 2030 1279 2082 καὶ
1323 2038 1434 2082 τῶν
1483 2028 1701 2098 ὁμόρων
1749 2031 1879 2092 τοὺς

201 2116 302 2187 μὲν
358 2120 558 2190 τούτῳ,
612 2121 740 2181 τοὺς
795 2115 855 2171 δὲ
910 2116 1071 2189 ἑτέρῳ
1130 2118 1354 2186 πομπὴν
1407 2116 1717 2186 πέμποντας
1768 2118 1878 2170 ἴδοι

201 2227 282 2269 τις
320 2209 405 2276 ἄν,
444 2208 533 2260 καὶ
573 2208 816 2274 τοῦνομα
851 2214 951 2259 τοῦ
991 2207 1092 2274 τὴν
1133 2208 1342 2259 θυσίαν
1390 2205 1687 2275 δεχομένου
1734 2207 1877 2259 πολὺ

318 2387 342 2426 9
386 2382 515 2426 Arat.
543 2388 566 2426 2
586 2398 651 2438 sq.
777 2387 830 2426 13
861 2382 993 2426 Pind.
1019 2382 1152 2438 Pyth.
1171 2381 1234 2425 VI
1261 2386 1327 2425 12.
1360 2381 1466 2425 Eur.
1492 2380 1624 2425 Herc.
1650 2380 1698 2424 F.
1725 2383 1810 2422 400

319 2548 343 2586 9
391 2545 477 2602 τις]
512 2543 534 2588 ὁ
568 2544 738 2600 ἄρατος
768 2544 840 2589 P²

321 2695 342 2734 1
379 2689 406 2746 ἢ
441 2691 688 2735 delendum
722 2692 901 2734 censuit
924 2691 992 2734 Re
1016 2690 1168 2743 Anim,
1200 2692 1369 2746 μᾶλλον
1393 2691 1502 2732 ante
1526 2686 1554 2743 ἢ
1578 2687 1874 2731 inserendum

199 2750 248 2793 in
281 2749 379 2793 edit
544 2755 567 2793 '7
615 2749 793 2806 σπουδὴ
834 2764 907 2792 om
931 2751 976 2793 B
1009 2749 1132 2791 inser
1155 2750 1190 2792 I
1197 2752 1212 2773 ³
1372 2752 1396 2790 9
1444 2747 1495 2791 τὸ
1527 2747 1651 2790 inser
1680 2746 1765 2801 1³³,
1798 2759 1873 2788 om

199 2809 248 2851 in
293 2821 369 2851 ras
409 2812 433 2851 2
480 2808 742 2860 litterarum
783 2809 828 2851 A
887 2807 962 2850 del
1008 2807 1095 2861 Re3
1145 2807 1201 2850 cf.
1233 2822 1277 2863 p.
1314 2811 1381 2860 15,
1413 2810 1466 2849 10
1663 2810 1713 2848 11
1766 2803 1871 2862 εἴπη

202 2868 330 2912 ΟΑΡ
349 2867 416 2910 Re
567 2872 619 2910 16
651 2874 796 2910 ταῦτα
828 2866 1001 2909 inserui
1033 2879 1058 2907 e
1080 2865 1211 2908 libris
1363 2869 1415 2908 19
1449 2863 1743 2921 καθεκάστην
1774 2866 1810 2908 Ι

201 2931 254 2969 21
286 2924 474 2981 τρόποις
505 2926 639 2970 UMI
665 2925 744 2969 sed
776 2924 824 2967 in
848 2925 935 2968 hoc
966 2942 990 2979 ρ
1024 2938 1205 2968 erasum
