<?xml version="1.0" encoding="UTF-8"?>
<!DOCTYPE html PUBLIC "-//W3C//DTD XHTML 1.0 Transitional//EN"
    "http://www.w3.org/TR/xhtml1/DTD/xhtml1-transitional.dtd">
<html xmlns="http://www.w3.org/1999/xhtml" xml:lang="en" lang="en">
 <head>
  <title>
</title>
<meta http-equiv="Content-Type" content="text/html;charset=utf-8" />
  <meta name='ocr-system' content='tesseract 3.04.00' />
  <meta name='ocr-capabilities' content='ocr_page ocr_carea ocr_par ocr_line ocrx_word'/>
</head>
<body>
  <div class='ocr_page' id='page_1' title='image "./operarecensuitri02libauoft_0013.png"; bbox 0 0 2054 3140; ppageno 0'>
   <div class='ocr_carea' id='block_1_1' title="bbox 688 115 1838 169">
    <p class='ocr_par' dir='ltr' id='par_1_1' title="bbox 688 115 1838 169">
     <span class='ocr_line' id='line_1_1' title="bbox 688 115 1838 169; baseline -0.001 -10"><span class='ocrx_word' id='word_1_1' title='bbox 688 115 915 160; x_wconf 89' lang='lat' dir='ltr'>LIBANII</span> <span class='ocrx_word' id='word_1_2' title='bbox 947 115 1169 160; x_wconf 85' lang='lat' dir='ltr'><strong>ORATIO</strong></span> <span class='ocrx_word' id='word_1_3' title='bbox 1201 115 1286 159; x_wconf 90' lang='lat' dir='ltr'>XII</span> <span class='ocrx_word' id='word_1_4' title='bbox 1805 117 1838 169; x_wconf 86' lang='lat'>3</span> 
     </span>
    </p>
   </div>
   <div class='ocr_carea' id='block_1_2' title="bbox 152 256 1839 2446">
    <p class='ocr_par' dir='ltr' id='par_1_2' title="bbox 158 256 1839 528">
     <span class='ocr_line' id='line_1_2' title="bbox 276 256 1838 319; baseline -0.001 -13"><span class='ocrx_word' id='word_1_5' title='bbox 276 259 358 306; x_wconf 89' lang='lat'>25.</span> <span class='ocrx_word' id='word_1_6' title='bbox 413 256 750 304; x_wconf 86' lang='lat' dir='ltr'>Marcianus</span> <span class='ocrx_word' id='word_1_7' title='bbox 790 272 866 319; x_wconf 86' lang='lat' dir='ltr'>gr.</span> <span class='ocrx_word' id='word_1_8' title='bbox 908 257 1012 303; x_wconf 87' lang='lat'>422</span> <span class='ocrx_word' id='word_1_9' title='bbox 1063 256 1347 304; x_wconf 72' lang='lat' dir='ltr'>chartaceus</span> <span class='ocrx_word' id='word_1_10' title='bbox 1394 256 1447 303; x_wconf 92' lang='lat' dir='ltr'>in</span> <span class='ocrx_word' id='word_1_11' title='bbox 1493 256 1612 304; x_wconf 86' lang='lat' dir='ltr'>folio</span> <span class='ocrx_word' id='word_1_12' title='bbox 1651 257 1838 305; x_wconf 90' lang='lat' dir='ltr'>minore</span> 
     </span>
     <span class='ocr_line' id='line_1_3' title="bbox 158 325 1839 394; baseline -0.001 -13"><span class='ocrx_word' id='word_1_13' title='bbox 158 331 354 381; x_wconf 87' lang='lat' dir='ltr'>saeculo</span> <span class='ocrx_word' id='word_1_14' title='bbox 390 330 482 377; x_wconf 90' lang='lat' dir='ltr'>XV</span> <span class='ocrx_word' id='word_1_15' title='bbox 527 329 682 378; x_wconf 84' lang='lat' dir='ltr'>nitide</span> <span class='ocrx_word' id='word_1_16' title='bbox 731 330 963 391; x_wconf 82' lang='lat' dir='ltr'>scriptuS,</span> <span class='ocrx_word' id='word_1_17' title='bbox 1018 330 1135 378; x_wconf 90' lang='lat' dir='ltr'>olim</span> <span class='ocrx_word' id='word_1_18' title='bbox 1182 325 1563 394; x_wconf 80' lang='lat' dir='ltr'>Bessarionis1),</span> <span class='ocrx_word' id='word_1_19' title='bbox 1618 331 1839 379; x_wconf 87' lang='lat' dir='ltr'>continet</span> 
     </span>
     <span class='ocr_line' id='line_1_4' title="bbox 158 402 1836 468; baseline -0.001 -14"><span class='ocrx_word' id='word_1_20' title='bbox 158 407 273 468; x_wconf 86' lang='lat' dir='ltr'>post</span> <span class='ocrx_word' id='word_1_21' title='bbox 302 405 476 452; x_wconf 87' lang='lat' dir='ltr'>Dionis</span> <span class='ocrx_word' id='word_1_22' title='bbox 510 402 860 466; x_wconf 83' lang='lat' dir='ltr'>Chrysostomi,</span> <span class='ocrx_word' id='word_1_23' title='bbox 901 402 1126 467; x_wconf 78' lang='lat' dir='ltr'>Gorgiae,</span> <span class='ocrx_word' id='word_1_24' title='bbox 1166 404 1439 466; x_wconf 87' lang='lat' dir='ltr'>Themistii,</span> <span class='ocrx_word' id='word_1_25' title='bbox 1477 404 1670 467; x_wconf 85' lang='lat' dir='ltr'>Lysiae,</span> <span class='ocrx_word' id='word_1_26' title='bbox 1711 404 1836 468; x_wconf 80' lang='lat' dir='ltr'>Syn-</span> 
     </span>
     <span class='ocr_line' id='line_1_5' title="bbox 161 477 757 528; baseline -0.005 0"><span class='ocrx_word' id='word_1_27' title='bbox 161 479 250 528; x_wconf 87' lang='lat' dir='ltr'>esii</span> <span class='ocrx_word' id='word_1_28' title='bbox 289 477 536 526; x_wconf 89' lang='lat' dir='ltr'>orationes</span> <span class='ocrx_word' id='word_1_29' title='bbox 575 478 688 525; x_wconf 91' lang='lat' dir='ltr'>inde</span> <span class='ocrx_word' id='word_1_30' title='bbox 729 494 757 525; x_wconf 88' lang='lat' dir='ltr'>a</span> 
     </span>
    </p>

    <p class='ocr_par' dir='ltr' id='par_1_3' title="bbox 156 549 1836 692">
     <span class='ocr_line' id='line_1_6' title="bbox 267 549 1836 618; baseline 0.001 -19"><span class='ocrx_word' id='word_1_31' title='bbox 267 552 350 600; x_wconf 86' lang='lat' dir='ltr'>fol.</span> <span class='ocrx_word' id='word_1_32' title='bbox 381 552 483 599; x_wconf 85' lang='lat'>165</span> <span class='ocrx_word' id='word_1_33' title='bbox 522 551 748 616; x_wconf 86' lang='grc' dir='ltr'><strong><em>λιβανίου</em></strong></span> <span class='ocrx_word' id='word_1_34' title='bbox 783 549 988 618; x_wconf 77' lang='grc' dir='ltr'><strong><em>ῥήτορος</em></strong></span> <span class='ocrx_word' id='word_1_35' title='bbox 1018 550 1360 617; x_wconf 85' lang='grc' dir='ltr'><strong><em>πρεσβευτικὸς</em></strong></span> <span class='ocrx_word' id='word_1_36' title='bbox 1382 550 1505 617; x_wconf 90' lang='grc' dir='ltr'><strong><em>πρὸς</em></strong></span> <span class='ocrx_word' id='word_1_37' title='bbox 1535 550 1650 611; x_wconf 80' lang='grc' dir='ltr'><strong><em>τοὺς</em></strong></span> <span class='ocrx_word' id='word_1_38' title='bbox 1679 559 1836 617; x_wconf 86' lang='grc' dir='ltr'><strong><em>τρῶας</em></strong></span> 
     </span>
     <span class='ocr_line' id='line_1_7' title="bbox 156 623 917 692; baseline 0 -18"><span class='ocrx_word' id='word_1_39' title='bbox 156 623 281 692; x_wconf 81' lang='grc' dir='ltr'><strong><em>ὑπὲρ</em></strong></span> <span class='ocrx_word' id='word_1_40' title='bbox 321 632 407 689; x_wconf 79' lang='grc' dir='ltr'><strong><em>τῆς</em></strong></span> <span class='ocrx_word' id='word_1_41' title='bbox 447 623 633 689; x_wconf 72' lang='grc' dir='ltr'><strong><em>ἕλένηςε</em></strong></span> <span class='ocrx_word' id='word_1_42' title='bbox 690 623 917 689; x_wconf 85' lang='grc' dir='ltr'><strong><em>μενέλαος</em></strong></span> 
     </span>
    </p>

    <p class='ocr_par' dir='ltr' id='par_1_4' title="bbox 158 696 1835 832">
     <span class='ocr_line' id='line_1_8' title="bbox 272 696 1835 765; baseline 0.001 -18"><span class='ocrx_word' id='word_1_43' title='bbox 272 701 402 747; x_wconf 73' lang='lat' dir='ltr'>167v</span> <span class='ocrx_word' id='word_1_44' title='bbox 439 698 782 764; x_wconf 87' lang='grc' dir='ltr'><strong><em>πρεσβευτικὸς</em></strong></span> <span class='ocrx_word' id='word_1_45' title='bbox 828 699 949 765; x_wconf 89' lang='grc' dir='ltr'><strong><em>πρὸς</em></strong></span> <span class='ocrx_word' id='word_1_46' title='bbox 994 698 1109 758; x_wconf 84' lang='grc' dir='ltr'><strong><em>τοὺς</em></strong></span> <span class='ocrx_word' id='word_1_47' title='bbox 1153 706 1308 764; x_wconf 83' lang='grc' dir='ltr'><strong><em>τρῶας</em></strong></span> <span class='ocrx_word' id='word_1_48' title='bbox 1353 696 1475 765; x_wconf 81' lang='grc' dir='ltr'><strong><em>ὑπὲρ</em></strong></span> <span class='ocrx_word' id='word_1_49' title='bbox 1522 706 1608 763; x_wconf 82' lang='grc' dir='ltr'><strong><em>τῆς</em></strong></span> <span class='ocrx_word' id='word_1_50' title='bbox 1646 697 1835 764; x_wconf 81' lang='grc' dir='ltr'><strong><em>ἒλένης’</em></strong></span> 
     </span>
     <span class='ocr_line' id='line_1_9' title="bbox 158 771 394 832; baseline -0.008 -9"><span class='ocrx_word' id='word_1_51' title='bbox 158 771 394 832; x_wconf 81' lang='grc' dir='ltr'><strong><em>ὀδυσσεύς</em></strong></span> 
     </span>
    </p>

    <p class='ocr_par' dir='ltr' id='par_1_5' title="bbox 156 844 1836 987">
     <span class='ocr_line' id='line_1_10' title="bbox 271 844 1836 914; baseline 0.001 -19"><span class='ocrx_word' id='word_1_52' title='bbox 271 848 373 895; x_wconf 85' lang='lat'>175</span> <span class='ocrx_word' id='word_1_53' title='bbox 436 845 710 913; x_wconf 79' lang='grc' dir='ltr'><strong><em>ἀριστείδου</em></strong></span> <span class='ocrx_word' id='word_1_54' title='bbox 749 846 954 914; x_wconf 76' lang='grc' dir='ltr'><strong><em>ῥήτορος</em></strong></span> <span class='ocrx_word' id='word_1_55' title='bbox 992 846 1335 914; x_wconf 86' lang='grc' dir='ltr'><strong><em>πρεσβευτικὸς</em></strong></span> <span class='ocrx_word' id='word_1_56' title='bbox 1372 845 1494 912; x_wconf 90' lang='grc' dir='ltr'><strong><em>πρὸς</em></strong></span> <span class='ocrx_word' id='word_1_57' title='bbox 1529 845 1614 895; x_wconf 90' lang='grc' dir='ltr'>τὸν</span> <span class='ocrx_word' id='word_1_58' title='bbox 1645 844 1836 911; x_wconf 82' lang='grc' dir='ltr'><strong><em>ἀχιλλέα</em></strong></span> 
     </span>
     <span class='ocr_line' id='line_1_11' title="bbox 156 918 672 987; baseline -0.002 -17"><span class='ocrx_word' id='word_1_59' title='bbox 156 918 281 987; x_wconf 80' lang='grc' dir='ltr'><strong><em>ὑπὲρ</em></strong></span> <span class='ocrx_word' id='word_1_60' title='bbox 322 928 418 970; x_wconf 85' lang='grc' dir='ltr'>τῶν</span> <span class='ocrx_word' id='word_1_61' title='bbox 457 919 672 984; x_wconf 80' lang='grc' dir='ltr'><strong><em>ἒλλήνων</em></strong></span> 
     </span>
    </p>

    <p class='ocr_par' dir='ltr' id='par_1_6' title="bbox 270 991 1836 1083">
     <span class='ocr_line' id='line_1_12' title="bbox 270 991 1836 1083; baseline 0 -40"><span class='ocrx_word' id='word_1_62' title='bbox 270 997 373 1043; x_wconf 85' lang='grc'>179</span> <span class='ocrx_word' id='word_1_63' title='bbox 436 995 661 1059; x_wconf 87' lang='grc' dir='ltr'><strong><em>λιβανίου</em></strong></span> <span class='ocrx_word' id='word_1_64' title='bbox 699 992 1035 1083; x_wconf 82' lang='grc' dir='ltr'><strong><em>ἀντιρρητικὸς</em></strong></span> <span class='ocrx_word' id='word_1_65' title='bbox 1073 993 1194 1061; x_wconf 88' lang='grc' dir='ltr'><strong><em>πρὸς</em></strong></span> <span class='ocrx_word' id='word_1_66' title='bbox 1240 993 1324 1043; x_wconf 90' lang='grc' dir='ltr'>τὸν</span> <span class='ocrx_word' id='word_1_67' title='bbox 1371 991 1580 1043; x_wconf 81' lang='grc' dir='ltr'><strong><em>ὀδυσσέα</em></strong></span> <span class='ocrx_word' id='word_1_68' title='bbox 1618 992 1836 1059; x_wconf 82' lang='grc' dir='ltr'><strong><em>ἀχιλλεὺς</em></strong></span> 
     </span>
    </p>

    <p class='ocr_par' dir='ltr' id='par_1_7' title="bbox 157 1065 1836 1207">
     <span class='ocr_line' id='line_1_13' title="bbox 270 1065 1836 1135; baseline 0 -18"><span class='ocrx_word' id='word_1_69' title='bbox 270 1070 372 1117; x_wconf 89' lang='grc'>188</span> <span class='ocrx_word' id='word_1_70' title='bbox 437 1067 611 1118; x_wconf 84' lang='grc' dir='ltr'><strong><em>Πόθεν</em></strong></span> <span class='ocrx_word' id='word_1_71' title='bbox 649 1073 750 1128; x_wconf 82' lang='grc' dir='ltr'><strong><em>τοῖς</em></strong></span> <span class='ocrx_word' id='word_1_72' title='bbox 789 1067 980 1133; x_wconf 77' lang='grc' dir='ltr'><strong><em>ἕλλησιν</em></strong></span> <span class='ocrx_word' id='word_1_73' title='bbox 1018 1070 1048 1116; x_wconf 94' lang='grc'>1.</span> <span class='ocrx_word' id='word_1_74' title='bbox 1076 1084 1114 1116; x_wconf 86' lang='lat' dir='ltr'>e.</span> <span class='ocrx_word' id='word_1_75' title='bbox 1148 1067 1437 1134; x_wconf 81' lang='grc' dir='ltr'><strong><em>Πατρόκλου</em></strong></span> <span class='ocrx_word' id='word_1_76' title='bbox 1475 1067 1598 1135; x_wconf 90' lang='grc' dir='ltr'><strong><em>πρὸς</em></strong></span> <span class='ocrx_word' id='word_1_77' title='bbox 1629 1065 1836 1133; x_wconf 86' lang='grc' dir='ltr'><strong><em>Αχιλλέα</em></strong></span> 
     </span>
     <span class='ocr_line' id='line_1_14' title="bbox 157 1140 324 1207; baseline -0.012 -15"><span class='ocrx_word' id='word_1_78' title='bbox 157 1140 324 1207; x_wconf 81' lang='grc' dir='ltr'><strong><em>μελέτη</em></strong></span> 
     </span>
    </p>

    <p class='ocr_par' dir='ltr' id='par_1_8' title="bbox 270 1211 1614 1283">
     <span class='ocr_line' id='line_1_15' title="bbox 270 1211 1614 1283; baseline 0 -18"><span class='ocrx_word' id='word_1_79' title='bbox 270 1218 371 1265; x_wconf 88' lang='grc'>196</span> <span class='ocrx_word' id='word_1_80' title='bbox 437 1215 553 1281; x_wconf 80' lang='grc' dir='ltr'><strong><em>μετὰ</em></strong></span> <span class='ocrx_word' id='word_1_81' title='bbox 590 1216 681 1281; x_wconf 85' lang='grc' dir='ltr'>τὴν</span> <span class='ocrx_word' id='word_1_82' title='bbox 720 1217 900 1265; x_wconf 75' lang='grc' dir='ltr'><strong><em>ἅλωσιν</em></strong></span> <span class='ocrx_word' id='word_1_83' title='bbox 939 1223 1025 1281; x_wconf 81' lang='grc' dir='ltr'><strong><em>τῆς</em></strong></span> <span class='ocrx_word' id='word_1_84' title='bbox 1062 1216 1227 1283; x_wconf 90' lang='grc' dir='ltr'><strong><em>τροίας</em></strong></span> <span class='ocrx_word' id='word_1_85' title='bbox 1263 1215 1295 1264; x_wconf 90' lang='grc'>1.</span> <span class='ocrx_word' id='word_1_86' title='bbox 1322 1233 1360 1265; x_wconf 88' lang='lat' dir='ltr'>e.</span> <span class='ocrx_word' id='word_1_87' title='bbox 1389 1211 1614 1281; x_wconf 84' lang='grc' dir='ltr'><strong><em>Ὀρέστης</em></strong></span> 
     </span>
    </p>

    <p class='ocr_par' dir='ltr' id='par_1_9' title="bbox 158 1285 1837 1414">
     <span class='ocr_line' id='line_1_16' title="bbox 267 1285 1837 1356; baseline 0 -17"><span class='ocrx_word' id='word_1_88' title='bbox 267 1292 371 1340; x_wconf 87' lang='grc'>202</span> <span class='ocrx_word' id='word_1_89' title='bbox 435 1299 551 1339; x_wconf 86' lang='grc' dir='ltr'>νῦν</span> <span class='ocrx_word' id='word_1_90' title='bbox 601 1298 850 1356; x_wconf 84' lang='grc' dir='ltr'><strong><em>πρῶτον</em></strong></span> <span class='ocrx_word' id='word_1_91' title='bbox 899 1290 1143 1340; x_wconf 73' lang='grc' dir='ltr'><strong><em>ὕπατον</em></strong></span> <span class='ocrx_word' id='word_1_92' title='bbox 1193 1291 1224 1338; x_wconf 88' lang='lat' dir='ltr'>i</span> <span class='ocrx_word' id='word_1_93' title='bbox 1259 1308 1297 1338; x_wconf 89' lang='lat' dir='ltr'>e</span> <span class='ocrx_word' id='word_1_94' title='bbox 1346 1289 1437 1350; x_wconf 85' lang='grc' dir='ltr'><strong><em>εἰς</em></strong></span> <span class='ocrx_word' id='word_1_95' title='bbox 1478 1285 1837 1339; x_wconf 85' lang='grc' dir='ltr'><strong><em>Ἰουλιανὸν</em></strong></span> 
     </span>
     <span class='ocr_line' id='line_1_17' title="bbox 158 1363 397 1414; baseline 0 -1"><span class='ocrx_word' id='word_1_96' title='bbox 158 1363 397 1414; x_wconf 74' lang='grc' dir='ltr'><strong><em>ὕπατον.</em></strong></span> 
     </span>
    </p>

    <p class='ocr_par' dir='ltr' id='par_1_10' title="bbox 154 1436 1835 2096">
     <span class='ocr_line' id='line_1_18' title="bbox 265 1436 1835 1505; baseline 0 -19"><span class='ocrx_word' id='word_1_97' title='bbox 265 1438 461 1487; x_wconf 86' lang='lat' dir='ltr'>Desinit</span> <span class='ocrx_word' id='word_1_98' title='bbox 479 1439 724 1487; x_wconf 59' lang='lat' dir='ltr'><strong>f01.209v.</strong></span> <span class='ocrx_word' id='word_1_99' title='bbox 767 1438 1050 1501; x_wconf 70' lang='lat' dir='ltr'>Sequuntur</span> <span class='ocrx_word' id='word_1_100' title='bbox 1072 1436 1398 1505; x_wconf 72' lang='grc' dir='ltr'><strong><em>ἀριστείὸου”</em></strong></span> <span class='ocrx_word' id='word_1_101' title='bbox 1371 1437 1576 1503; x_wconf 87' lang='grc' dir='ltr'><strong><em>ρήτορος</em></strong></span> <span class='ocrx_word' id='word_1_102' title='bbox 1595 1436 1716 1486; x_wconf 84' lang='grc' dir='ltr'><strong><em>κατὰ</em></strong></span> <span class='ocrx_word' id='word_1_103' title='bbox 1738 1445 1835 1487; x_wconf 87' lang='grc' dir='ltr'>τῶν</span> 
     </span>
     <span class='ocr_line' id='line_1_19' title="bbox 157 1510 1835 1576; baseline -0.001 -16"><span class='ocrx_word' id='word_1_104' title='bbox 157 1510 519 1576; x_wconf 80' lang='grc' dir='ltr'><strong><em>ἐξορχουμένων</em></strong></span> <span class='ocrx_word' id='word_1_105' title='bbox 558 1513 781 1575; x_wconf 88' lang='lat' dir='ltr'>aliaeque</span> <span class='ocrx_word' id='word_1_106' title='bbox 828 1514 930 1561; x_wconf 89' lang='lat' dir='ltr'>eius</span> <span class='ocrx_word' id='word_1_107' title='bbox 979 1513 1236 1560; x_wconf 85' lang='lat' dir='ltr'>orationes.</span> <span class='ocrx_word' id='word_1_108' title='bbox 1316 1511 1515 1560; x_wconf 75' lang='lat' dir='ltr'>Contuli</span> <span class='ocrx_word' id='word_1_109' title='bbox 1563 1513 1835 1561; x_wconf 88' lang='lat' dir='ltr'>orationem</span> 
     </span>
     <span class='ocr_line' id='line_1_20' title="bbox 156 1585 1834 1647; baseline 0.001 -15"><span class='ocrx_word' id='word_1_110' title='bbox 156 1585 352 1633; x_wconf 88' lang='lat' dir='ltr'>Libanii</span> <span class='ocrx_word' id='word_1_111' title='bbox 391 1601 519 1634; x_wconf 89' lang='lat' dir='ltr'>anno</span> <span class='ocrx_word' id='word_1_112' title='bbox 561 1587 716 1635; x_wconf 88' lang='grc'><strong>1869.</strong></span> <span class='ocrx_word' id='word_1_113' title='bbox 796 1585 891 1634; x_wconf 85' lang='lat' dir='ltr'>Sed</span> <span class='ocrx_word' id='word_1_114' title='bbox 929 1587 1161 1635; x_wconf 87' lang='lat' dir='ltr'>lectiones</span> <span class='ocrx_word' id='word_1_115' title='bbox 1209 1586 1312 1634; x_wconf 89' lang='lat' dir='ltr'>eius</span> <span class='ocrx_word' id='word_1_116' title='bbox 1359 1586 1421 1633; x_wconf 89' lang='lat' dir='ltr'>ab</span> <span class='ocrx_word' id='word_1_117' title='bbox 1462 1588 1705 1647; x_wconf 85' lang='lat' dir='ltr'>apparatu</span> <span class='ocrx_word' id='word_1_118' title='bbox 1744 1587 1834 1633; x_wconf 91' lang='lat' dir='ltr'>cri-</span> 
     </span>
     <span class='ocr_line' id='line_1_21' title="bbox 160 1659 1834 1721; baseline 0.001 -15"><span class='ocrx_word' id='word_1_119' title='bbox 160 1660 260 1707; x_wconf 89' lang='lat' dir='ltr'>tico</span> <span class='ocrx_word' id='word_1_120' title='bbox 300 1660 497 1708; x_wconf 80' lang='lat' dir='ltr'>exulare</span> <span class='ocrx_word' id='word_1_121' title='bbox 535 1659 669 1707; x_wconf 90' lang='lat' dir='ltr'>iussi.</span> <span class='ocrx_word' id='word_1_122' title='bbox 747 1659 1079 1708; x_wconf 84' lang='lat' dir='ltr'>Temerariam</span> <span class='ocrx_word' id='word_1_123' title='bbox 1111 1659 1237 1707; x_wconf 78' lang='lat' dir='ltr'>enim</span> <span class='ocrx_word' id='word_1_124' title='bbox 1271 1661 1498 1721; x_wconf 83' lang='lat' dir='ltr'>expertus</span> <span class='ocrx_word' id='word_1_125' title='bbox 1530 1662 1604 1708; x_wconf 88' lang='lat' dir='ltr'>est</span> <span class='ocrx_word' id='word_1_126' title='bbox 1631 1676 1834 1707; x_wconf 91' lang='lat' dir='ltr'>manum</span> 
     </span>
     <span class='ocr_line' id='line_1_22' title="bbox 157 1731 1833 1799; baseline 0.001 -19"><span class='ocrx_word' id='word_1_127' title='bbox 157 1732 527 1794; x_wconf 87' lang='lat' dir='ltr'>interpolatoris</span> <span class='ocrx_word' id='word_1_128' title='bbox 558 1734 693 1781; x_wconf 85' lang='lat' dir='ltr'>haud</span> <span class='ocrx_word' id='word_1_129' title='bbox 723 1733 1097 1782; x_wconf 88' lang='lat' dir='ltr'>verecundantis</span> <span class='ocrx_word' id='word_1_130' title='bbox 1137 1733 1344 1782; x_wconf 90' lang='lat' dir='ltr'>scribere</span> <span class='ocrx_word' id='word_1_131' title='bbox 1385 1731 1547 1799; x_wconf 85' lang='grc' dir='ltr'><strong><em>ἰατρὸς</em></strong></span> <span class='ocrx_word' id='word_1_132' title='bbox 1584 1748 1673 1796; x_wconf 89' lang='lat' dir='ltr'>pro</span> <span class='ocrx_word' id='word_1_133' title='bbox 1712 1752 1833 1781; x_wconf 90' lang='grc' dir='ltr'><strong><em>ναυ-</em></strong></span> 
     </span>
     <span class='ocr_line' id='line_1_23' title="bbox 155 1804 1833 1872; baseline 0.001 -19"><span class='ocrx_word' id='word_1_134' title='bbox 155 1804 312 1871; x_wconf 72' lang='grc' dir='ltr'><strong><em>πηγὸς</em></strong></span> <span class='ocrx_word' id='word_1_135' title='bbox 348 1823 395 1869; x_wconf 91' lang='lat' dir='ltr'>p.</span> <span class='ocrx_word' id='word_1_136' title='bbox 431 1808 515 1867; x_wconf 84' lang='lat'>34,</span> <span class='ocrx_word' id='word_1_137' title='bbox 549 1807 597 1868; x_wconf 82' lang='lat'>8,</span> <span class='ocrx_word' id='word_1_138' title='bbox 647 1805 761 1865; x_wconf 86' lang='grc' dir='ltr'><strong><em>τοὺς</em></strong></span> <span class='ocrx_word' id='word_1_139' title='bbox 799 1806 974 1872; x_wconf 79' lang='grc' dir='ltr'><strong><em>λόγους</em></strong></span> <span class='ocrx_word' id='word_1_140' title='bbox 1011 1822 1100 1869; x_wconf 88' lang='lat' dir='ltr'>pro</span> <span class='ocrx_word' id='word_1_141' title='bbox 1140 1805 1198 1855; x_wconf 85' lang='grc' dir='ltr'>τὰ</span> <span class='ocrx_word' id='word_1_142' title='bbox 1231 1806 1369 1872; x_wconf 79' lang='grc' dir='ltr'><strong><em>λόγια</em></strong></span> <span class='ocrx_word' id='word_1_143' title='bbox 1406 1824 1452 1869; x_wconf 92' lang='lat' dir='ltr'>p.</span> <span class='ocrx_word' id='word_1_144' title='bbox 1481 1808 1565 1868; x_wconf 86' lang='lat'>31,</span> <span class='ocrx_word' id='word_1_145' title='bbox 1592 1809 1639 1868; x_wconf 88' lang='lat'>9,</span> <span class='ocrx_word' id='word_1_146' title='bbox 1688 1804 1833 1872; x_wconf 71' lang='grc' dir='ltr'><strong><em>ἄγον-</em></strong></span> 
     </span>
     <span class='ocr_line' id='line_1_24' title="bbox 155 1877 1834 1945; baseline 0.002 -18"><span class='ocrx_word' id='word_1_147' title='bbox 155 1898 239 1939; x_wconf 87' lang='grc' dir='ltr'><strong><em>τας</em></strong></span> <span class='ocrx_word' id='word_1_148' title='bbox 284 1896 374 1942; x_wconf 92' lang='lat' dir='ltr'>pro</span> <span class='ocrx_word' id='word_1_149' title='bbox 421 1877 698 1944; x_wconf 84' lang='grc' dir='ltr'><strong><em>πέμποντας</em></strong></span> <span class='ocrx_word' id='word_1_150' title='bbox 741 1898 787 1944; x_wconf 90' lang='lat' dir='ltr'>p.</span> <span class='ocrx_word' id='word_1_151' title='bbox 825 1883 915 1942; x_wconf 87' lang='lat'>14,</span> <span class='ocrx_word' id='word_1_152' title='bbox 949 1883 1039 1943; x_wconf 87' lang='grc'>22,</span> <span class='ocrx_word' id='word_1_153' title='bbox 1093 1878 1377 1945; x_wconf 83' lang='grc' dir='ltr'><strong><em>παρέχοντες</em></strong></span> <span class='ocrx_word' id='word_1_154' title='bbox 1421 1897 1511 1943; x_wconf 91' lang='lat' dir='ltr'>pro</span> <span class='ocrx_word' id='word_1_155' title='bbox 1557 1881 1834 1944; x_wconf 84' lang='grc' dir='ltr'><strong><em>κομίζοντες</em></strong></span> 
     </span>
     <span class='ocr_line' id='line_1_25' title="bbox 154 1951 1833 2020; baseline 0.002 -20"><span class='ocrx_word' id='word_1_156' title='bbox 154 1970 200 2015; x_wconf 91' lang='lat' dir='ltr'>p.</span> <span class='ocrx_word' id='word_1_157' title='bbox 237 1955 321 2014; x_wconf 86' lang='lat'>29,</span> <span class='ocrx_word' id='word_1_158' title='bbox 343 1956 370 2001; x_wconf 87' lang='grc'>7</span> <span class='ocrx_word' id='word_1_159' title='bbox 413 1957 463 2002; x_wconf 85' lang='lat' dir='ltr'>et</span> <span class='ocrx_word' id='word_1_160' title='bbox 502 1954 746 2002; x_wconf 83' lang='lat' dir='ltr'>inculcare</span> <span class='ocrx_word' id='word_1_161' title='bbox 790 1954 993 2018; x_wconf 81' lang='grc' dir='ltr'><strong><em>δυνάμει</em></strong></span> <span class='ocrx_word' id='word_1_162' title='bbox 1042 1955 1172 2002; x_wconf 88' lang='lat' dir='ltr'>inter</span> <span class='ocrx_word' id='word_1_163' title='bbox 1212 1951 1437 2020; x_wconf 76' lang='grc' dir='ltr'><strong><em>λέγοντος</em></strong></span> <span class='ocrx_word' id='word_1_164' title='bbox 1480 1957 1530 2003; x_wconf 86' lang='lat' dir='ltr'>et</span> <span class='ocrx_word' id='word_1_165' title='bbox 1570 1953 1833 2018; x_wconf 79' lang='grc' dir='ltr'><strong><em>ἐφάμιλλος</em></strong></span> 
     </span>
     <span class='ocr_line' id='line_1_26' title="bbox 155 2025 1711 2096; baseline 0.001 -21"><span class='ocrx_word' id='word_1_166' title='bbox 155 2045 200 2090; x_wconf 95' lang='lat' dir='ltr'>p.</span> <span class='ocrx_word' id='word_1_167' title='bbox 231 2029 313 2088; x_wconf 91' lang='lat'>10,</span> <span class='ocrx_word' id='word_1_168' title='bbox 341 2029 424 2088; x_wconf 86' lang='lat'>10,</span> <span class='ocrx_word' id='word_1_169' title='bbox 463 2026 520 2075; x_wconf 82' lang='grc' dir='ltr'>τὰ</span> <span class='ocrx_word' id='word_1_170' title='bbox 558 2025 668 2091; x_wconf 83' lang='grc' dir='ltr'><strong><em>τέλη</em></strong></span> <span class='ocrx_word' id='word_1_171' title='bbox 705 2028 836 2076; x_wconf 89' lang='lat' dir='ltr'>inter</span> <span class='ocrx_word' id='word_1_172' title='bbox 873 2026 982 2094; x_wconf 87' lang='grc' dir='ltr'><strong><em>περὶ</em></strong></span> <span class='ocrx_word' id='word_1_173' title='bbox 1021 2031 1070 2077; x_wconf 88' lang='lat' dir='ltr'>et</span> <span class='ocrx_word' id='word_1_174' title='bbox 1107 2035 1194 2092; x_wconf 79' lang='grc' dir='ltr'><strong><em>τῆς</em></strong></span> <span class='ocrx_word' id='word_1_175' title='bbox 1236 2025 1436 2096; x_wconf 76' lang='grc' dir='ltr'><strong><em>Θρᾴκης</em></strong></span> <span class='ocrx_word' id='word_1_176' title='bbox 1474 2046 1520 2091; x_wconf 91' lang='grc' dir='ltr'>Ρ.</span> <span class='ocrx_word' id='word_1_177' title='bbox 1556 2030 1639 2092; x_wconf 89' lang='lat'>33,</span> <span class='ocrx_word' id='word_1_178' title='bbox 1667 2032 1711 2077; x_wconf 84' lang='lat'><strong>7.</strong></span> 
     </span>
    </p>

    <p class='ocr_par' dir='ltr' id='par_1_11' title="bbox 152 2101 1832 2446">
     <span class='ocr_line' id='line_1_27' title="bbox 266 2101 1829 2166; baseline 0 -17"><span class='ocrx_word' id='word_1_179' title='bbox 266 2102 349 2149; x_wconf 81' lang='lat'>26.</span> <span class='ocrx_word' id='word_1_180' title='bbox 382 2101 710 2150; x_wconf 76' lang='lat' dir='ltr'>Vaticanus</span> <span class='ocrx_word' id='word_1_181' title='bbox 742 2101 1066 2151; x_wconf 87' lang='lat' dir='ltr'>Palatinus</span> <span class='ocrx_word' id='word_1_182' title='bbox 1098 2119 1167 2166; x_wconf 86' lang='lat' dir='ltr'>gr.</span> <span class='ocrx_word' id='word_1_183' title='bbox 1195 2104 1300 2151; x_wconf 86' lang='lat'>350</span> <span class='ocrx_word' id='word_1_184' title='bbox 1333 2102 1618 2151; x_wconf 79' lang='lat' dir='ltr'>chartaceus</span> <span class='ocrx_word' id='word_1_185' title='bbox 1643 2103 1829 2151; x_wconf 87' lang='lat' dir='ltr'>formae</span> 
     </span>
     <span class='ocr_line' id='line_1_28' title="bbox 155 2176 1832 2240; baseline 0.002 -18"><span class='ocrx_word' id='word_1_186' title='bbox 155 2177 357 2223; x_wconf 85' lang='lat' dir='ltr'>octavae</span> <span class='ocrx_word' id='word_1_187' title='bbox 397 2176 581 2224; x_wconf 89' lang='lat' dir='ltr'>saeculi</span> <span class='ocrx_word' id='word_1_188' title='bbox 610 2176 727 2224; x_wconf 92' lang='lat' dir='ltr'>XVI</span> <span class='ocrx_word' id='word_1_189' title='bbox 766 2178 985 2225; x_wconf 87' lang='lat' dir='ltr'>continet</span> <span class='ocrx_word' id='word_1_190' title='bbox 1022 2177 1155 2225; x_wconf 88' lang='lat' dir='ltr'>foliis</span> <span class='ocrx_word' id='word_1_191' title='bbox 1188 2178 1272 2238; x_wconf 82' lang='lat'>27,</span> <span class='ocrx_word' id='word_1_192' title='bbox 1310 2178 1369 2224; x_wconf 91' lang='lat' dir='ltr'>ut</span> <span class='ocrx_word' id='word_1_193' title='bbox 1406 2176 1506 2224; x_wconf 91' lang='lat' dir='ltr'>iam</span> <span class='ocrx_word' id='word_1_194' title='bbox 1540 2176 1832 2240; x_wconf 83' lang='lat' dir='ltr'>Sylburgius</span> 
     </span>
     <span class='ocr_line' id='line_1_29' title="bbox 152 2243 1830 2317; baseline 0.001 -21"><span class='ocrx_word' id='word_1_195' title='bbox 152 2250 205 2296; x_wconf 89' lang='lat' dir='ltr'>in</span> <span class='ocrx_word' id='word_1_196' title='bbox 259 2249 484 2314; x_wconf 89' lang='lat' dir='ltr'>catalogo</span> <span class='ocrx_word' id='word_1_197' title='bbox 539 2250 761 2298; x_wconf 90' lang='lat' dir='ltr'>codicum</span> <span class='ocrx_word' id='word_1_198' title='bbox 814 2266 1103 2314; x_wconf 87' lang='lat' dir='ltr'>graecorum</span> <span class='ocrx_word' id='word_1_199' title='bbox 1152 2250 1495 2298; x_wconf 87' lang='lat' dir='ltr'>Palatinorum</span> <span class='ocrx_word' id='word_1_200' title='bbox 1514 2243 1555 2317; x_wconf 75' lang='lat'>2)</span> <span class='ocrx_word' id='word_1_201' title='bbox 1611 2267 1635 2298; x_wconf 92' lang='lat' dir='ltr'>e</span> <span class='ocrx_word' id='word_1_202' title='bbox 1689 2253 1830 2314; x_wconf 81' lang='lat' dir='ltr'>parte</span> 
     </span>
     <span class='ocr_line' id='line_1_30' title="bbox 153 2323 1830 2387; baseline 0.002 -18"><span class='ocrx_word' id='word_1_203' title='bbox 153 2323 423 2384; x_wconf 88' lang='lat' dir='ltr'>perspexit,</span> <span class='ocrx_word' id='word_1_204' title='bbox 460 2323 716 2386; x_wconf 80' lang='lat' dir='ltr'>relliquias</span> <span class='ocrx_word' id='word_1_205' title='bbox 756 2325 970 2373; x_wconf 88' lang='lat' dir='ltr'>auctoris</span> <span class='ocrx_word' id='word_1_206' title='bbox 1009 2323 1205 2372; x_wconf 90' lang='lat' dir='ltr'>nomine</span> <span class='ocrx_word' id='word_1_207' title='bbox 1246 2326 1295 2372; x_wconf 92' lang='lat' dir='ltr'>et</span> <span class='ocrx_word' id='word_1_208' title='bbox 1326 2325 1484 2372; x_wconf 87' lang='lat' dir='ltr'>initiis</span> <span class='ocrx_word' id='word_1_209' title='bbox 1524 2324 1624 2372; x_wconf 89' lang='lat' dir='ltr'>fere</span> <span class='ocrx_word' id='word_1_210' title='bbox 1662 2325 1830 2387; x_wconf 87' lang='lat' dir='ltr'>privas</span> 
     </span>
     <span class='ocr_line' id='line_1_31' title="bbox 154 2397 1219 2446; baseline 0.002 -3"><span class='ocrx_word' id='word_1_211' title='bbox 154 2397 431 2445; x_wconf 90' lang='lat' dir='ltr'>orationum</span> <span class='ocrx_word' id='word_1_212' title='bbox 471 2400 521 2445; x_wconf 87' lang='lat' dir='ltr'>et</span> <span class='ocrx_word' id='word_1_213' title='bbox 558 2398 971 2446; x_wconf 85' lang='lat' dir='ltr'>declamationum</span> <span class='ocrx_word' id='word_1_214' title='bbox 1009 2398 1219 2446; x_wconf 87' lang='lat' dir='ltr'>Libanii.</span> 
     </span>
    </p>
   </div>
   <div class='ocr_carea' id='block_1_3' title="bbox 154 2504 506 2512">
    <p class='ocr_par' dir='ltr' id='par_1_12' title="bbox 154 2504 506 2512">
     <span class='ocr_line' id='line_1_32' title="bbox 154 2504 506 2512; baseline 0 628"><span class='ocrx_word' id='word_1_215' title='bbox 154 2504 506 2512; x_wconf 95' lang='lat' dir='ltr'> </span> 
     </span>
    </p>
   </div>
   <div class='ocr_carea' id='block_1_4' title="bbox 153 2566 1828 2962">
    <p class='ocr_par' dir='ltr' id='par_1_13' title="bbox 153 2566 1828 2860">
     <span class='ocr_line' id='line_1_33' title="bbox 274 2566 1827 2624; baseline -0.001 -13"><span class='ocrx_word' id='word_1_216' title='bbox 274 2570 316 2624; x_wconf 88' lang='lat'>1)</span> <span class='ocrx_word' id='word_1_217' title='bbox 340 2567 392 2611; x_wconf 94' lang='lat' dir='ltr'>In</span> <span class='ocrx_word' id='word_1_218' title='bbox 409 2567 666 2611; x_wconf 84' lang='lat' dir='ltr'>inventario</span> <span class='ocrx_word' id='word_1_219' title='bbox 692 2567 818 2611; x_wconf 85' lang='lat' dir='ltr'>edito</span> <span class='ocrx_word' id='word_1_220' title='bbox 844 2567 902 2611; x_wconf 90' lang='lat' dir='ltr'>ab</span> <span class='ocrx_word' id='word_1_221' title='bbox 921 2567 1151 2622; x_wconf 88' lang='lat' dir='ltr'>Omontio,</span> <span class='ocrx_word' id='word_1_222' title='bbox 1175 2566 1437 2611; x_wconf 87' lang='lat' dir='ltr'>Inventaire</span> <span class='ocrx_word' id='word_1_223' title='bbox 1455 2567 1534 2610; x_wconf 85' lang='lat' dir='ltr'>des</span> <span class='ocrx_word' id='word_1_224' title='bbox 1551 2566 1827 2610; x_wconf 80' lang='lat' dir='ltr'>manuscrits</span> 
     </span>
     <span class='ocr_line' id='line_1_34' title="bbox 155 2625 1828 2682; baseline -0.001 -12"><span class='ocrx_word' id='word_1_225' title='bbox 155 2639 284 2682; x_wconf 79' lang='lat' dir='ltr'>grece</span> <span class='ocrx_word' id='word_1_226' title='bbox 317 2629 363 2670; x_wconf 85' lang='lat' dir='ltr'>et</span> <span class='ocrx_word' id='word_1_227' title='bbox 392 2626 534 2670; x_wconf 83' lang='lat' dir='ltr'>latins</span> <span class='ocrx_word' id='word_1_228' title='bbox 567 2626 742 2670; x_wconf 75' lang='lat' dir='ltr'>donnes</span> <span class='ocrx_word' id='word_1_229' title='bbox 776 2639 803 2669; x_wconf 90' lang='lat' dir='ltr'>a</span> <span class='ocrx_word' id='word_1_230' title='bbox 835 2625 1118 2670; x_wconf 86' lang='lat' dir='ltr'>Saint-Marc</span> <span class='ocrx_word' id='word_1_231' title='bbox 1150 2626 1207 2670; x_wconf 91' lang='lat' dir='ltr'>de</span> <span class='ocrx_word' id='word_1_232' title='bbox 1230 2626 1400 2670; x_wconf 84' lang='lat' dir='ltr'>Venise</span> <span class='ocrx_word' id='word_1_233' title='bbox 1434 2639 1520 2682; x_wconf 88' lang='lat' dir='ltr'>par</span> <span class='ocrx_word' id='word_1_234' title='bbox 1543 2625 1587 2669; x_wconf 92' lang='lat' dir='ltr'>le</span> <span class='ocrx_word' id='word_1_235' title='bbox 1619 2625 1828 2669; x_wconf 84' lang='lat' dir='ltr'>cardinal</span> 
     </span>
     <span class='ocr_line' id='line_1_35' title="bbox 153 2684 1827 2742; baseline 0.001 -14"><span class='ocrx_word' id='word_1_236' title='bbox 153 2684 398 2730; x_wconf 82' lang='lat' dir='ltr'>Bessarion</span> <span class='ocrx_word' id='word_1_237' title='bbox 422 2699 478 2729; x_wconf 90' lang='lat' dir='ltr'>en</span> <span class='ocrx_word' id='word_1_238' title='bbox 498 2689 625 2740; x_wconf 83' lang='lat'>1468,</span> <span class='ocrx_word' id='word_1_239' title='bbox 648 2685 840 2729; x_wconf 85' lang='lat' dir='ltr'>Parisiis</span> <span class='ocrx_word' id='word_1_240' title='bbox 860 2690 973 2730; x_wconf 83' lang='lat'>1894</span> <span class='ocrx_word' id='word_1_241' title='bbox 998 2687 1068 2730; x_wconf 82' lang='lat' dir='ltr'>est</span> <span class='ocrx_word' id='word_1_242' title='bbox 1091 2700 1213 2729; x_wconf 89' lang='lat' dir='ltr'>num.</span> <span class='ocrx_word' id='word_1_243' title='bbox 1233 2689 1317 2728; x_wconf 87' lang='lat'>303</span> <span class='ocrx_word' id='word_1_244' title='bbox 1341 2701 1385 2742; x_wconf 90' lang='lat' dir='ltr'>p.</span> <span class='ocrx_word' id='word_1_245' title='bbox 1406 2689 1482 2728; x_wconf 84' lang='lat'>32:</span> <span class='ocrx_word' id='word_1_246' title='bbox 1506 2685 1621 2729; x_wconf 81' lang='lat' dir='ltr'>Item</span> <span class='ocrx_word' id='word_1_247' title='bbox 1643 2685 1827 2738; x_wconf 72' lang='lat' dir='ltr'>Dionis,</span> 
     </span>
     <span class='ocr_line' id='line_1_36' title="bbox 154 2743 1824 2802; baseline -0.001 -14"><span class='ocrx_word' id='word_1_248' title='bbox 154 2743 321 2788; x_wconf 78' lang='lat' dir='ltr'>Sinesii</span> <span class='ocrx_word' id='word_1_249' title='bbox 357 2749 399 2788; x_wconf 82' lang='lat' dir='ltr'>et</span> <span class='ocrx_word' id='word_1_250' title='bbox 435 2745 630 2789; x_wconf 75' lang='lat' dir='ltr'>Libanii</span> <span class='ocrx_word' id='word_1_251' title='bbox 667 2746 905 2799; x_wconf 78' lang='lat' dir='ltr'>orationes,</span> <span class='ocrx_word' id='word_1_252' title='bbox 950 2746 1002 2788; x_wconf 79' lang='grc'>111</span> <span class='ocrx_word' id='word_1_253' title='bbox 1042 2758 1222 2802; x_wconf 77' lang='lat' dir='ltr'>papyro</span> <span class='ocrx_word' id='word_1_254' title='bbox 1265 2746 1336 2800; x_wconf 93' lang='lat'>(=</span> <span class='ocrx_word' id='word_1_255' title='bbox 1369 2743 1669 2788; x_wconf 87' lang='lat' dir='ltr'>Montfaucon</span> <span class='ocrx_word' id='word_1_256' title='bbox 1706 2743 1824 2787; x_wconf 91' lang='lat' dir='ltr'>Bibl</span> 
     </span>
     <span class='ocr_line' id='line_1_37' title="bbox 157 2800 791 2860; baseline 0.003 -15"><span class='ocrx_word' id='word_1_257' title='bbox 157 2800 384 2847; x_wconf 81' lang='lat' dir='ltr'>Manuscr.</span> <span class='ocrx_word' id='word_1_258' title='bbox 415 2818 460 2860; x_wconf 94' lang='lat' dir='ltr'><strong>p.</strong></span> <span class='ocrx_word' id='word_1_259' title='bbox 487 2807 573 2846; x_wconf 83' lang='lat'>470</span> <span class='ocrx_word' id='word_1_260' title='bbox 604 2803 654 2846; x_wconf 93' lang='lat' dir='ltr'><strong>B.</strong></span> <span class='ocrx_word' id='word_1_261' title='bbox 681 2808 720 2847; x_wconf 85' lang='lat'><strong>5.</strong></span> <span class='ocrx_word' id='word_1_262' title='bbox 746 2805 791 2860; x_wconf 79' lang='grc' dir='ltr'>ὃ)</span> 
     </span>
    </p>

    <p class='ocr_par' dir='ltr' id='par_1_14' title="bbox 155 2844 1825 2962">
     <span class='ocr_line' id='line_1_38' title="bbox 155 2844 1825 2962; baseline 0 -58"><span class='ocrx_word' id='word_1_263' title='bbox 155 2916 216 2962; x_wconf 75' lang='grc' dir='ltr'>Μ</span> <span class='ocrx_word' id='word_1_264' title='bbox 273 2864 316 2918; x_wconf 88' lang='grc'>2)</span> <span class='ocrx_word' id='word_1_265' title='bbox 346 2862 646 2906; x_wconf 88' lang='lat' dir='ltr'>Monumenta</span> <span class='ocrx_word' id='word_1_266' title='bbox 676 2861 868 2918; x_wconf 82' lang='lat' dir='ltr'>pietatis</span> <span class='ocrx_word' id='word_1_267' title='bbox 901 2864 948 2906; x_wconf 86' lang='lat' dir='ltr'>et</span> <span class='ocrx_word' id='word_1_268' title='bbox 971 2861 1179 2906; x_wconf 82' lang='lat' dir='ltr'>literaria</span> <span class='ocrx_word' id='word_1_269' title='bbox 1202 2862 1272 2906; x_wconf 89' lang='lat' dir='ltr'>ed.</span> <span class='ocrx_word' id='word_1_270' title='bbox 1299 2844 1498 2918; x_wconf 81' lang='lat' dir='ltr'>Miegius</span> <span class='ocrx_word' id='word_1_271' title='bbox 1522 2861 1731 2905; x_wconf 83' lang='lat' dir='ltr'>Francos.</span> <span class='ocrx_word' id='word_1_272' title='bbox 1766 2861 1825 2903; x_wconf 87' lang='lat' dir='ltr'>ad</span> 
     </span>
    </p>
   </div>
   <div class='ocr_carea' id='block_1_5' title="bbox 1504 2994 1560 3036">
    <p class='ocr_par' dir='ltr' id='par_1_15' title="bbox 1504 2994 1560 3036">
     <span class='ocr_line' id='line_1_39' title="bbox 1504 2994 1560 3036; baseline 0 -20"><span class='ocrx_word' id='word_1_273' title='bbox 1504 2994 1560 3036; x_wconf 68' lang='grc'>1*</span> 
     </span>
    </p>
   </div>
   <div class='ocr_carea' id='block_1_6' title="bbox 1871 267 1923 306">
    <p class='ocr_par' dir='ltr' id='par_1_16' title="bbox 1871 267 1923 306">
     <span class='ocr_line' id='line_1_40' title="bbox 1871 267 1923 306; baseline 0 0"><span class='ocrx_word' id='word_1_274' title='bbox 1871 267 1923 306; x_wconf 91' lang='grc'>81</span> 
     </span>
    </p>
   </div>
   <div class='ocr_carea' id='block_1_7' title="bbox 1862 2112 1917 2151">
    <p class='ocr_par' dir='ltr' id='par_1_17' title="bbox 1862 2112 1917 2151">
     <span class='ocr_line' id='line_1_41' title="bbox 1862 2112 1917 2151; baseline 0 0"><span class='ocrx_word' id='word_1_275' title='bbox 1862 2112 1917 2151; x_wconf 91' lang='grc'>82</span> 
     </span>
    </p>
   </div>
  </div>
 </body>
</html>
