2060 3162
658 157 884 203 LIBANII
915 157 1138 203 ORATIO
1171 157 1275 202 XIX
1703 157 1809 211 377

243 301 310 350 35
371 298 612 366 ἐγκώμιον
651 298 972 362 δικαιοσύνης

242 376 336 423 35
649 373 883 438 γεωργίας

242 450 309 497 37
646 443 874 511 ἀχιλλέως

243 523 338 571 38'
573 520 727 586 ψόγοι

370 594 531 660 ψόγος
568 591 795 660 ἀχιλλὲως

239 666 763 734 40'3'2‘10909

240 745 337 791 41ν
573 742 818 805 φιλίππου

240 819 336 866 42“7
569 815 792 881 αἰσχίνου

240 893 308 940 43
570 890 786 939 πλούτου

240 967 309 1013 44
570 964 742 1023 πενίας

241 1041 309 1087 45
573 1035 722 1104 ὀργῆς
761 1031 883 1105 (add
921 1039 974 1087 in
1012 1054 1155 1103 marg
1192 1055 1255 1085 m.
1279 1032 1399 1105 rec.)

239 1115 307 1161 47
570 1109 789 1176 ἀμπέλου

242 1189 338 1236 47*
376 1185 626 1253 σύγκρισις
662 1185 942 1245 ναυτιλλίας
980 1179 1097 1254 (sio)
1137 1184 1219 1234 καὶ
1255 1185 1491 1252 γεωργίας

241 1262 310 1309 48
660 1258 816 1326 ἀγροῦ
852 1258 936 1309 καὶ
973 1259 1160 1319 πόλεως

242 1336 336 1383 49v
655 1332 882 1400 ἀχιλλέως
918 1332 1003 1383 καὶ
1039 1333 1313 1398 διομήδους

244 1410 312 1458 50
661 1408 859 1467 αἴαντος
897 1406 980 1457 καὶ
1018 1405 1246 1473 ἀχιλλέως

245 1483 310 1531 51
665 1479 1010 1545 δημοσθένους
1048 1480 1130 1530 καὶ
1168 1481 1391 1547 αἰσχίνου

243 1559 309 1606 52
349 1555 485 1615 τίνας
520 1552 584 1604 ἂν
621 1554 750 1604 εἴποι
786 1553 963 1621 λόγους
1001 1555 1177 1619 μήδεια
1211 1554 1450 1619 μέλλουσα
1479 1553 1809 1619 ἀποσφάττειν

131 1628 247 1689 τοὺς
285 1627 463 1694 ἑαυτῆς
500 1629 680 1688 παῖδας

243 1705 337 1753 52γ
1007 1702 1294 1769 ἀνδρομάχη
1331 1701 1411 1753 ἐπὶ
1448 1701 1609 1770 ἕκτορι

244 1779 310 1826 53
1009 1775 1228 1842 ἀχιλλεὺς
1265 1775 1346 1827 ἐπὶ
1381 1777 1637 1845 πατρόκλω

244 1853 338 1900 53’
751 1849 970 1916 ἀχιλλεὺς
1000 1848 1290 1915 ἡττωμένων
1313 1850 1529 1915 ἕλλήνων
1553 1846 1629 1919 (in
1653 1869 1826 1918 marg:

134 1918 343 1991 Collata)

244 2000 310 2047 54
750 1998 861 2058 αἴας
906 1996 1093 2063 με’λλων
1138 1997 1313 2049 ἑαυτὸν
1358 1997 1688 2063 ἀποσφάττειν
1742 1994 1816 2068 (in

130 2088 294 2138 marg:
337 2068 548 2139 Collata)

244 2149 338 2195 54Υ
760 2145 872 2206 αἴας
907 2145 1025 2211 μετὰ
1054 2145 1146 2210 τὴν
1177 2147 1360 2211 μανίαν
1400 2142 1475 2215 (in
1506 2163 1669 2213 marg:
1713 2147 1818 2197 Col-

131 2222 232 2270 lata

234 2216 310 2344 )55
750 2294 862 2354 αἴας
900 2293 1154 2360 στερηθεὶς
1191 2302 1290 2344 τῶν
1329 2293 1494 2345 ὅπλων
1542 2289 1618 2363 (in
1655 2312 1817 2361 marg:

137 2362 349 2435 Collata)

750 2438 783 2506 ἡ
821 2442 970 2507 νιόβη
1007 2439 1244 2506 κειμένων
1282 2449 1381 2492 τῶν
1418 2442 1612 2491 παίδων

245 2516 339 2564 55*
376 2514 430 2564 τὸ
469 2513 588 2565 αὐτό
629 2510 724 2582 (IV
752 2518 891 2565 1017
910 2511 978 2582 R)

247 2590 313 2637 56
377 2587 552 2648 ποίους
588 2585 652 2638 ἂν
688 2588 818 2639 εἴποι
854 2589 1030 2655 λόγους
1067 2587 1451 2655 βελλεροφόντης

246 2664 339 2711 56
378 2659 572 2720 τίνας“
544 2680 607 2710 αν
637 2661 749 2726 εἴπη
790 2662 966 2728 λόγους
1005 2663 1262 2730 ζωγράφος
1299 2662 1507 2729 γράφων
1540 2663 1626 2714 τὸν
1663 2662 1815 2714 ἀπόλ-

131 2738 264 2785 λωνα
301 2735 371 2795 εἰς
409 2734 612 2799 δάφνην
649 2735 854 2799 ξυλίνην
890 2735 974 2785 καὶ
1018 2743 1107 2786 τοῦ
1146 2736 1295 2796 ξύλου
1342 2734 1410 2799 μὴ
1450 2736 1713 2831 δεχομένου
1758 2736 1817 2786 τὰ

134 2809 360 2875 χρώματα

242 2883 378 2942 τίνας
414 2879 478 2931 ἂν
515 2882 644 2932 εἴποι
681 2882 857 2948 λόγους
886 2880 1105 2948 ἀχιλλεὺς
1135 2882 1259 2948 ἐρῶν
1290 2881 1407 2947 μετὰ
1437 2881 1529 2947 τὴν
1558 2881 1811 2950 ἀναίρεσιν

136 2956 473 3015 πενθεσιλείας
512 2950 589 3022 (in
627 2973 788 3021 marg:
831 2951 1042 3022 Comata)
