2060 3162
602 140 831 185 LfflANn
863 128 1087 185 ORATIO
1119 139 1270 184 xxiv
1692 140 1800 192 527

105 286 277 331 οῦτον
314 278 347 347 ἢ
386 278 480 330 καί
522 297 606 340 τις
650 286 764 329 τῶν
811 279 1066 348 στρατείᾳ
1111 275 1510 344 ἐφεστηκότων,
1556 276 1750 344 ἠξίουν
1787 275 1797 347 Ι

104 368 175 421 ἄν
215 381 275 420 σε
314 375 514 436 χωρεῖν
564 363 653 419 ἐπὶ
691 367 823 428 τοὺς
861 364 1089 419 ἐκείνων
1122 364 1377 433 σφαγέας
1416 366 1675 418 δείσαντα
1711 378 1754 420 R.
1776 377 1890 420 1152

106 457 208 525 τὴν
245 464 345 509 τοῦ
384 456 701 525 πράγματος
739 452 971 523 μελέτην
1020 455 1093 524 μὴ
1129 452 1223 507 καὶ
1263 455 1401 523 πρὸς
1439 455 1502 506 τὸ
1542 454 1804 523 μέγιστον

108 544 214 598 ἀπὸ
253 554 365 597 τῶν
404 544 715 596 ἐλαττόνων
753 545 975 614 βαδίσῃ·
1030 551 1139 596 νῦν
1179 541 1228 595 δ’
1261 541 1350 596 ἐπὶ
1390 544 1452 595 τὸ
1500 544 1804 611 κεφάλαιον

102 643 217 687 τῶν
252 633 586 702 πραγμάτων
634 633 664 686 6
707 633 902 695 ἱππεὺς
941 631 1151 695 ἐκεῖνος
1195 630 1288 685 καὶ
1329 632 1358 686 ὁ
1399 632 1627 701 σίδηρος
1670 628 1803 700 ἧκεν
1849 653 1868 685 5

105 722 167 775 ἐν
206 722 346 792 ἀκμῇ
379 729 475 790 τῆς
510 722 684 791 μάχης
721 720 815 774 ὑπ’
848 721 1213 791 ἐργαστηρίου
1245 728 1496 790 πονηροῦ
1527 722 1804 790 πεμφθεὶς

104 811 211 864 ἀπὸ
236 819 439 880 σκηνῆς
463 819 661 881 μιαρᾶς
686 809 775 863 καὶ
800 811 1198 879 βουλευμάτων
1221 809 1512 879 ὀλεθρίων.
1560 810 1781 878 γένοιντ

104 899 176 953 ἂν
213 899 304 953 καὶ
345 901 501 953 ἄλλοι
541 901 687 962 τινὲς
730 905 860 962 ἴσως
898 901 1160 968 πονηροί,
1206 902 1463 968 βασιλεῦ,
1502 903 1637 968 μίαν
1676 913 1803 966 σκη-
1879 908 1894 950 ῤ’

103 990 210 1057 νὴν
262 989 518 1052 ὑπιόντες
572 988 766 1059 ἐχθροὶ
820 997 938 1051 τοῖς
994 990 1242 1059 ἄρχουσι.
1330 991 1562 1051 τούτους
1616 989 1649 1057 ἡ
1703 988 1804 1057 μὲν

109 1079 280 1147 φύσις
320 1078 422 1131 οὐκ
462 1080 532 1131 ἄν
571 1097 704 1131 ποτε
741 1081 988 1147 ποιήσειε
1027 1080 1296 1147 βελτίους,
1342 1078 1603 1146 κατάσχοι
1655 1076 1701 1130 δ’
1734 1076 1804 1129 ἂν
1830 1098 1871 1130 ιο

107 1172 240 1230 ἴσως
279 1167 308 1221 ὁ
350 1170 540 1235 φόβος.

217 1255 303 1309 30.
358 1254 504 1308 Ἀλλ’
536 1255 711 1309 ἐκεῖσε
759 1255 1031 1324 ἐπάνειμι,
1088 1256 1172 1309 ὅτι
1219 1251 1290 1324 ἦν
1335 1253 1437 1325 μὲν
1484 1258 1570 1322 ἄν,
1625 1257 1672 1308 εἰ
1711 1254 1803 1317 καὶ

106 1343 300 1414 μηδεὶς
339 1344 478 1413 ἐπῆν
515 1346 641 1414 περὶ
680 1355 793 1397 τῶν
833 1345 980 1398 ὅλων
1010 1346 1291 1411 κίνδυνος,
1330 1346 1421 1398 καὶ
1455 1346 1675 1398 δίκαιον
1712 1343 1803 1397 καὶ

105 1431 385 1496 λυσιτελὲς
437 1434 574 1502 ὑμῖν
627 1441 836 1486 παῦσαι
889 1435 950 1486 τὸ
999 1434 1214 1503 θράσος
1269 1435 1360 1486 διὰ
1406 1442 1502 1501 τῆς
1547 1433 1635 1486 ἐπὶ
1686 1442 1804 1495 τοῖς

104 1523 511 1592 πεπραγμένοις
556 1522 748 1592 ὀργῆς,
803 1530 912 1576 νῦν
960 1521 1007 1575 δ’
1041 1523 1174 1576 οὐδὲ
1223 1523 1545 1594 βουλομένῳ
1593 1537 1683 1575 σοι
1729 1523 1802 1591 μὴ
1829 1543 1868 1575 15

105 1619 279 1664 ταῦτα
318 1621 502 1664 ποιεῖν
541 1614 639 1665 ε’νι.
718 1613 770 1665 οἱ
823 1613 927 1680 γὰρ
979 1614 1169 1680 βαρεῖς
1216 1607 1372 1665 οὗτοι
1418 1610 1509 1664 καὶ
1549 1621 1664 1674 τοῖς
1702 1612 1804 1680 τὴν

98 1699 308 1769 Ῥώμην
347 1702 600 1754 οἰκοῦσιν
640 1701 813 1769 αὐτὴν
851 1699 1240 1769 ἐπιστήσαντες
1278 1703 1493 1769 φόβους
1534 1699 1539 1771 Ι
1583 1701 1673 1753 καὶ
1712 1713 1890 1756 RII53

110 1798 283 1842 ταῦτα
322 1790 466 1842 οὕτω
499 1793 722 1843 πολλῶν
752 1791 973 1858 ἡμερῶν
1005 1789 1141 1844 ὁδὸν
1172 1789 1463 1859 ἀπέχοντες
1495 1791 1802 1857 σύμβουλοι

106 1880 477 1931 καθίστανταί
513 1893 601 1931 σοι
641 1886 737 1946 τῆς
775 1877 901 1948 περὶ
939 1880 1042 1947 τὴν
1079 1883 1348 1948 τιμωρίαν
1379 1877 1700 1947 ἐπιμελείας,
1739 1875 1803 1947 ἧς

111 1966 411 2036 γενομένης
450 1966 640 2021 οὐκέθ’
671 1967 970 2036 ὑβριοῦσιν
1008 1970 1067 2021 οἱ
1104 1970 1345 2021 Σκύθαι.
1827 1989 1870 2021 20

218 2056 303 2108 31.
375 2057 711 2109 Τοσούτου
776 2057 896 2126 γὰρ
961 2055 1143 2120 ἄξιος
1195 2066 1335 2120 τοῖς
1387 2063 1573 2120 θεοῖς
1629 2057 1657 2110 6
1706 2077 1802 2110 τε-

106 2146 341 2207 &vsa-(293
382 2143 495 2213 ἐρεῖ
526 2166 623 2208 τις.
677 2146 825 2198 πάνυ
865 2165 941 2214 γε.
1003 2144 1094 2198 καὶ
1133 2148 1365 2209 παλαιός
1404 2167 1466 2215 γε
1506 2142 1668 2209 οὗτος
1707 2146 1802 2198 αὐ-

105 2242 218 2285 τῶν
258 2236 427 2300 νόμος
463 2234 602 2304 ὑπὲρ
642 2244 754 2288 τῶν
791 2237 1159 2288 πεπονθότων
1198 2234 1542 2303 ἀγανακτεῖν.
1612 2236 1643 2304 ἡ
1677 2236 1801 2303 δίκη

229 2428 282 2466 12
316 2423 373 2467 cf.
399 2439 445 2480 p.
472 2429 574 2479 341,
594 2428 648 2467 18

228 2604 251 2642 1
294 2597 510 2660 στρατείᾳ
541 2600 707 2657 scripsi
799 2600 1060 2657 στρατείαις
1092 2603 1135 2646 V
1221 2598 1461 2658 στρατείας
1490 2601 1661 2656 reliqui
1691 2601 1801 2645 libri

108 2658 178 2702 Re
239 2666 456 2713 στρατιᾶς
485 2646 545 2703 Ol
568 2659 694 2702 Εὼι·
814 2665 840 2703 2
873 2660 1121 2713 δείσαντας
1144 2663 1222 2706 Βα
1343 2666 1369 2703 6
1402 2657 1488 2704 ἀπ’
1516 2662 1550 2704 Ι
1575 2661 1658 2704 sed
1682 2664 1713 2705 ἀ
1745 2675 1801 2705 ex

107 2717 137 2761 ὑ
160 2731 263 2761 corr
278 2719 359 2766 m³
386 2717 442 2762 01
461 2718 584 2761 Fabr
704 2723 730 2761 8
762 2719 938 2775 μιαρὰν
962 2720 1067 2764 coni
1084 2720 1298 2764 Mounier
1422 2724 1476 2762 12
1502 2717 1561 2764 ἂν
1586 2720 1801 2764 inras1³

170 2782 224 2820 16
256 2784 354 2828 τοῖς
384 2791 460 2820 om
486 2778 562 2820 Ba
601 2780 607 2832 Ι
645 2777 730 2834 τὴν
762 2779 795 2821 Ι
820 2778 903 2852 sed
933 2796 962 2836 η
993 2780 1044 2823 in
1066 2792 1143 2822 ras
1167 2779 1238 2822 m³
1360 2783 1414 2822 18
1448 2777 1562 2824 ὁδὸν
1594 2793 1670 2823 om
1692 2781 1807 2823 BaI

169 2839 225 2878 20
257 2837 343 2880 οὐκ
376 2833 453 2880 ἔθ’
483 2837 598 2880 ΒαΙ
711 2841 767 2880 22
798 2835 864 2891 τίς
890 2838 967 2882 Ba
1087 2843 1142 2881 23
1185 2838 1215 2894 ἡ
1249 2835 1356 2894 δίκη
1386 2863 1446 2869 —-
1478 2842 1579 2892 528,
1605 2843 1630 2881 2
1661 2837 1799 2882 πόλιν

107 2894 272 2938 citavit
302 2895 462 2938 Macar
499 2895 579 2939 fol
598 2899 654 2939 89
693 2872 962 2952 praemissis
999 2898 1151 2941 verbis
1188 2904 1272 2941 τοῦ
1310 2896 1430 2952 πρὸς
1466 2897 1656 2955 βασιλέα
1695 2897 1800 2951 περὶ

105 2952 330 3010 τιμωρίας
360 2953 461 3009 ἤτοι
493 2953 770 3010 ἐκδικήσεως
799 2962 881 2999 τοῦ
913 2955 1187 3015 παραβάτου
1214 2954 1473 3000 Ἰουλιανοῦ
