2060 3162
0 3040 18 3162 &kq-jn&

715 102 945 146 LtssANn
976 102 1200 148 ORATIO
1231 104 1382 149 xvm
1765 107 1873 159 257

183 259 238 292 τι
279 238 476 308 λέγειν,
517 237 807 292 σπένδεται
845 239 1061 308 βραχύν
1097 259 1222 292 τινα
1260 243 1464 310 χρόνον
1494 250 1672 294 ποιῶν
1704 242 1876 294 αὐτὸν

188 326 588 396 ἐπιεικέστερον
624 333 700 399 τῷ
733 328 890 398 φόβῳ
929 336 1042 381 τῶν
1081 327 1369 398 δευτέρων.

296 418 384 470 48.
438 416 605 469 Ταυτὶ
642 413 745 482 μὲν
784 411 887 468 οὗν
924 414 1016 468 καὶ
1056 418 1136 469 ἔτι
1173 419 1341 470 πλείω
1381 419 1595 471 τούτων
1632 420 1734 487 τὴν
1772 419 1874 487 χώ-

188 527 293 577 ραν
331 505 502 559 ἐπιὼν
542 509 768 573 ἴσχυσεν
807 504 960 557 οὔπω
998 512 1100 557 τοῦ
1139 513 1251 559 πᾶν
1283 506 1311 559 ὃ
1346 507 1672 575 διανοηθείη
1708 507 1876 576 πράτ-

185 615 303 649 τειν
341 595 419 656 εἰς
457 592 713 657 ἐξουσίαν
751 593 916 661 ἥκων.
986 594 1060 656 ὡς
1091 590 1152 646 δὲ
1191 593 1500 662 ἀπήλλακτο
1539 595 1642 663 μὲν
1678 596 1706 649 6
1745 598 1878 658 τοὺς
1924 616 1944 650 5

186 685 481 750 πολεμίους
543 682 739 745 δεδιὼς
800 684 1126 751 στρατηγός,
1189 684 1267 745 εἰς
1329 683 1391 736 δὲ
1451 686 1583 746 τοὺς
1640 685 1878 747 οἰκείους

185 773 443 841 ὑβρίζων,
487 766 585 839 ἧκε
631 771 694 823 δὲ
732 770 991 840 διάδοχος
1030 770 1168 841 ἀνὴρ
1212 772 1280 823 τά
1316 791 1375 823 τε
1414 773 1552 824 ἄλλα
1598 771 1878 839 βέλτιστος

185 861 275 914 καὶ
336 859 591 928 πολέμων
652 859 755 911 οὐκ
816 859 1039 929 ἄπειρος
1098 858 1191 912 καὶ
1251 869 1364 913 τῶν
1422 860 1759 928 κωλυμάτων
1812 862 1879 913 τὰ

185 949 363 1003 πολλὰ
402 947 691 1016 ἐπέπαυτο,
742 950 864 1001 τότε
905 948 972 1016 δὴ
1011 949 1132 1000 τότε
1170 955 1245 1020 τῷ
1278 951 1496 1017 βασιλεῖ
1532 949 1724 1018 καιρὸς
1763 948 1876 1008 ε’πι-

186 1036 405 1100 δείξεως
459 1035 722 1106 ἀκριβοῦς
782 1044 979 1107 παρῆν.
1055 1036 1142 1089 49.
1202 1039 1469 1090 σκοπείτω
1526 1037 1591 1090 δέ
1638 1053 1742 1100 τις·
1806 1038 1879 1100 ὡς
1903 1059 1947 1090 ιο

186 1127 291 1195 γὰρ
332 1124 509 1178 ἐδόκει
547 1131 622 1196 τῷ
654 1124 1008 1197 πρεσβυτέρῳ
1047 1124 1313 1194 γενέσθαι
1346 1127 1466 1178 δεῖν
1498 1126 1758 1194 διάβασιν
1789 1124 1878 1179 ἐπὶ

186 1216 316 1277 τοὺς
369 1215 710 1283 βαρβάρους,
763 1214 965 1267 τούτου
1021 1214 1083 1267 δὲ
1134 1213 1163 1267 ὁ
1215 1215 1480 1284 νεώτερος
1533 1216 1639 1285 ἤρα
1693 1215 1878 1283 πάλαι,

185 1303 437 1372 καθάπερ
477 1303 643 1365 ἵππος
682 1304 911 1372 δρόμου,
950 1301 1041 1355 καὶ
1081 1305 1218 1372 πρὸς
1256 1305 1357 1372 τὴν
1397 1302 1644 1372 ἀνάγκην
1682 1295 1717 1373 ᾗ
1754 1321 1880 1355 κατ-

187 1394 379 1460 είχετο,
417 1392 639 1460 ἤχθετο,
673 1392 877 1461 μικρὰν
909 1387 1084 1444 οὖσαν
1116 1391 1144 1445 ὁ
1176 1392 1567 1454 Κωνστάντιος
1599 1391 1748 1461 ὁρῶν
1777 1392 1880 1458 τὴν

186 1479 401 1532 ἐκείνου
457 1481 698 1548 δύναμιν
751 1481 842 1533 καὶ
891 1488 992 1533 τοῦ
1041 1482 1381 1548 τολμήματος
1429 1480 1632 1547 ἥττονα
1679 1477 1876 1545 πέμπει
1903 1500 1946 1532 15

185 1578 299 1621 τῶν
338 1568 509 1621 αὐτοῦ
550 1569 866 1635 διπλασίαν,
904 1570 1266 1637 τρισμυρίους
1305 1568 1546 1635 ὁπλίτας,
1586 1566 1879 1636 ἐπιστήσας

187 1658 432 1726 ἡγεμόνα
457 1657 730 1710 δοκοῦντα
755 1656 1086 1709 ἐπίστασθαι
1113 1657 1345 1723 δυνάμει
1368 1661 1624 1726 χρῆσθαι.
1676 1655 1761 1708 50.
1787 1654 1879 1708 καὶ

187 1743 301 1798 ἔδει
341 1747 408 1813 δὴ
450 1745 758 1812 στράτευμα
805 1745 866 1797 ἓν
911 1752 1082 1797 ταῦτα
1121 1745 1402 1813 ἀμφότερα
1449 1743 1737 1812 γενέσθαι,
1786 1742 1878 1796 καὶ

188 1834 261 1896 ὡς
298 1830 368 1901 ἦν
408 1833 475 1885 οὐ
511 1831 518 1903 Ι
552 1835 695 1885 πολὺ
734 1833 796 1885 τὸ
838 1841 1095 1885 συνιοῦσι
1134 1831 1321 1901 μέσον,
1362 1833 1545 1895 δείσας
1584 1832 1613 1885 6
1651 1851 1779 1901 πρε-
1818 1845 1967 1889 R539

188 1922 454 1989 σβύτερος
490 1922 563 1989 μὴ
602 1921 838 1991 μετάσχῃ
877 1930 973 1990 τῆς
1009 1923 1166 1990 νίκης
1200 1923 1411 1990 ἅτερος,
1449 1920 1539 1974 καὶ
1572 1921 1682 1989 ἅμα
1711 1923 1877 1990 ἡγού-
1902 1943 1946 1975 20

306 2131 334 2168 4
372 2126 521 2168 Amm.
547 2125 653 2168 XVI
678 2130 758 2180 3‚2
896 2131 922 2170 5
960 2125 1044 2168 Iul.
1070 2125 1099 2168 l.
1125 2125 1155 2168 1.
1189 2141 1233 2182 p.
1261 2130 1346 2168 278
1363 2126 1414 2169 B.
1476 2126 1627 2170 Amm.
1653 2125 1760 2169 XVI
1783 2131 1826 2180 4,
1852 2130 1878 2169 3

189 2184 470 2241 (Marcellus)
505 2184 562 2228 cf.
587 2185 756 2228 Asmus
780 2184 948 2228 Philol.
966 2184 1067 2228 LXI
1084 2188 1169 2228 579
1352 2189 1376 2227 7
1412 2185 1562 2228 Amm.
1580 2184 1687 2228 XVI
1713 2189 1781 2239 10,
1799 2189 1878 2237 21;

190 2249 258 2297 11,
280 2249 302 2286 1
337 2243 564 2300 (Severus)
687 2248 739 2287 17
771 2244 921 2287 Amm.
948 2243 1054 2287 XVI
1080 2249 1148 2298 11,
1169 2249 1193 2287 2
1226 2243 1485 2300 (Barbatio)

310 2441 332 2478 1
365 2434 508 2492 λέγων
534 2436 597 2478 Μ
624 2435 706 2478 sed
730 2451 800 2479 ειν
832 2449 1058 2492 suprascr.
1083 2435 1152 2479 m²
1273 2440 1301 2478 4
1331 2407 1461 2480 vgvA
1520 2436 1572 2480 τὸ
1598 2436 1674 2479 La
1700 2438 1708 2492 Ι
1734 2434 1878 2489 πράτ-

190 2509 283 2566 τῗιξῗῖ
308 2525 354 2567 Α
474 2528 500 2567 5
533 2522 581 2568 δ’
600 2524 670 2567 Re
697 2523 703 2581 Ι
731 2523 815 2578 μὲν
839 2537 930 2567 non
954 2525 1070 2598 Qpotest.
1101 2523 1363 2577 ἀπήλλακτο
1397 2524 1478 2568 sed
1501 2525 1610 2579 post
1632 2521 1880 2579 πολεμίους

189 2583 234 2626 Α
258 2581 326 2625 Re
470 2586 494 2624 ’1
528 2580 730 2639 ὑβρίσων
755 2581 856 2624 Mor
898 2585 903 2635 Ι
946 2599 1029 2636 ηκε
1061 2596 1116 2626 ex
1141 2578 1254 2636 ἧκεν
1280 2596 1382 2626 corr
1404 2582 1464 2626 Cf
1590 2587 1644 2626 11
1681 2584 1781 2626 δεῖν
1805 2597 1878 2637 γε-

190 2640 360 2685 νέσθαι
391 2639 492 2684 Mor
515 2641 638 2684 Fabr
775 2645 828 2683 12
862 2639 909 2686 δ’
937 2642 1005 2685 Re
1033 2644 1039 2699 1
1068 2640 1114 2699 ὁ]
1139 2642 1195 2685 οὐ
1221 2642 1306 2686 DIo
1333 2644 1340 2698 Ι
1367 2641 1512 2685 πάλαι
1543 2641 1594 2684 in
1615 2653 1751 2697 marg
1774 2642 1821 2684 A

192 2733 246 2772 15
280 2715 470 2772 §nelvffl’o
502 2729 549 2772 P
608 2726 796 2772 ἐκείνων
824 2729 869 2774 U
982 2734 1036 2772 16
1062 2729 1215 2773 αὐτῶν
1239 2731 1275 2773 Ι
1336 2730 1479 2773 αὑτοῦ
1503 2729 1572 2775 Re
1599 2730 1606 2785 1
1634 2727 1879 2773 διπλάσιον

190 2788 313 2831 ALa
435 2791 490 2830 18
524 2787 618 2831 ἔδει
643 2813 698 2818 -
731 2787 811 2830 καὶ
842 2787 892 2830 in
922 2801 1057 2844 marg
1082 2788 1189 2832 11103
1215 2790 1222 2843 Ι
1250 2787 1543 2844 ἀμφοτέρους
1565 2789 1610 2831 A
1741 2790 1794 2830 19
1826 2787 1878 2830 τὸ

192 2846 422 2903 συνιοῦσι]
452 2853 551 2895 τοῖς
581 2852 790 2888 συνιοῦσι
819 2845 872 2889 τὸ
899 2846 943 2890 V
966 2847 1033 2901 (et
1054 2846 1175 2903 Par),
1208 2846 1334 2901 quod
1357 2846 1527 2902 probat
1550 2844 1708 2889 Gasda
1768 2859 1881 2889 num

193 2911 401 2948 συνιοῦσι
432 2904 516 2948 τὸῖ
637 2907 693 2946 20
725 2902 925 2962 μετάσχῃ
949 2905 985 2948 Ι
1010 2905 1092 2948 sed
1122 2921 1175 2960 με
1206 2905 1257 2948 in
1279 2918 1355 2948 ras
1380 2904 1450 2947 m'
1509 2904 1713 2961 κατάσχῃ
1749 2906 1810 2948 M

279 2985 477 3017 mems
502 2986 559 3018 ed.
583 2985 820 3017 Foerster.
859 2985 910 3017 Π.
1558 2982 1611 3019 17
