2054 3140
677 134 904 178 LIBANII
935 133 1159 178 ORATIO
1190 134 1275 178 XII
1758 135 1828 187 35

144 271 383 325 ὁπλιτῶν
422 270 592 339 ἀκμῆς
629 272 731 339 τὴν
770 267 908 343 ἑῴαν
939 277 1046 339 γῆν
1076 269 1368 339 ἐπορεύετο
1400 277 1475 343 τῷ
1502 271 1828 343 φαυλοτάτῳ

142 369 238 430 τῆς
269 367 523 430 στρατιᾶς
553 360 837 429 παραδοὺς
868 359 964 422 τὰς
994 361 1197 428 πόλεις,
1230 362 1288 412 οἳ
1315 360 1582 428 φυλάκων
1613 358 1831 428 ἔχοντες

143 457 321 519 σχῆμα
357 458 470 501 τῶν
508 446 869 517 φυλαξόντων
909 447 1156 516 ἐδέοντο,
1201 449 1291 501 καὶ
1330 450 1464 517 μετὰ
1502 457 1614 501 τῶν
1653 468 1829 518 φρου-

143 536 430 609 ρουμένων
469 538 523 590 οἱ
562 545 943 607 φρουροῦντες
980 535 1223 606 ἔτρεμον.
1292 539 1394 606 τὴν
1431 537 1535 606 μὲν
1573 533 1679 590 οὖν
1716 546 1828 590 τῶν

140 629 357 680 πόλεων
403 626 654 695 ἁρπαγὴν
700 627 855 679 οὔπω
905 633 1194 695 παροῦσαν
1246 625 1547 695 ἐδοκοῦμεν
1594 627 1750 697 ὁρᾶν,
1796 627 1829 695 ἡ
1876 646 1896 679 5

141 717 293 785 φυγὴ
341 715 402 768 δὲ
449 711 559 784 εἶχε
607 715 710 783 τὴν
759 717 1050 785 σωτηρίαν.
1129 715 1211 767 72.
1274 713 1366 767 καὶ
1413 713 1737 784 ἐμακάριζον
1776 716 1834 768 οἱ

139 801 241 872 μὲν
287 802 348 857 ἐν
394 805 652 874 μεσογείᾳ
704 806 833 866 τοὺς
879 802 967 856 ἐπὶ
1014 804 1285 874 θαλάττῃ,
1333 805 1391 856 οἱ
1434 801 1494 856 δὲ
1547 805 1830 866 οἰκοῦντες

139 893 283 946 κάτω
322 894 453 955 τοὺς
498 895 842 963 ναυκλήρους
882 893 1066 946 αὑτῶν
1111 893 1202 946 καὶ
1241 893 1411 946 οὐδὲν
1456 888 1526 960 ἧν
1573 893 1829 962 εὐδαιμο-

139 980 401 1051 νέστερον
439 983 560 1034 τότε
598 989 698 1035 τοῦ
736 987 1039 1050 κεκτῆσθαι
1073 985 1284 1035 πλοῖον.
1363 983 1635 1051 Κυπρίων
1675 979 1735 1034 δὲ
1776 983 1829 1035 οἱ

139 1073 408 1140 παρόντες
439 1069 845 1141 ἐθεραπεύοντό
877 1091 935 1124 τε
966 1071 1055 1124 καὶ
1086 1072 1409 1140 καταγωγὰς
1439 1070 1827 1141 ὑπισχνοῦντο.
1852 1093 1896 1126 10

139 1155 209 1228 ἦν
256 1156 317 1212 δὲ
364 1156 519 1222 ἀδεὲς
566 1156 697 1213 οὐδὲ
744 1161 777 1228 ἡ
816 1160 1063 1214 θάλαττα
1117 1161 1190 1223 ὡς
1236 1162 1298 1212 ἔν
1343 1179 1400 1212 τε
1446 1169 1563 1223 τοῖς
1612 1159 1830 1229 λιμέσιν

140 1247 418 1318 ἐσομένων
454 1245 594 1318 ὑπὲρ
634 1257 745 1301 τῶν
785 1258 926 1302 νεῶν
965 1249 1293 1318 τραυμάτων
1324 1246 1386 1301 ἔν
1416 1268 1473 1301 τε
1504 1255 1578 1321 τῷ
1604 1249 1828 1316 πελάγει

139 1346 351 1408 νεκρῶν
418 1345 518 1391 τοῦ
586 1344 784 1404 καιροῦ
853 1340 983 1400 τοὺς
1050 1338 1394 1408 κακούργους
1455 1337 1828 1407 ἀθροίζοντος.

142 1426 224 1479 73.
280 1427 480 1490 ταύτας
534 1427 602 1495 δὴ
658 1427 752 1490 τὰς
804 1427 1226 1494 μεταναστάσεις
1277 1428 1436 1496 ἔσχεν
1490 1426 1664 1496 ἡμέρα
1715 1428 1826 1493 μία.

139 1516 172 1583 ἡ
212 1516 316 1585 γὰρ
358 1515 494 1584 αὐτὴ
535 1514 624 1569 σοὶ
663 1516 764 1583 μὲν
802 1523 974 1568 ταῦτα
1014 1516 1234 1584 ἔδωκεν,
1273 1515 1406 1584 ἡμῖν
1445 1515 1507 1568 δὲ
1545 1521 1824 1585 θαρρῆσαι
1850 1536 1892 1570 15

139 1605 240 1672 τὴν
269 1606 447 1673 μονὴν
478 1605 544 1657 οὐ
578 1605 863 1673 δυνάμεώς
894 1609 1075 1657 ποθεν
1106 1603 1452 1672 ἐπελθούσης
1476 1601 1607 1657 οὐδὲ
1631 1613 1827 1673 τειχῶν

140 1701 254 1755 τοῖς
302 1694 404 1761 μὲν
457 1692 788 1761 γενομένων,
842 1701 956 1755 τοῖς
1010 1693 1071 1746 δὲ
1124 1691 1640 1746 ἐπισκευασθέντων
1694 1693 1827 1746 οὐδὲ

140 1791 251 1834 τῶν
305 1780 619 1835 ἀντιπάλων
672 1785 842 1853 λοιμῷ
894 1780 1263 1850 βεβλημένων,
1326 1781 1464 1834 ἀλλά
1517 1785 1678 1851 ψιλῆς
1730 1790 1827 1851 τῆς

139 1872 511 1940 προσηγορίας
572 1869 910 1938 ἐκβαλούσης
974 1871 1072 1922 τὸν
1133 1872 1332 1939 φόβον,
1365 1923 1370 1926 ,
1400 1871 1490 1923 καὶ
1562 1872 1826 1940 Ἰῖγρητος

139 1957 355 2027 ἀπέχων
393 1958 767 2028 ἑβδομήκοντα
808 1959 1107 2027 σταθμούς,
1146 1960 1327 2027 ὥσπερ
1367 1960 1503 2028 ἄρας
1538 1960 1615 2022 εἰς
1645 1959 1824 2029 μάχην
1848 1981 1892 2013 20

140 2056 350 2115 σημεῖα,
393 2047 399 2116 Ι
441 2049 570 2110 τοὺς
610 2046 831 2118 Πέρσας
868 2044 1165 2118 ἐτάραττες.
1245 2048 1328 2100 74.
1380 2047 1409 2101 ὁ
1450 2048 1512 2101 δὲ
1550 2057 1726 2111 κακῶς
1763 2061 1911 2104 R393

138 2134 516 2203 ἀπολούμενος
546 2137 878 2206 Δημάρατος
917 2135 945 2188 ὁ
985 2138 1050 2189 τὰ
1087 2134 1212 2206 παρ’
1245 2137 1376 2205 ’ἡμῖν
1416 2135 1657 2190 ἐπαινῶν
1686 2138 1823 2207 πρὸς

257 2374 312 2413 22
344 2370 450 2414 Her.
469 2370 533 2414 VI
558 2375 625 2414 70.
650 2370 736 2415 VH
762 2375 845 2414 102
860 2385 926 2426 sq.
959 2370 1248 2415 Antoninum
1280 2370 1533 2428 significari
1562 2370 1825 2415 observavit

138 2428 352 2473 Valesius
385 2430 445 2473 ad
477 2429 707 2473 Ammian.
733 2429 882 2474 XVIII
907 2434 948 2485 5,
974 2435 998 2474 3

259 2655 281 2694 1
316 2650 436 2695 ἑώαν
459 2652 729 2697 VUIBMP
758 2651 839 2696 sed
869 2651 918 2694 in
948 2651 1038 2695 hoc
1060 2651 1160 2695 iota
1191 2651 1362 2695 subscr.
1388 2651 1458 2694 m⁸
1579 2656 1602 2694 7
1636 2653 1744 2696 ante
1776 2651 1822 2696 οἱ

138 2722 299 2753 rasura
333 2715 386 2753 12
418 2710 491 2754 vel
524 2715 577 2753 13
609 2710 871 2754 litterarum
902 2711 951 2753 in
982 2711 1017 2753 Ι
1146 2715 1171 2754 8
1204 2711 1359 2754 αὐτῶν
1388 2710 1457 2754 Re
1529 2711 1682 2755 αὐτῶν
1711 2710 1821 2754 libri

138 2768 249 2812 Fen·
271 2768 374 2812 Mor
494 2774 545 2812 11
580 2769 687 2813 ἀδε
667 2787 720 2826 ης
752 2768 908 2813 Gasda
941 2772 1101 2813 contra
1131 2784 1267 2812 usum
1292 2768 1479 2813 Libanii
1511 2769 1585 2825 (cf.
1610 2784 1654 2825 p.
1674 2775 1743 2823 41,
1766 2774 1818 2812 17

141 2839 212 2884 ep.
232 2833 300 2871 12.
319 2833 373 2872 21
401 2830 506 2885 etc.)
629 2833 682 2872 12
715 2835 832 2873 νεῶν
857 2828 903 2871 Ρ
931 2829 1012 2872 sed
1044 2828 1362 2872 circumflexus
1395 2842 1419 2871 e
1450 2829 1580 2884 gravi
1613 2842 1714 2872 corr
1736 2828 1819 2882 m²‚

140 2886 177 2929 I
200 2886 282 2930 sed
314 2904 348 2930 ω
380 2886 429 2929 in
452 2900 529 2931 ras
551 2886 622 2930 1112
788 2891 842 2931 18
888 2890 1002 2947 λιμῷ
1036 2888 1119 2932 VB
1287 2892 1339 2930 19
1388 2887 1692 2945 ἐκβαλλούσης
1714 2888 1760 2930 Β

142 2947 197 2987 20
229 2952 391 3001 σημεῖα
424 2946 489 2998 εἰς
518 2945 669 3004 μάχην
702 2948 748 2990 Β

1496 3019 1553 3061 3*
