2060 3162
251 119 359 173 256
743 116 972 160 LIBANII
1003 115 1227 160 ORATIO
1259 115 1410 159 XVIII

252 254 313 308 ἐν
350 262 415 323 τῇ
454 254 650 322 πορείᾳ
687 259 782 320 τῆς
821 258 1076 320 στρατιᾶς
1120 251 1258 321 πρὸς
1295 258 1566 304 τοσοῦτον
1610 251 1672 303 τὸ
1719 257 1943 319 πρᾶγμα

250 341 595 409 μετέστησεν,
628 338 765 392 ὥσθ’
792 341 849 392 οἱ
871 340 1142 407 λυπήσειν
1165 338 1483 401 ἐλπίσαντες
1516 338 1943 407 ἀπεσφάττοντο.

252 428 342 482 καὶ
382 429 411 482 ὁ
451 430 668 491 κτείνας
705 428 959 497 μάρτυρα
996 435 1096 480 τοῦ
1137 429 1320 496 φόνου
1360 429 1462 496 τὴν
1499 434 1599 480 τοῦ
1639 432 1945 490 τεθνεῶτος

253 517 464 584 ἐκόμιζε
513 519 777 585 κεφαλήν,
831 517 922 569 καὶ
972 511 1042 583 ἦν
1091 535 1174 578 τις
1222 517 1427 584 μισθὸς
1481 515 1568 568 ε’πὶ
1619 524 1683 586 τῇ
1733 519 1944 585 κεφαλῇ

209 627 228 660 5
253 607 343 658 καὶ
391 606 423 674 ἡ
476 608 651 673 πολλὴ
707 605 921 673 σπουδὴ
977 605 1225 673 κεφαλὴν
1278 613 1476 673 τεμεῖν.
1552 611 1616 673 τῆ
1673 604 1777 674 γάρ
1834 602 1947 656 ε’πι-

251 696 432 764 θυμίᾳ
469 701 569 747 τοῦ
608 693 841 763 κέρδους
880 693 909 746 ὁ
952 694 1271 762 σοφώτατος
1317 692 1525 755 ἐκεῖνος
1571 691 1810 763 ἐκάθηρε
1851 693 1948 754 τάς

252 783 431 851 ψυχὰς
468 789 564 850 τῆς
603 783 827 850 δειλίας,
866 782 958 834 καὶ
996 783 1058 835 τὸ
1093 783 1284 849 λαβεῖν
1315 780 1533 834 ἐθέλειν
1563 785 1772 848 τολμᾶν
1802 779 1948 834 ἔπει-

252 877 373 924 θεν.
443 872 496 923 οἱ
530 869 577 922 δ’
611 872 689 932 εἰς
723 871 818 932 τὰς
856 873 1063 939 νήσους
1101 870 1164 933 ἃς
1202 869 1230 922 ὁ
1257 868 1444 938 Ῥῆνος
1482 878 1629 922 ποιεῖ
1666 879 1778 922 τῶν
1818 873 1949 940 βαρ-

253 959 443 1028 βάρων
480 961 892 1026 καταφυγόντες
930 963 1082 1029 θήρα
1119 968 1235 1021 τοῖς
1273 958 1469 1011 νέουσί
1503 977 1561 1010 τε
1591 957 1683 1011 καὶ
1718 957 1949 1012 πλέουσι

189 1069 232 1101 10
254 1057 367 1106 τῶν
406 1046 684 1117 ἡμετέρων
722 1043 882 1115 ἦσαν,
934 1045 1026 1099 καὶ
1073 1056 1189 1109 τοῖς
1234 1046 1463 1100 ἐκείνων
1511 1049 1855 1115 βοσκήμασιν
1895 1049 1950 1100 αἱ

254 1137 439 1196 πόλεις
501 1136 799 1188 εἱστιῶντο.
883 1135 969 1187 46.
1023 1133 1115 1187 καὶ
1172 1136 1283 1203 μὴν
1337 1136 1500 1188 δυοῖν
1555 1137 1768 1207 πόλεων
1824 1144 1949 1189 ταῖν

254 1225 544 1292 μεγίσταιν
581 1225 682 1292 τὴν
720 1224 822 1290 μὲν
863 1223 1043 1293 εὑρὼν
1081 1226 1305 1293 μυρίαις
1343 1226 1681 1294 προσβολαῖς
1715 1244 1953 1278 κεκακω-

254 1311 444 1380 μένην,
491 1313 594 1380 τὴν
633 1310 680 1363 δ’
713 1309 943 1380 ἔναγχος
982 1310 1165 1383 ἐφόδῳ
1205 1319 1303 1382 μιᾷ
1349 1311 1726 1381 κεκενωμένην
1763 1332 1822 1365 τε
1860 1314 1950 1365 καὶ

254 1398 515 1468 κειμένην
553 1407 617 1470 τῇ
649 1397 751 1468 μὲν
783 1409 938 1470 χεῖρα
970 1399 1171 1470 ὤρεξεν
1203 1402 1280 1462 εἰς
1320 1400 1624 1453 ἀνάστασιν
1654 1399 1745 1453 καὶ
1778 1421 1951 1471 φρου-

190 1509 232 1542 15
257 1489 362 1558 ρὰν
394 1487 766 1556 ἐγκατέστησε,
805 1489 906 1556 τὴν
938 1487 986 1540 δ’
1018 1488 1381 1558 ἀπειρηκυῖαν
1412 1498 1528 1551 τοῖς
1559 1490 1780 1558 ἅπασιν,
1813 1490 1951 1542 ὥστε

255 1574 348 1628 καὶ
401 1577 539 1629 ὅθεν
579 1576 646 1628 οὐ
687 1578 855 1645 νόμος
894 1576 1314 1645 ἀναγκασθῆναι
1361 1585 1654 1646 τραφῆναι,
1708 1595 1952 1648 παρεμυ-

167 1680 315 1722 R538
362 1667 576 1732 θήσατο
615 1673 733 1726 ταῖς
772 1651 1025 1732 ἀμείνοσι
1086 1670 1093 1731 Ι
1156 1674 1268 1718 τῶν
1308 1664 1562 1718 ἐλπίδων.
1639 1666 1725 1717 47.
1779 1673 1952 1719 ταῦτα

258 1752 406 1822 ὁρῶν
443 1771 527 1814 τις
564 1753 825 1819 βασιλεὺς
864 1756 1060 1822 μοίρας
1100 1754 1167 1805 οὐ
1207 1761 1404 1823 μικρᾶς
1443 1755 1782 1824 βαρβαρικῆς
1819 1751 1952 1822 ἧκεν

259 1840 563 1906 ἀπολογίαν
615 1860 672 1892 τε
725 1844 977 1909 κομίζων,
1039 1842 1112 1904 ὡς
1167 1842 1231 1894 οὐ
1287 1843 1496 1910 μεγάλα
1548 1843 1797 1910 ἠδίκηκε,
1859 1841 1951 1895 καὶ

190 1952 236 1985 >20
261 1929 505 1990 σπονδὰς
555 1930 725 1981 αἰτῶν
770 1928 861 1981 καὶ
910 1932 1287 1999 συμμαχήσειν
1333 1929 1528 1998 λέγων,
1583 1931 1655 1992 ὡς
1694 1929 1743 1982 δ’
1774 1929 1952 1983 ἐδόκει

379 2093 405 2130 4
439 2087 559 2130 Socr.
586 2086 663 2130 1.1.
788 2091 812 2129 9
845 2088 994 2130 Amm.
1021 2088 1127 2131 XVI
1146 2094 1214 2142 11,
1233 2093 1258 2131 9
1384 2092 1435 2131 12
1468 2087 1618 2130 Amm.
1646 2088 1751 2131 XVI
1776 2093 1816 2143 2,
1837 2093 1890 2132 12

264 2151 317 2190 13
350 2145 514 2189 Iulian.
541 2145 675 2200 epist.
709 2146 770 2188 ad.
795 2159 888 2189 sen.
915 2146 1082 2189 Athen.
1107 2161 1151 2201 p.
1171 2150 1255 2188 279
1274 2146 1311 2188 B
1343 2145 1418 2202 (cf.
1445 2146 1494 2188 E.
1514 2161 1552 2188 v.
1578 2146 1762 2190 Borries
1794 2147 1947 2190 Herm.

261 2204 431 2248 XXVII
457 2207 571 2260 183).
636 2204 786 2247 Amm.
812 2204 897 2247 XV
921 2208 961 2258 8,
985 2209 1051 2247 19.
1086 2204 1191 2247 XVI
1216 2210 1256 2258 3,
1278 2210 1300 2247 1

318 2410 357 2452 ,λ
384 2356 434 2462 1ξ1
470 2353 635 2454 δὸοῖν
666 2350 900 2395 πόλεσιν
930 2351 982 2394 τὸ
1017 2356 1167 2407 σχῆμα
1199 2348 1365 2395 καινόν
1406 2352 1449 2394 V
1627 2357 1681 2395 14
1715 2351 1949 2410 φρουρὰν]

265 2427 331 2465 φυ
361 2428 390 2453 α
420 2427 465 2454 ιν

382 2562 406 2598 2
440 2555 717 2612 μετέστησαν
741 2557 836 2600 PU
963 2560 988 2597 3
1022 2555 1046 2598 ὁ
1079 2553 1280 2614 κτείνας]
1314 2554 1522 2606 ἐκτείνας
1551 2556 1653 2600 Mor
1788 2561 1815 2598 4
1849 2555 1949 2600 ἐκό-

260 2628 363 2674 μισε
389 2616 463 2658 La
577 2619 602 2659 5
635 2614 664 2670 ἡ
691 2616 826 2658 omA
852 2615 899 2657 ei:
922 2613 1171 2657 delendum
1204 2615 1384 2658 censuit
1409 2615 1611 2658 Sintenis
1672 2629 1784 2656 num
1806 2614 1949 2670 πολλὴ

262 2672 329 2728 ἡῗ)
475 2678 499 2716 6
534 2673 761 2728 ἐκάθαιρε
795 2674 839 2717 V
967 2678 992 2715 9
1026 2674 1399 2730 καταφεύγοντες
1432 2674 1696 2718 OBMoIM
1701 2673 1746 2716 U
1807 2689 1949 2717 κατα-

265 2729 533 2786 φευγόντων
558 2733 634 2775 La
786 2736 838 2774 11
873 2734 1002 2775 δυεῖν
1036 2733 1098 2775 Μ
1136 2732 1141 2789 Ι
1181 2730 1378 2776 πόλεωιν
1407 2732 1444 2775 O
1511 2730 1697 2775 πόλεοιν
1722 2732 1892 2775 AVLa

261 2786 441 2832 πόλεων
465 2791 511 2833 Ρ
539 2790 621 2832 sed
654 2806 670 2832 ι
702 2789 874 2833 subscr.
899 2789 981 2842 m³‚
1015 2790 1238 2835 IMBMo
1263 2790 1354 2833 edd
1477 2794 1530 2832 13
1562 2788 1887 2845 κεκακωμένην
1915 2790 1954 2834 V

327 2851 379 2890 16
405 2845 566 2903 νόμοις
589 2850 665 2892 La
689 2848 770 2891 sed
794 2847 907 2903 νόμο
934 2865 955 2896 ς
978 2848 1029 2890 in
1045 2862 1120 2891 ras
1137 2863 1170 2891 η
1284 2853 1338 2892 18
1364 2846 1528 2905 μοίρας
1550 2848 1623 2890 bis
1650 2848 1730 2891 sed
1752 2847 1951 2891 alterum

262 2919 366 2948 ‚eras
394 2907 462 2960 Vl
491 2913 684 2961 σμικρᾶς
716 2907 806 2949 edd
928 2911 980 2949 19
1015 2905 1215 2962 κομίζειν
1241 2909 1325 2951 Mo
1446 2910 1503 2949 20
1535 2905 1586 2950 δὲ
1618 2906 1719 2950 Mor
1741 2906 1810 2949 Re
