2072 3162
689 98 919 144 LIBANH
949 97 1174 143 ORATIO
1205 95 1314 143 XIII
1759 98 1826 150 77

141 245 296 304 μενεῖ
364 242 440 308 τῷ
499 237 650 307 πόρῳ
717 238 884 288 πλοῖα
951 233 1193 305 φέροντα
1260 244 1432 287 πᾶσιν
1490 231 1830 304 ἐλευθερίαν.

143 325 230 378 40.
271 330 404 378 εἴπω
435 342 489 377 τι
525 333 638 376 τῶν
672 323 976 393 εἰρημένων
1014 325 1413 393 λαμπρότερον;
1453 323 1700 375 Κιλίκων
1730 318 1831 389 μὲν

142 415 392 483 ἠγνόουν
429 412 530 465 οὐκ
569 411 751 480 ὀλίγοι
788 412 850 465 τὸ
888 412 1036 482 παρὰ
1074 414 1234 481 σφίσι
1282 411 1518 481 συμβάν,
1566 412 1636 464 σὺ
1683 408 1731 463 δ’
1772 409 1832 463 ἐκ

149 502 334 572 μέσων
358 500 645 571 Ἰλλυριῶν
676 499 847 570 ἑώρας
876 501 978 570 τὴν
1006 501 1194 569 τύχην,
1225 504 1436 567 μᾶλλον
1466 496 1528 553 δὲ
1559 498 1619 553 ἐκ
1648 498 1833 568 μέσων

147 593 409 644 Γαλατῶν
458 588 547 643 ἐπὶ
599 590 699 643 τὸν
751 593 958 659 κλῆρον
1011 591 1191 652 ἔπλεις
1242 591 1591 658 κληρονόμου
1643 589 1831 658 γνώμῃ
1880 609 1899 641 5

144 679 635 748 ναυπηγησάμενος
679 680 740 732 τὸ
791 688 1029 749 πρῶτον,
1083 679 1149 732 οὐ
1199 680 1466 745 πολεμίου
1518 680 1688 747 μίσει,
1741 675 1832 730 καὶ

147 767 354 835 συνέβη
410 768 478 836 δὴ
530 767 753 820 πάντων
813 769 1155 836 καινότατον,
1216 767 1380 830 αὐτὸς
1441 766 1664 834 ἐγίγνου
1718 774 1834 828 τοῖς

147 855 402 925 ἀγγέλοις
433 857 677 925 ἄγγελος,
716 854 806 909 καὶ
840 856 873 910 ἃ
902 857 1243 925 μηνύσοντες
1272 852 1471 924 ἦλθον,
1502 854 1836 916 ἀκούσαντες

147 944 421 1013 ἀπῆλθον.
496 945 584 997 41.
630 943 722 998 καὶ
762 945 828 998 οὐ
868 946 936 998 τὰ
972 942 1075 1014 μὲν
1117 953 1218 998 τοῦ
1257 946 1553 1012 δαιμονίου
1590 950 1835 1012 τοιαῦτα,

147 1034 202 1087 αἱ
242 1030 303 1086 δὲ
341 1035 526 1096 πόλεις
563 1035 705 1102 ἥττω
744 1042 840 1102 τῆς
877 1035 1260 1104 προσηκούσης
1305 1034 1517 1102 ἡδονὴν
1558 1033 1834 1101 ἥσθησαν,
1859 1053 1901 1086 10

148 1120 270 1175 ἀλλ’
306 1123 354 1175 εἰ
396 1123 596 1185 πάντες
634 1124 925 1192 ἄνθρωποι
965 1124 1233 1191 νοσήματι
1269 1129 1440 1195 κοινῷ
1472 1130 1584 1174 τῶν
1622 1120 1838 1190 ὀφθαλ-

149 1219 270 1280 μῶν
301 1209 650 1281 ἐστερημένοι
681 1217 822 1265 θεοῦ
855 1231 1006 1274 τινος
1036 1210 1298 1281 ἐξαίφνης
1329 1211 1521 1281 εὐνοίᾳ
1550 1211 1646 1273 τὰς
1683 1211 1838 1273 ὄψεις

148 1298 444 1368 ἀπέλαβον,
492 1300 595 1352 οὐκ
633 1299 703 1353 ἂν
740 1302 998 1369 μειζόνως
1037 1300 1331 1370 ἐχάρησαν·
1393 1299 1460 1353 οὐ
1506 1300 1610 1369 γὰρ
1661 1300 1839 1367 φόβος

147 1388 413 1456 ἠνάγκαζε
451 1388 791 1442 πλάττεσθαι
828 1391 931 1458 τὴν
968 1389 1159 1459 χαράν,
1198 1387 1315 1441 ἀλλ’
1355 1386 1443 1442 ἐπὶ
1481 1396 1576 1457 τῆς
1606 1385 1839 1441 ἑκάστου

148 1484 328 1545 ψυχῆς
365 1477 398 1544 ἡ
437 1479 745 1547 πανήγυρις
782 1479 964 1546 ἤνθει,
1003 1475 1094 1530 καὶ
1125 1485 1237 1529 πᾶν
1278 1477 1393 1548 ἰδία
1424 1479 1640 1529 λυποῦν
1671 1474 1837 1528 ἀσθε-
1861 1496 1903 1528 15

150 1563 411 1633 νέστερον
449 1561 519 1632 ἦν
566 1572 665 1617 τοῦ
715 1573 938 1635 καιροῦ,
992 1566 1095 1634 βοὴ
1147 1564 1207 1618 δὲ
1261 1563 1322 1618 ἐκ
1375 1565 1581 1626 παντὸς
1631 1565 1838 1633 χωρίου

151 1653 291 1722 πρὸς
330 1652 574 1721 οὐρανὸν
612 1655 936 1721 γεγηθότων
973 1655 1167 1722 ἤρχετο
1199 1660 1363 1706 τοῦτο
1394 1649 1496 1721 μὲν
1526 1649 1580 1715 ἐξ
1612 1652 1839 1721 ἄστεων,

151 1747 316 1793 τοῦτο
357 1737 417 1792 δὲ
458 1739 511 1804 ἐξ
552 1739 754 1809 ἀγρῶν,
794 1741 883 1794 καὶ
924 1743 1116 1794 οἰκιῶν
1154 1740 1245 1794 καὶ
1277 1741 1532 1808 θεάτρων
1569 1741 1660 1794 καὶ
1692 1740 1840 1811 ὀρῶν

154 1827 246 1882 καὶ
284 1830 508 1897 πεδίων,
554 1831 727 1898 φαίην
767 1828 816 1882 δ’
846 1828 915 1882 ἂν
963 1830 1047 1883 ὅτι
1084 1830 1173 1883 καὶ
1212 1831 1360 1900 παρὰ
1397 1839 1510 1882 τῶν
1558 1831 1841 1883 πλεόντων

156 1916 215 1970 ἐκ
282 1926 543 1986 ποταμῶν
611 1937 668 1970 τε
736 1916 827 1971 καὶ
896 1923 1107 1988 λιμνῶν
1170 1917 1263 1972 καὶ
1323 1918 1599 1987 θαλάττης
1659 1917 1838 1987 μέσης.
1863 1939 1907 1971 20

155 2005 242 2057 42.
298 2005 430 2073 ὅπερ
482 2006 584 2076 γὰρ
623 2004 947 2075 Ἀσκληπιόν
996 2021 1170 2077 φασιν
1207 2006 1509 2079 Ἱππολύτῳ
1560 2006 1840 2076 γενέσθαι,

154 2092 302 2147 τοῦτ’
332 2093 495 2156 αὐτὸς
533 2093 727 2162 ἐγένου
764 2102 839 2168 τῷ
871 2103 966 2165 τῆς
1006 2095 1331 2164 οἰκουμένης
1370 2097 1591 2163 σώματι.
1626 2093 1633 2166 Ι
1667 2114 1749 2148 τε·
1779 2108 1927 2152 R419

275 2304 300 2342 2
334 2298 391 2342 cf.
417 2298 480 2342 IV
505 2303 605 2353 628,
634 2300 745 2343 12R
866 2306 919 2344 21
954 2300 1010 2344 of.
1043 2300 1123 2345 61
1154 2304 1253 2355 666,
1274 2304 1328 2344 10
1352 2300 1395 2343 R

280 2498 302 2537 1
335 2493 392 2537 τὰ
422 2496 561 2539 πλοῖα
586 2492 621 2537 S
641 2491 744 2536 Mor
825 2495 973 2537 πλοῦν
1004 2492 1048 2537 U
1177 2497 1203 2535 2
1234 2490 1279 2536 τί
1303 2491 1562 2537 IBMMoS
1679 2495 1705 2534 3
1735 2491 1842 2546 περὶ

160 2566 300 2610 supra.
331 2553 460 2608 παρὰ
494 2551 600 2596 Mo'
627 2552 633 2610 Ι
660 2549 839 2609 ξυμβάν
872 2551 933 2594 Μ
1056 2555 1083 2594 4
1115 2548 1163 2596 δ’
1189 2552 1258 2595 Re
1379 2555 1405 2594 6
1436 2568 1527 2595 ναυ
1587 2549 1843 2607 γησάμενος

167 2613 210 2657 U
244 2614 250 2667 Ι
282 2619 520 2667 τοπρῶτον
551 2611 626 2654 IB
749 2615 771 2652 7
806 2609 863 2666 δὴ
894 2610 947 2654 τὸ
978 2609 1167 2654 πάντων
1191 2610 1227 2655 S
1248 2610 1350 2654 Mor
1390 2612 1396 2666 Ι
1440 2607 1596 2667 ἐγένου
1622 2608 1784 2653 VMor

160 2669 321 2728 ἐγένου
352 2671 420 2714 Re
601 2673 655 2713 10
697 2668 874 2724 ἡδονὴν
914 2670 1079 2726 scripsi
1111 2670 1300 2713 auctore
1331 2669 1398 2712 Re
1431 2668 1534 2712 coll.
1566 2683 1612 2724 p.
1639 2672 1708 2722 71,
1729 2672 1782 2711 19

158 2729 332 2786 ἡδονῆς
359 2729 469 2773 libri
501 2728 591 2772 edd
713 2733 764 2771 11
799 2735 940 2772 κοινῶ
970 2736 1032 2772 τῶ
1056 2735 1148 2772 τῶν
1172 2728 1207 2772 S
1326 2732 1380 2772 13
1414 2726 1646 2786 ἐχάρησαν
1678 2726 1842 2783 scripsi

162 2790 349 2832 auctore
382 2787 554 2832 Cobeto
585 2787 752 2830 Mnem.
770 2786 813 2829 V
835 2791 916 2830 112
943 2786 1195 2843 (Coll.108)
1279 2785 1529 2844 ἐχόρευσαν
1559 2785 1669 2829 libri
1692 2785 1784 2828 edd

164 2852 219 2890 14
248 2853 332 2903 τῆς
360 2847 410 2890 in
439 2860 573 2903 marg
602 2845 660 2890 1²
809 2849 862 2889 17
896 2844 1070 2890 ἀστέων
1111 2846 1234 2890 VMo
1276 2848 1324 2890 et
1354 2859 1411 2889 ex
1449 2845 1623 2889 ἄστεων
1654 2859 1755 2888 con·
1784 2843 1843 2887 1²

223 2910 280 2949 20
311 2913 520 2962 ποταμοῦ
547 2907 630 2950 Mo
751 2909 804 2947 21
840 2902 894 2948 όν
924 2904 975 2947 in
1005 2902 1261 2961 ἀσκληπιόν
1291 2904 1341 2947 in
1363 2917 1439 2948 ras
1470 2903 1528 2947 1²
1554 2905 1561 2961 Ι
1589 2903 1731 2959 φησὶν
1759 2904 1841 2946 Mo
