2060 3162
20 3028 27 3058 ,Ρ

19 3071 30 3162 ἰ

656 165 883 210 LIBANII
915 164 1139 210 ORATIO
1171 165 1299 211 XXV
1703 166 1811 219 549

122 300 443 371 προσέκειτο
483 302 587 371 γὰρ
627 307 701 374 τῷ
734 302 998 373 Διονύσῳ
1038 302 1438 371 διαφερόντως,
1489 301 1666 371 ἀφῆκε
1715 302 1815 355 τὸν

124 390 384 459 Σάτυρον
428 396 503 462 τῷ
543 396 660 463 θεῷ
700 391 789 444 καὶ
837 387 985 460 εἶχεν
1031 390 1206 453 εὐθὺς
1250 392 1460 458 μισθὸν
1505 391 1567 444 τὸ
1614 389 1813 454 ἐξεῖναι

124 478 154 531 ὅ
193 498 246 532 τι
285 478 356 533 ἂν
393 477 579 549 ἐθέλῃ,
630 480 728 533 τὸν
765 482 1056 533 Διόνυσον
1094 481 1284 533 αἰτεῖν.
1360 479 1602 549 ὑπερβὰς
1641 480 1710 549 δὴ
1748 481 1814 532 τὰ

124 570 298 631 ὄντως
334 567 521 636 ἀγαθὰ
566 579 678 622 πᾶν
725 569 856 621 ὅτου
903 570 1060 637 θίγοι
1108 569 1317 637 χρυσὸν
1366 567 1482 639 ᾔτει
1532 567 1814 636 γενέσθαι,
1902 634 1906 637 η

122 656 213 710 καὶ
267 653 337 726 ἦν
386 655 415 709 ὁ
458 658 647 719 Μίδας
693 665 906 727 χρυσοῦ
959 659 1151 726 πατήρ.
1227 658 1404 711 πολλὰ
1457 658 1559 726 μὲν
1606 658 1674 726 δὴ
1723 656 1814 710 καὶ
1861 678 1882 711 ⁶

123 747 260 799 ἄλλα
298 746 447 818 αὐτῷ
489 753 654 798 τοῦτο
696 745 995 799 ἐπεπόνθει
1042 747 1135 799 διὰ
1173 755 1287 799 τῶν
1325 755 1543 816 χειρῶν,
1596 745 1712 799 ἐπεὶ
1753 743 1814 799 δὲ

122 833 213 887 καὶ
261 834 493 903 ἀριστᾶν
533 836 669 902 ἔδει,
720 837 933 904 χρυσὸν
980 834 1148 888 ἐποίει
1202 844 1324 888 σῖτα
1370 834 1461 888 καὶ
1507 836 1670 905 ποτά,
1724 835 1816 893 καὶ

121 919 192 991 ἦν
232 923 377 996 αὐτῷ
411 925 567 992 λιμὸς
606 923 635 976 ὁ
675 929 928 987 πλοῦτος.
1006 926 1054 977 εἰ
1087 921 1148 977 δὲ
1179 924 1282 978 οὐκ
1314 923 1574 977 ἐδούλευε
1612 931 1817 998 χρυσῷ,

122 1011 476 1081 κατεχρήσατ’
507 1011 578 1065 ἂν
617 1014 695 1075 εἰς
735 1012 866 1065 δέον
904 1019 981 1084 τῷ
1020 1020 1209 1085 καιρῷ.

232 1101 318 1154 26.
378 1101 522 1172 Φέρε
573 1103 641 1170 δὴ
687 1103 785 1155 τὸν
838 1105 1137 1170 κολοφῶνα
1191 1102 1494 1170 ἐπιθῶμεν,
1550 1103 1651 1171 τὴν
1703 1110 1817 1155 τῶν
1840 1124 1884 1156 10

116 1189 372 1259 Ἐρώτων
412 1192 756 1259 δεσποτείαν,
802 1187 867 1259 ἧς
906 1192 1008 1260 τὴν
1048 1192 1211 1261 ἰσχὺν
1249 1193 1310 1244 τό
1348 1210 1406 1244 τε
1453 1190 1614 1255 τόξον
1657 1191 1818 1258 δηλοῖ

123 1278 214 1332 καὶ
253 1280 320 1333 τὰ
358 1279 514 1333 ὅπλα.
590 1278 817 1333 ἐπειδὰν
863 1282 967 1349 γὰρ
1009 1280 1042 1350 ἢ
1082 1282 1270 1333 οἰστὸν
1309 1280 1530 1351 ἀφῶσιν
1576 1280 1609 1350 ἢ
1647 1293 1817 1348 προσ-

124 1367 387 1436 ενέγκωσι
425 1375 556 1438 πῦρ,
601 1369 774 1431 εὐθὺς
813 1368 1073 1440 ἑκάτερον
1113 1368 1199 1422 ἐπὶ
1238 1371 1340 1438 τὴν
1378 1370 1614 1438 καρδίαν
1653 1377 1818 1438 χωρεῖ

122 1455 215 1510 καὶ
267 1457 328 1509 τὸ
382 1457 484 1525 μὲν
538 1455 816 1526 ἐργάζεται
870 1465 1087 1528 τραῦμα
1136 1460 1353 1528 πικρόν,
1408 1459 1469 1511 τὸ
1522 1455 1583 1511 δὲ
1634 1460 1818 1527 φλόγα

124 1548 348 1615 συχνήν.
426 1547 637 1614 γίνεται
684 1547 750 1615 δὴ
798 1547 935 1599 κατὰ
980 1548 1081 1615 τὴν
1132 1548 1433 1616 παροιμίαν
1479 1546 1619 1615 ἀνὴρ
1672 1545 1816 1616 ἐρῶν
1838 1566 1882 1600 15

122 1637 462 1703 ΛΙεσσηνίων
501 1636 831 1704 δουλότερος
870 1637 1072 1704 φίλους
1107 1636 1208 1704 μὲν
1239 1635 1330 1689 καὶ
1363 1634 1560 1704 γονέας
1596 1634 1687 1688 καὶ
1718 1635 1819 1689 τὸν

122 1722 249 1793 παρ’
291 1723 608 1793 ἀνθρώπων
663 1726 840 1793 ψόγον
901 1725 1085 1778 ὕθλον
1145 1724 1475 1794 ἡγούμενος,
1538 1725 1820 1792 λατρεύων

123 1813 184 1865 δὲ
222 1821 336 1875 τοῖς
374 1814 649 1876 παιδικοῖς
688 1814 777 1866 καὶ
819 1813 980 1867 ὁπότε
1017 1817 1231 1881 μᾶλλον
1270 1814 1556 1881 δουλεύοι,
1602 1816 1815 1882 μᾶλλον

246 1987 268 2024 1
301 1981 391 2025 Dio
424 1980 548 2025 Cass.
574 1981 633 2024 LI
657 1986 727 2036 25,
746 1986 772 2024 5

246 2142 300 2181 15
334 2137 410 2181 ἐπὶ
439 2144 532 2181 τῶν
565 2136 687 2193 ἄγαν
721 2135 1038 2181 δουλευόντων
1073 2135 1140 2182 V*

246 2292 268 2329 1
296 2285 620 2342 διαφερόντων
644 2286 678 2328 Ι
793 2289 818 2328 3
853 2283 992 2343 ἐθέλῃ
1026 2285 1191 2341 scripsi
1216 2298 1241 2328 e
1261 2285 1471 2330 OAPUI
1525 2283 1681 2328 ἐθέλοι
1710 2283 1818 2328 reli-

130 2345 213 2401 qui
236 2345 347 2388 libri
371 2345 463 2389 edd
585 2349 611 2388 6
644 2345 769 2403 αὐτῷ
794 2344 862 2388 Re
925 2344 1039 2388 αὐτὸ
1063 2343 1173 2388 libri
1197 2345 1300 2387 Mor
1326 2346 1332 2400 Ι
1361 2344 1419 2400 δὴ
1448 2350 1584 2388 τοῦτο
1609 2344 1693 2387 Mo
1717 2343 1820 2387 Mor

184 2408 211 2447 8
245 2401 292 2447 δ’
319 2404 388 2448 Re
541 2409 590 2447 11
630 2390 839 2458 ἐρώντων
874 2404 1016 2448 CPM
1046 2403 1126 2447 sed
1158 2403 1207 2446 in
1239 2403 1312 2446 his
1338 2420 1364 2446 ν
1397 2416 1511 2455 eras,
1546 2403 1589 2446 A
1618 2404 1624 2459 Ι
1652 2405 1818 2447 δεσπο-

127 2503 258 2551 τείαν
291 2505 573 2566 (λέγοντες)
591 2512 611 2550 ⁴?
640 2507 645 2562 Ι
673 2507 724 2550 τό
756 2523 804 2550 τε
834 2495 971 2559 τόξον
996 2507 1042 2550 Β
1195 2511 1250 2550 12
1281 2506 1422 2550 τᾶλλα
1457 2503 1603 2550 ὄπλαῖ
1630 2508 1637 2562 Ι
1665 2503 1813 2551 ἐπειδ’

125 2583 186 2610 αν
203 2567 249 2610 Α
356 2571 411 2609 14
434 2572 625 2623 πρᾶγμα
645 2567 688 2609 V
706 2568 752 2609 et
775 2566 824 2608 in
847 2572 1028 2621 τραῦμα
1054 2579 1157 2610 corr
1171 2567 1262 2610 IM
1369 2571 1423 2608 15
1449 2564 1500 2609 δὲ
1517 2565 1562 2608 Β
1624 2579 1700 2609 om
1716 2564 1819 2608 Mor

130 2625 166 2681 Ι,
171 2626 448 2674 Menander
463 2631 547 2669 aut
562 2627 664 2681 quis
680 2625 802 2669 alius
821 2625 1027 2670 Comicus
1044 2625 1246 2670 diaeerat:
1272 2622 1478 2696 γίγνεται
1502 2620 1547 2669 δ’
1562 2623 1680 2678 ἐρῶν
1697 2621 1816 2681 ἀνὴρ

130 2709 134 2741 0
170 2682 449 2739 Μεσσηνίων
481 2682 754 2739 δουλότερος
793 2689 877 2728 aut
908 2683 1028 2740 ἀνὴρ
1060 2684 1178 2740 ἐρῶν
1211 2683 1298 2740 γὰρ
1331 2681 1602 2739 δουλότερος
1630 2686 1818 2757 Μεσση-

126 2740 270 2787 νίων“
304 2742 450 2787 Cobeiz
482 2741 594 2788 Coll.
623 2748 706 2786 122
798 2742 918 2799 ἀνὴρ
951 2742 1068 2798 ἐρῶν
1108 2742 1196 2799 γὰρ
1236 2740 1507 2797 δουλότερος
1537 2746 1671 2786 Μεσσ
1703 2739 1818 2785 vim

125 2801 343 2846 Kock1.1.
468 2807 522 2845 16
547 2800 839 2857 δουλίστερος
861 2801 1077 2846 Meineke
1101 2801 1235 2845 Anal.
1255 2802 1357 2845 crit.
1376 2801 1437 2844 ad
1456 2801 1625 2845 Athen.
1645 2756 1817 2858 (FN)

124 2876 170 2916 p.
198 2865 280 2904 241
326 2862 375 2904 at
414 2859 471 2904 cf.
505 2860 762 2904 Zenob.111
786 2865 840 2904 39
879 2859 1011 2904 Prov.
1043 2860 1175 2904 Bodl.
1203 2863 1301 2904 334.
1350 2859 1485 2904 Coisl.
1514 2865 1612 2904 113.
1658 2859 1819 2903 Macar

124 2919 190 2963 III
212 2923 268 2963 35
360 2917 630 2975 δουλότερός
673 2917 761 2964 ἐστ’
791 2918 910 2975 ἀνὴρ
958 2920 1076 2974 ἐρῶν
1117 2916 1398 2975 Μεσσηνίων
1444 2933 1627 2964 versum
1672 2918 1818 2962 fuisse

129 2979 307 3023 conieci
338 2978 493 3023 Herm.
518 2978 603 3021 XII
620 2983 704 3021 212
