2060 3162
659 131 888 176 LIBANII
918 129 1141 175 ORATIO
1173 130 1322 175 XVIII
1707 130 1815 182 239

133 269 270 323 ἀλλὰ
319 270 520 322 καλλίω
574 265 676 335 μὲν
730 266 799 320 ἂν
847 266 880 336 ἢ
932 274 1039 320 νῦν
1090 267 1347 337 ῥηθῆναι,
1400 274 1512 320 πᾶν
1566 267 1627 319 δὲ
1681 266 1815 320 ὅσον

134 359 293 427 εἰκός,
344 358 476 411 οὐδὲ
515 357 672 410 οὕτω.
748 359 806 409 τί
841 351 946 409 οὖν
984 358 1086 425 χρή
1125 375 1190 425 με
1237 358 1526 409 πείσεσθαι
1574 358 1817 425 νομίζειν

134 447 267 499 ἄνευ
329 447 634 515 συμμαχίας
693 446 947 513 τοιαύτης
1007 453 1278 498 τοσοῦτον
1330 447 1505 497 πόνον
1555 443 1814 513 ἀναιρού-

134 554 325 602 μενον;
365 534 411 586 6.
452 533 566 588 ἀλλ’
608 535 655 587 εἰ
693 530 795 600 μὲν
832 534 903 602 μὴ
943 533 1033 586 καὶ
1072 535 1343 603 πρότερον
1381 533 1521 600 ὑμᾶς
1559 532 1817 604 ᾐσθόμην

135 624 236 676 οὐκ
275 623 611 691 ἀγνοοῦντας
649 621 767 690 μέν,
815 622 886 685 ὡς
925 623 958 691 ἡ
1009 623 1133 690 νίκη
1173 631 1284 674 τῶν
1323 619 1518 691 ἔργων,
1565 622 1709 691 ὅμως
1757 619 1818 675 δὲ
1865 643 1884 677 5

135 710 440 780 ἡδομένους
477 720 591 775 τοῖς
630 713 841 780 λόγοις,
895 715 1072 774 καλῶς
1111 709 1181 763 ἂν
1227 707 1339 779 εἶχέ
1374 731 1469 779 μοι
1516 722 1750 764 σιωπᾶν·
1809 710 1812 782 J

133 799 248 854 ἐπεὶ
288 797 347 853 δὲ
386 801 475 853 καὶ
514 798 624 854 τότ’
656 800 829 863 εὐθὺς
875 798 1121 869 ἐπῃνεῖτε
1171 798 1261 852 καὶ
1309 798 1521 866 ἐμένετε
1558 801 1687 862 τοὺς
1755 812 1904 856 R524

132 891 329 958 λόγους
368 888 705 957 ἀγαπῶντες,
759 889 859 942 οὐκ
906 884 1049 942 εἶναι
1088 890 1373 957 πρόφασιν
1410 889 1713 956 ἡγούμενος
1751 897 1814 959 τῇ

132 986 307 1048 σιωπῇ
347 979 566 1031 δικαίαν
611 978 941 1047 πειράσομαι
985 978 1053 1030 τὰ
1103 978 1287 1030 δίκαια
1325 985 1505 1030 ποιεῖν
1543 978 1680 1046 πρὸς
1717 978 1818 1030 τὸν

130 1066 357 1134 βασιλέα
395 1067 483 1119 καὶ
524 1069 704 1135 φίλον.
1842 1090 1884 1121 1ο

245 1155 288 1207 7.
338 1154 626 1223 Ἐγένοντο
673 1151 775 1224 μὲν
822 1150 926 1208 οὗν
965 1155 1066 1207 οὐκ
1113 1155 1292 1222 ὀλίγοι
1336 1157 1581 1222 βασιλεῖς
1627 1155 1816 1226 γνώμῃ

133 1242 234 1313 μὲν
274 1243 341 1297 οὐ
380 1246 555 1311 κακοί,
592 1243 739 1312 γένει
772 1241 833 1297 δὲ
866 1244 932 1297 οὐ
966 1245 1220 1314 λαμπροί,
1259 1242 1350 1296 καὶ
1381 1245 1482 1312 τὴν
1512 1244 1613 1312 μὲν
1645 1243 1817 1314 ἀρχὴν

132 1331 482 1402 ἐπιστάμενοι
515 1335 722 1401 σώζειν,
762 1334 1150 1402 αἰσχυνόμενοι
1183 1330 1244 1386 δὲ
1275 1334 1467 1401 εἰπεῖν,
1507 1331 1561 1396 ἐξ
1593 1327 1672 1386 ὧν
1703 1332 1816 1401 ἐγέ-

135 1441 314 1490 νοντο,
356 1422 493 1475 ὥστε
523 1423 614 1475 καὶ
644 1430 759 1485 τοῖς
791 1421 1220 1490 ἐγκωμιάζουσιν
1244 1422 1445 1484 αὐτοὺς
1476 1419 1643 1490 ἔργον
1675 1416 1816 1475 εἶναι

132 1515 474 1581 θεραπεῦσαι
512 1511 572 1563 τὸ
619 1518 858 1580 τραῦμα,
908 1511 1084 1582 τούτῳ
1133 1507 1194 1562 δὲ
1242 1510 1410 1563 οὐδέν
1457 1509 1622 1577 ἐστιν,
1675 1510 1704 1563 ὃ
1743 1511 1815 1579 μὴ
1843 1532 1884 1565 15

132 1608 356 1669 χορηγεῖ
392 1600 528 1669 πρὸς
559 1601 801 1652 ἔπαινον.
873 1601 919 1652 8.
961 1599 1155 1652 αὐτίκα
1188 1600 1249 1652 τὸ
1283 1598 1458 1667 γένος,
1498 1599 1644 1671 αὐτῷ
1675 1599 1817 1651 πάπ-

132 1706 234 1750 πος
271 1684 373 1754 μὲν
410 1688 686 1756 βασιλεύς,
727 1687 785 1750 ὃς
824 1688 1058 1756 μάλιστα
1096 1688 1163 1756 δὴ
1204 1688 1492 1757 χρημάτων
1534 1687 1815 1757 ὑπεριδὼν

131 1777 365 1842 μάλιστα
405 1776 471 1844 δὴ
510 1777 604 1838 τὰς
642 1785 753 1828 τῶν
792 1775 1109 1845 ἀρχομένων
1149 1776 1367 1838 εὐνοίας
1400 1775 1678 1844 ἐκτήσατο,
1716 1795 1816 1829 πα-

132 1865 230 1932 τὴρ
294 1861 354 1916 δὲ
415 1863 680 1931 βασιλέως
740 1861 841 1933 μὲν
900 1866 1038 1933 υἱός,
1108 1863 1373 1933 βασιλέως
1436 1861 1497 1917 δὲ
1559 1864 1814 1933 ἀδελφός,

134 1953 471 2022 δικαιότερος
511 1949 571 2005 δὲ
610 1961 709 2006 τοῦ
751 1954 977 2022 σχόντος
1015 1954 1114 2022 τὴν
1158 1955 1446 2022 βασιλείαν
1486 1956 1645 2022 ἔχειν,
1693 1952 1809 2006 ἀλλ’
1841 1976 1884 2008 20

133 2040 276 2107 ὅμως
325 2041 554 2110 ἡσύχαζε
604 2040 694 2094 καὶ
746 2042 1040 2111 συνεύχετο
1094 2048 1169 2115 τῷ
1215 2044 1438 2111 λαβόντι
1491 2041 1581 2095 καὶ
1637 2045 1816 2107 συζῶν

251 2221 304 2260 19
338 2215 557 2275 βασιλέως
589 2217 669 2275 (1)]
700 2224 782 2261 τοῦ
815 2215 1016 2275 μεγάλου
1047 2214 1405 2262 Κωνσταντίνου
1437 2216 1495 2261 1³

252 2384 273 2422 1
308 2377 366 2423 ἂν
397 2374 455 2436 ἦν
486 2376 515 2434 ἢ
546 2381 592 2424 Ρ
724 2383 749 2422 3
782 2379 1123 2436 ἀναιρούμενον
1155 2379 1319 2435 scripsi
1397 2378 1674 2436 αἱρούμενον
1705 2379 1814 2423 libri

133 2437 426 2494 (αἱρούμενον
459 2440 560 2494 Mo)
600 2438 682 2481 sed.
711 2438 762 2481 in
793 2437 1025 2494 ἀράμενον
1065 2451 1166 2482 corr
1195 2438 1264 2487 1²,
1309 2438 1435 2493 quod
1465 2438 1692 2495 praebenb
1723 2438 1815 2482 edd

191 2502 217 2540 4
250 2497 311 2553 μή
333 2514 377 2541 τι
400 2498 481 2541 καὶ
496 2497 598 2540 Μο1·
629 2497 710 2541 sed
733 2497 783 2540 in
806 2510 939 2554 marg
970 2515 1024 2553 γρ
1049 2513 1093 2541 τι
1115 2495 1355 2552 πρότερον,
1381 2497 1502 2541 Fabr
1628 2502 1652 2540 7
1685 2496 1817 2553 ἐπηι-

133 2591 250 2629 νεῖτε
278 2585 315 2630 0
342 2585 424 2629 sed.
455 2603 483 2641 η
516 2599 616 2628 corr
648 2598 703 2628 ex
734 2602 764 2628 α
787 2599 810 2629 s
872 2558 1098 2629 ἐπόίινεῖτε
1131 2586 1215 2630 Mo
1361 2590 1414 2629 10
1446 2586 1544 2644 καὶ]
1578 2603 1631 2642 γρ
1649 2586 1731 2630 τὸν
1763 2586 1814 2629 in

132 2656 265 2700 marg
294 2643 397 2687 Mor
530 2648 584 2687 12
617 2645 665 2687 et
698 2648 751 2686 13
785 2641 829 2688 δ’
858 2644 926 2687 Re
1063 2649 1117 2688 13
1151 2645 1326 2697 σώιζειν
1358 2645 1403 2688 A
1527 2650 1579 2688 15
1613 2643 1657 2690 δ’
1686 2645 1754 2688 Re

135 2706 188 2744 16
221 2710 412 2760 χορηγοῖ
439 2703 541 2746 Mor
596 2703 606 2776 1
661 2715 840 2746 comma
877 2704 986 2759 post
1015 2701 1148 2760 γένος
1177 2704 1332 2760 posui,
1375 2706 1483 2760 post
1513 2704 1637 2763 αὐτῷ
1663 2703 1812 2747 delevi

134 2763 319 2805 auctore
345 2761 526 2805 Sinteni
587 2768 773 2815 οποῖον;
803 2760 877 2805 vel
899 2761 996 2806 tale
1020 2763 1133 2818 quid
1157 2765 1265 2818 post
1295 2761 1428 2835 γένος
1459 2749 1685 2807 excidi‘sse
1710 2763 1814 2806 coni

132 2818 200 2862 Re
227 2821 233 2876 Ι
261 2821 404 2865 αὑτωι
424 2820 461 2865 C
571 2825 625 2863 18
649 2827 741 2864 τῶν
766 2834 840 2863 0111
865 2821 960 2864 Μ
946 2834 1071 2865 mser
1092 2822 1151 2864 1³
1269 2825 1321 2866 19
1356 2818 1402 2866 δ’
1423 2821 1491 2865 Re
1605 2826 1660 2864 20
1686 2821 1733 2879 ἔχ
1737 2838 1813 2865 ον-

132 2892 210 2927 τος
240 2880 286 2922 et
318 2879 431 2936 ἔχων
462 2879 564 2922 Mor
595 2879 676 2935 qui
708 2878 850 2922 etiam
882 2878 1179 2935 ὃικαιοτέρως
1210 2880 1327 2934 coni,
1359 2880 1483 2923 Fabr
1610 2885 1663 2923 21
1707 2895 1814 2924 συν-

134 2935 297 2993 ηύχετο
316 2938 361 2980 Β
373 2939 503 2982 VIM
