2060 3162
258 122 364 173 174
784 121 1014 166 LIBANII
1046 121 1268 166 ORATIO
1299 121 1406 166 XVI

255 259 347 319 εἰς
385 258 604 309 αἰτίαν
642 264 756 312 τοῦ
794 258 904 320 τὰς
944 255 1170 327 ἑορτὰς
1209 256 1510 329 ἀναιρεῖν
1552 257 1942 327 ἐμπέσωμεν,

166 358 208 401 R
230 362 315 401 498
357 346 467 398 ἔδει
506 346 610 415 γὰρ
649 344 788 413 ἡμᾶς
825 351 1124 414 πεισθῆναι
1162 354 1333 399 ταῦτα
1367 347 1374 416 Ι
1410 344 1604 417 ἑορτὴν
1644 342 1801 416 εἶναι,
1838 357 1941 402 uffa·-

254 454 359 501 μον
398 434 541 487 οὕτω
581 436 854 504 τολμηρὸν
901 433 986 487 ἐπὶ
1036 436 1137 503 τὴν
1184 436 1480 504 θειοτάτην
1524 443 1811 505 χωροῦντα
1854 456 1940 490 κε-

255 525 452 592 φαλήν.
522 523 607 575 36.
649 522 1020 592 ἀναμεμίχθαι
1053 524 1346 593 σκώμματά
1383 524 1508 577 τινά
1546 538 1693 577 τισιν
1728 524 1940 595 ἑορταῖς

209 633 229 664 5
253 611 521 680 ὁμολογῶ,
562 611 697 664 ἀλλὰ
728 622 948 682 πρῶτον
978 609 1080 679 μὲν
1117 621 1301 683 κοῦφα
1338 611 1429 666 καὶ
1462 614 1676 684 φορητὰ
1712 612 1803 666 καὶ
1835 613 1938 667 οὐκ

251 699 356 752 ἀπὸ
421 701 659 769 γλώττης
721 700 1195 771 ἀναπεπταμένης,
1262 702 1327 755 οὐ
1389 703 1494 772 γὰρ
1558 703 1635 765 εἰς
1696 702 1937 772 ὁμοίους,

250 788 751 859 ἀπορριπτούμενα,
796 788 888 842 καὶ
935 790 1104 860 ταύτῃ
1145 791 1245 858 τὴν
1282 791 1588 861 τραχύτητα
1634 794 1937 857 λεαίνοντα.

250 878 298 930 εἰ
339 874 399 930 δὲ
438 876 565 946 ἐξῆν
603 887 718 941 τοῖς
769 877 920 945 ἐμοῖς
967 879 1192 941 δούλοις
1240 877 1334 942 τάξ
1387 878 1703 949 ἀνθρώπων
1749 880 1936 949 ὀνείδη

250 969 639 1037 συμφορήσασι
689 968 789 1036 τὴν
841 965 1038 1037 ἑορτὴν
1082 966 1551 1037 προστησαμένοις
1598 967 1799 1037 ἀνέδην
1844 965 1936 1035 ἐμὲ

184 1075 227 1108 1ο
251 1056 546 1125 λοιδορεῖν,
587 1054 692 1124 ἐγὼ
731 1053 834 1125 μὲν
865 1056 967 1108 οὐκ
1007 1055 1076 1110 ἂν
1115 1054 1456 1125 ἀπεδεξάμην
1493 1058 1623 1118 τοὺς
1661 1057 1828 1127 ταύτῃ
1868 1066 1933 1128 τῇ

248 1145 518 1216 θεραπεία
556 1147 847 1213 χαίροντας
884 1145 1070 1207 θεούς.

358 1232 443 1286 37.
491 1226 598 1286 ³Hv
635 1233 736 1299 μὲν
777 1229 880 1286 οὖν
919 1235 1330 1303 φροντιζόντων
1367 1235 1575 1296 πόλεως
1619 1232 1936 1304 ἀνθρώπων

246 1321 413 1374 πάλαι
452 1328 622 1374 ταῦτα
667 1321 893 1386 ἐκκόψαι
940 1322 1031 1375 καὶ
1076 1322 1213 1391 μηδὲ
1257 1323 1356 1375 τὸν
1399 1322 1599 1375 ὕπτιον
1636 1323 1934 1376 Κωνστάν-

245 1428 368 1462 τιον
397 1411 668 1479 περιιδεῖν
698 1411 1076 1481 ὑβριζόμενον,
1117 1410 1515 1479 λογιζομένους,
1556 1411 1629 1473 ὡς
1667 1410 1935 1479 βασιλέως

181 1517 222 1551 1⁵
249 1497 431 1560 ἁπλῶς
466 1497 574 1550 κᾶν
611 1497 643 1566 ἡ
677 1499 863 1567 γνώμη
896 1498 1087 1569 μετέχῃ
1121 1499 1413 1570 ῥᾳθυμίας,
1448 1499 1485 1567 ’ἥ
1518 1518 1580 1567 γε
1611 1500 1744 1568 τύχη
1777 1507 1934 1568 τιμῆς

156 1601 302 1644 R499
336 1584 471 1648 ἀξία.
542 1588 593 1639 εἰ
630 1585 679 1639 δ’
709 1583 779 1655 ἧν
811 1584 978 1640 οὐδὲν
1015 1587 1235 1650 ἀπεικὸς
1272 1588 1404 1654 μετὰ
1441 1596 1560 1640 τῶν.
1583 1588 1764 1641 ἄλλων
1799 1586 1804 1658 Ι
1839 1588 1930 1641 καὶ

244 1682 406 1727 τοῦτο
461 1674 827 1745 ἀμεληθῆναι,
882 1678 1282 1747 παρειληφότος
1335 1696 1396 1745 γε
1449 1677 1550 1745 τὴν
1603 1676 1777 1747 ἀρχὴν
1830 1684 1930 1729 τοῦ

244 1763 450 1826 πάντας
497 1762 557 1816 ἐν
605 1765 773 1818 ἅπασι
819 1773 913 1833 τῆς
959 1773 1059 1834 γῆς
1107 1765 1294 1836 μέρεσι
1340 1767 1717 1835 παρελθόντος
1764 1761 1932 1818 οὐδὲν

245 1851 410 1920 ε’χρῆν
463 1861 573 1905 τῶν
625 1855 832 1920 κόσμον
887 1853 1270 1907 ἀπαιτούντων
1320 1854 1737 1923 ὀλιγωρεῖσθαι,
1793 1853 1931 1906 ἀλλὰ

362 2031 386 2070 6
419 2026 536 2070 Plat.
564 2026 759 2072 Phaedr.
792 2043 837 2084 p.
865 2032 950 2071 240
967 2028 1004 2071 Ε

363 2196 384 2232 1
420 2189 680 2246 ἐκπέσωμεν
713 2192 797 2234 Mo
918 2194 942 2232 2
975 2190 1095 2246 ὑμᾶς
1129 2190 1167 2234 G
1193 2190 1274 2232 sed
1305 2205 1334 2231 v
1365 2188 1415 2231 in
1437 2202 1512 2231 ras
1536 2189 1565 2242 f
1571 2189 1601 2289 11
1620 2184 1765 2244 εἶναι,
1796 2188 1864 2231 Re

243 2254 267 2290 3
291 2247 514 2305 θειότητα
534 2251 618 2294 Mo
737 2253 765 2291 4
787 2247 1021 2304 κεφαλήν;
1052 2247 1142 2291 edd
1170 2250 1175 2303 1
1203 2245 1521 2304 ἀναμεμίχθαι
1546 2261 1569 2290 c
1629 2247 1689 2290 ad
1713 2263 1758 2304 p.
1778 2251 1847 2303 28,
1869 2252 1923 2291 19

242 2313 267 2350 6
315 2308 510 2365 γλώττης
551 2306 936 2364 ἀναπεπταμένης
982 2283 1098 2350 citat
1126 2307 1244 2350 Plan
1282 2306 1498 2349 1011041
1532 2306 1707 2349 addens
1747 2307 1827 2349 καὶ
1868 2307 1925 2350 οὐ

241 2365 601 2424 σννεσταλμένης
720 2372 742 2409 7
776 2366 1193 2423 ἀπορριπτούμεθα
1220 2367 1304 2410 Μο
1353 2369 1359 2422 Ι
1408 2365 1581 2421 ταύτην
1607 2367 1691 2410 Mo
1812 2369 1837 2408 8
1871 2364 1917 2410 δ’

240 2455 306 2498 Re
421 2460 445 2498 9
479 2441 680 2511 ἀναίδην
697 2457 732 2498 Ι
785 2452 989 2511 ἀναίδην
1013 2454 1100 2499 UB
1124 2467 1198 2497 om
1214 2453 1337 2497 Fabr
1450 2458 1503 2496 10
1538 2454 1624 2510 ἐγὼ
1650 2453 1753 2511 μὲν]
1780 2451 1915 2510 ἔγωγ’

241 2511 324 2558 οὖν
357 2514 479 2557 Fabr
520 2518 526 2571 Ι
569 2513 627 2558 ἂν
659 2529 734 2558 0111
758 2516 804 2559 Β
984 2517 1037 2557 12
1075 2513 1228 2557 verbis
1259 2507 1317 2568 ἦν
1349 2512 1431 2568 μὲν
1463 2509 1548 2556 οὖν
1582 2511 1923 2568 φροντιζόντων

241 2572 413 2616 desinit
459 2574 557 2617 cod.
591 2574 776 2617 Barocc.
812 2578 897 2616 219
940 2572 1017 2617 fol.
1046 2577 1126 2616 39
1165 2574 1212 2615 et
1250 2571 1392 2625 Fabr‚
1435 2571 1604 2627 incipit
1640 2571 1864 2614 Becchett

243 2636 297 2674 14
327 2630 647 2705 λογιζομένων
655 2633 776 2688 (Ath.
787 2634 871 2699 et).
892 2633 995 2675 coni
1018 2632 1111 2675 Bec
1232 2635 1286 2673 15
1311 2628 1484 2687 μετέχει
1515 2632 1646 2674 PMo
1674 2632 1679 2686 Ι
1708 2627 1921 2704 ραθυμία

239 2690 331 2733 Bec
459 2695 513 2734 16
546 2688 593 2733 δ’
620 2685 679 2758 ᾖν
712 2690 902 2767 scripsi
906 2704 931 2734 e
965 2692 1009 2734 V
1034 2692 1098 2747 (et
1127 2690 1233 2734 vat.
1261 2691 1334 2746 82)
1367 2703 1471 2731 cum
1504 2689 1684 2733 Sinteni
1760 2685 1804 2732 δ’
1835 2685 1920 2732 οὖν

238 2748 408 2803 reliqui
431 2748 555 2802 libri,
587 2749 678 2792 nisi
702 2751 826 2805 quod
852 2746 935 2794 οὖν
958 2749 1007 2792 111
1031 2751 1076 2793 A
1101 2762 1295 2803 erasum,
1321 2749 1368 2791 et
1392 2748 1482 2791 edd
1510 2750 1515 2804 1
1545 2746 1682 2792 οὐδὲν
1706 2747 1918 2817 ἀπεικὸς]

240 2807 363 2857 εἰκὸς
384 2808 427 2852 V
455 2809 519 2863 (et
535 2807 639 2851 Vat
660 2810 732 2864 82)
795 2807 883 2864 γὰρ
914 2808 1036 2851 inter
1067 2808 1205 2852 οὐδὲν
1238 2809 1283 2850 et
1314 2806 1505 2856 ἀπεικὸς
1535 2806 1659 2849 inser
1681 2807 1715 2849 I
1723 2805 1739 2829 ²
1766 2806 1771 2863 Ι
1802 2804 1918 2849 όλων

241 2866 326 2910 Mo
468 2871 521 2909 17
554 2882 603 2922 γε
636 2867 725 2923 μὴν
755 2866 838 2923 τὴν
869 2867 918 2909 111
942 2880 1016 2909 ras
1042 2868 1087 2910 B
1231 2870 1284 2909 18
1316 2873 1412 2915 τοῖς
1445 2865 1652 2909 ΟΑΡΜο
1675 2864 1742 2907 Re
1786 2866 1791 2920 Ι
1833 2870 1919 2921 γῆς

239 2938 313 2967 0111
340 2925 423 2968 Mo
545 2929 597 2968 19
633 2926 967 2982 ὠλιγωρεῖσθαι
999 2926 1073 2968 ΠΙ
1904 2966 1906 2968 ,
