2060 3162
678 223 906 268 LIBANII
937 223 1161 268 ORATIO
1193 223 1277 269 XV
1727 224 1832 278 133

143 361 371 415 ἐκείνων
415 359 560 429 βέλη.
638 358 757 414 ἀλλ’
785 354 938 429 οἶμαι
982 358 1074 413 καὶ
1113 362 1538 429 πλημμελοῦμεν
1587 358 1678 412 καὶ
1727 361 1832 414 ἱκε-

145 451 379 520 τεύομεν
438 447 529 502 καὶ
590 451 886 516 σωζόμεθα.
978 447 1069 502 καὶ
1131 448 1160 502 ὁ
1221 450 1532 511 θεοείκελος
1592 448 1833 520 ἀκριβῶς

145 547 307 592 τοῦτο
364 535 515 591 ἔστιν
578 537 679 607 οὐχ
733 537 762 590 ὁ
811 545 927 600 τοῖς
980 543 1138 600 θεοῖς
1190 537 1292 606 τὴν
1344 538 1569 607 μορφὴν
1621 535 1830 606 ἐοικώς,

146 627 212 681 οὐ
265 627 368 696 γὰρ
419 619 540 680 οἷόν
589 645 672 695 τε,
726 624 842 679 ἀλλ’
875 626 1024 689 ὅστις
1078 624 1304 694 ἑτοίμως
1357 628 1497 696 ἔχων
1542 621 1604 679 εὗ
1651 634 1832 680 ποιεῖν

146 716 248 770 οὐκ
285 714 546 784 ἐπιθυμεῖ
583 722 863 785 πανταχοῦ
902 724 1194 785 τιμωριῶν.
1271 713 1355 767 35.
1409 716 1501 767 διὰ
1538 721 1703 768 τοῦτο
1742 734 1833 784 τη-
1878 734 1901 767 5
1947 703 1951 707 ¹

147 811 378 873 ροῦντος
424 800 524 871 μὲν
562 805 663 873 τὴν
701 811 869 873 μῆνιν
907 802 1188 873 Ἀχιλλέως
1227 803 1518 873 ἀχθόμεθα
1563 801 1655 856 καὶ
1702 804 1834 871 μετὰ

142 902 254 947 τῶν
292 891 580 962 πρέσβεων
625 901 737 947 τῶν
783 893 907 963 οὐχὶ
944 895 1283 946 πεπεικότωυ
1327 891 1643 946 ἀδικεῖσθαι
1681 894 1835 960 νομί-

145 981 321 1051 ζομεν,
361 983 622 1052 χαίρομεν
661 978 723 1034 δὲ
761 982 858 1035 τὸν
899 983 1156 1051 Πρίαμον
1202 980 1438 1052 ὁρῶντες
1488 982 1655 1035 ἔνδον
1702 982 1836 1035 ὄντα

142 1068 271 1140 παρ’
304 1070 450 1143 αὐτῷ
489 1069 581 1123 καὶ
620 1072 1064 1125 συνδειπνοῦντα
1101 1069 1192 1124 καὶ
1233 1070 1462 1133 οὐδενὸς
1512 1065 1591 1124 ὧν
1639 1068 1835 1123 ἐσπού-

143 1161 302 1225 δαζεν
352 1159 672 1229 ἀτυχοῦντα.
756 1158 847 1213 καὶ
897 1166 1098 1214 τοῦτον
1147 1161 1440 1227 νομίζομεν
1490 1159 1563 1222 ὡς
1613 1158 1835 1227 ἀληθῶς
1858 1179 1903 1212 ιο

144 1247 205 1302 ἐκ
242 1246 470 1311 Θέτιδος
507 1247 599 1301 καὶ
638 1256 733 1318 τῆς
772 1249 946 1312 οἰκίας
978 1250 1210 1317 Αἰακοῦ,
1249 1250 1349 1302 τὸν
1389 1244 1450 1301 δὲ
1489 1246 1662 1317 ἡδέως
1702 1246 1837 1301 ἐκεῖ-

144 1356 249 1390 νον
303 1339 702 1406 χαλεπαίνοντα
754 1338 846 1390 καὶ
892 1337 921 1391 ὁ
970 1338 1188 1408 σφόδρα
1236 1337 1406 1390 αὐτὸν
1453 1336 1681 1405 ἀγαπῶν
1722 1337 1837 1389 Πά-

144 1429 374 1495 τροκλος
422 1421 593 1479 οἶσθα
632 1421 710 1480 ὧν
751 1428 956 1496 ἔφησεν
996 1422 1138 1479 εἶναι
1177 1427 1361 1479 παῖδα.
1438 1425 1523 1478 36.
1578 1426 1683 1478 καὶ
1722 1422 1836 1492 μὲν

144 1516 297 1576 τοὺς
333 1513 610 1567 θυέεσσι
661 1513 766 1567 καὶ
815 1515 1103 1584 εὐχωλῇς
1150 1513 1428 1584 ἀγανῇσι
1475 1512 1648 1583 φησὶν
1674 1511 1837 1582 Ὅμη-

147 1621 266 1670 ρος,
322 1603 408 1655 σοὶ
464 1601 514 1654 δ’
563 1604 714 1656 ἔσται
768 1600 869 1672 μὲν
923 1602 1012 1655 ὅτε
1062 1603 1344 1656 θύσουσιν
1399 1604 1690 1672 ἄνθρωποι
1742 1602 1832 1655 καὶ
1857 1621 1899 1655 15

146 1692 366 1759 βωμοὺς
407 1691 730 1761 ὶδρύσονται
775 1692 866 1744 καὶ
914 1689 1337 1761 προσεύξονται,
1387 1691 1638 1762 καθάπερ
1672 1689 1838 1761 Ἡρα-

147 1782 288 1847 κλεῖ,
339 1780 438 1832 τὸν
488 1781 591 1848 γὰρ
633 1782 811 1848 ἔργων
859 1789 971 1834 τῶν
1010 1779 1226 1834 ἐκείνου
1279 1780 1519 1848 ζηλωτὴν
1570 1780 1714 1842 εἰκός
1750 1799 1837 1832 τοι

146 1866 236 1920 καὶ
289 1876 461 1935 τιμῶν
515 1877 626 1922 τῶν
673 1867 887 1922 ἐκείνου
933 1867 1249 1938 τεύξεσθαι,
1303 1875 1411 1922 νῦν
1457 1867 1522 1921 δέ
1567 1881 1655 1922 σοι
1701 1866 1830 1937 παρ’

147 1955 302 2024 ἡμῶν
363 1954 491 2009 ἀνθ’
534 1957 748 2026 ἱερείων
808 1955 900 2010 καὶ
953 1965 1169 2012 καπνοῦ
1223 1957 1313 2010 καὶ
1374 1959 1604 2026 κνίσσης
1658 1964 1836 2026 σχῆμα

146 2045 406 2098 ταπεινὸν
454 2045 544 2097 καὶ
592 2045 942 2115 ἀντιβόλησις
991 2046 1081 2099 καὶ
1136 2046 1362 2116 δάκρυα.
1438 2052 1640 2099 νεῦσον
1695 2046 1783 2114 δή,
1826 2043 1909 2116 120

269 2253 291 2291 7
338 2248 389 2291 Π.
417 2266 433 2292 ι
466 2254 551 2293 624
566 2264 631 2305 sq.
815 2254 840 2293 8
887 2250 938 2294 Il.
966 2268 1000 2294 ω
1034 2255 1119 2294 625
1138 2265 1203 2307 sq.
1388 2254 1440 2293 12
1488 2249 1539 2292 Π.
1566 2265 1600 2292 π
1632 2253 1686 2292 33
1702 2264 1768 2305 sq.

154 2312 207 2351 13
239 2307 290 2350 Il.
325 2325 341 2351 ι
375 2312 460 2352 499
596 2314 648 2353 19
680 2309 732 2353 Π.
760 2326 790 2353 α
824 2314 908 2354 317

271 2504 292 2542 1
335 2502 595 2558 πλημελοῦμ
599 2516 648 2547 εν
680 2501 775 2547 VU
948 2507 972 2544 2
1016 2499 1280 2552 θεοείκελος
1311 2527 1367 2534 -
1400 2506 1426 2544 5
1458 2507 1688 2557 τιμωριῶν
1720 2499 1839 2543 citat

150 2557 322 2602 Macar.
357 2558 515 2616 Chrys.
548 2560 703 2604 Boset.
737 2559 816 2604 fol.
851 2564 907 2603 88
939 2560 1206 2616 praemissis
1238 2560 1389 2604 verbis
1423 2560 1472 2604 ἐκ
1503 2566 1585 2603 τοῦ
1616 2560 1837 2616 πρεσβευ-

150 2624 283 2661 τικοῦ
309 2618 546 2662 ἰουλιανῶ
581 2617 674 2675 λόγ.
694 2620 723 2677 β
842 2623 867 2661 3
899 2626 997 2669 τοῖς
1027 2620 1178 2677 θεοῖς]
1209 2622 1308 2664 θεῶ
1332 2619 1494 2663 Macar
1520 2618 1526 2676 Ι
1553 2617 1837 2673 προσεοικὼς

149 2675 308 2720 Macar
428 2682 454 2721 5
486 2685 729 2751 πανταχοῦ
761 2678 810 2721 in
841 2691 974 2735 marg
997 2678 1055 2723 Ι8
1089 2682 1095 2735 Ι
1131 2680 1347 2723 διατοῦτο
1381 2679 1512 2722 VIM
1629 2680 1684 2721 10
1716 2676 1835 2721 ὡσα-

149 2735 309 2791 ληθῶς
336 2737 382 2780 Β
533 2741 584 2780 11
620 2734 779 2782 ἐκείνω
813 2750 954 2793 supra
986 2737 1164 2782 ἐκεῖνον
1190 2739 1252 2782 Μ
1262 2736 1278 2761 ²
1431 2741 1484 2780 13
1516 2735 1625 2787 τοὺς
1655 2734 1737 2791 μὲν
1767 2734 1836 2778 Re

214 2798 277 2860 14·
299 2810 396 2862 τοις
427 2795 471 2839 U
586 2800 641 2839 15
673 2795 724 2840 δὲ
759 2796 802 2839 V
833 2797 839 2851 1
869 2794 942 2840 ὅτε
974 2808 1029 2840 ex
1061 2812 1131 2840 οτι
1163 2810 1263 2840 corr
1291 2795 1351 2838 1³
1389 2799 1395 2850 Ι
1432 2794 1663 2839 θύσουσιν
1694 2794 1731 2837 Ι
1754 2793 1836 2837 sed

152 2854 619 2957 {efflssfflssfflssis
712 2854 1223 2987 Ιῖθτῖἷιξιτῖῗξρῗῗὲν
1238 2854 1487 2956 ῗῖὲξῖέὲ
1517 2870 1562 2968 ‘1‘
1593 2851 1782 2967 5ξὲιὲ
1795 2911 1851 2954 Ρ

153 2968 234 3011 sed
259 2972 422 3013 acutus
446 2972 495 3014 et
519 2989 584 3016 ων
614 2971 663 3014 in
686 2985 762 3015 ras
785 2971 855 3013 m²
916 2969 1085 3027 ἱερείου
1110 2973 1153 3015 Α
1196 2975 1202 3027 l
1246 2973 1325 3015 καὶ
1357 2974 1465 3015 ante
1497 2969 1685 3027 κνίσσης
1714 2969 1848 3012 inser

153 3026 309 3070 1³M²
362 3041 436 3072 om
464 3029 690 3075 CAPUV
714 3029 815 3074 Mor
842 3033 847 3086 1
875 3028 1064 3087 κνίσσης
1094 3044 1118 3073 e
1150 3028 1310 3086 κνίσης
1341 3044 1442 3075 corr
1475 3031 1532 3075 0⁸
