2060 3162
229 141 337 193 380
762 140 988 184 LIBANII
1021 139 1243 184 ORATIO
1274 140 1381 184 XIX

344 282 447 328 184
510 279 661 343 νόμος
700 277 753 328 ἐν
791 279 1106 343 λακεδαίμονι
1144 296 1254 328 cum
1291 281 1575 343 protheoria

343 355 447 402 190
508 353 773 418 παράσιτος
812 351 891 402 ἐπὶ
930 354 1132 403 δεῖπνον
1168 353 1371 418 κληθεὶς

342 429 472 476 193v
510 426 596 486 τὰς
633 428 832 486 πλείους
861 426 1072 490 ψήφους
1101 431 1307 492 κρατεῖν.
1376 428 1488 476 Des.
1513 429 1596 477 fol.
1619 430 1720 476 198
1747 429 1913 478 verbis

227 500 411 565 ταύτην
455 501 737 564 ψηφίζεσθε
777 494 872 567 (ΠΤ
906 503 1028 564 511,
1055 503 1121 551 26
1140 495 1207 569 R)
1254 505 1304 551 et
1349 502 1706 564 subscriptione
1758 500 1911 565 [τέλος

227 570 472 639 ἐ]νταῦθα
510 581 598 623 τοῦ
637 581 875 637 σοφιστοῦ
915 574 1086 641 λόγων.

341 650 444 698 198
500 655 588 697 τοῦ
634 647 787 698 αὐτοῦ
834 649 1060 714 λιβανίου
1107 656 1344 712 σοφιστοῦ
1393 649 1613 713 μονωδία
1659 647 1737 698 ἐπὶ
1775 668 1911 699 νικο-

229 722 426 786 μηδείαε
471 723 583 771 Des.
616 723 700 771 fol.
736 725 869 772 200v
912 723 1075 772 verbis
1122 723 1193 782 τίς
1239 720 1302 772 ἂν
1339 721 1418 772 ἐπὶ
1465 717 1565 790 (ΙΠ
1592 725 1714 785 344,
1740 726 1809 773 20
1826 718 1911 791 R).

339 797 625 859 Sequuntur
668 797 782 845 inde
830 814 860 845 a
896 798 979 846 fol.
1011 799 1115 846 202
1163 795 1409 847 ἐπιστολαὶ
1455 797 1687 863 διάφοροι
1731 815 1911 864 γρηγο-

227 870 339 937 ρίου
391 878 479 920 τοῦ
524 870 766 936 θεολόγου
812 869 895 919 καὶ
948 871 1158 937 μεγάλου
1211 871 1460 936 βασιλείου
1513 878 1610 920 τῶν
1662 878 1914 935 κοσμικῶν

229 943 535 993 διδασκάλων
595 942 677 993 καὶ
732 945 966 1010 μεγίστων
1024 943 1077 993 ἐν
1131 943 1287 1011 ἁγίοις
1349 944 1639 1010 φωστήρων,
1702 962 1911 1007 quarum

227 1020 390 1081 prima
426 1017 686 1084 γρηγόριος
724 1019 970 1083 βασιλείω·
1021 1017 1310 1083 ἐψευσάμην
1349 1016 1567 1085 ὁμολογῶ
1609 1014 1701 1085 (=
1736 1036 1809 1081 ep.
1838 1015 1910 1086 1),

226 1107 380 1154 usque
421 1092 484 1140 ad
521 1092 668 1141 finem
708 1086 815 1159 (fol.
843 1086 987 1160 223).

340 1165 502 1215 Codex
554 1168 822 1229 usurpatus
877 1169 952 1215 est
1005 1183 1035 1215 a
1083 1166 1197 1215 Fed.
1238 1167 1469 1228 Morello,
1525 1183 1554 1215 a
1608 1183 1704 1228 quo
1759 1167 1911 1214 etiam

226 1243 370 1289 notas
408 1241 522 1289 illas
567 1241 866 1304 marginales
910 1240 1099 1289 Collatia
1138 1243 1187 1288 et
1225 1241 1474 1301 Impressa
1522 1241 1768 1303 profectas
1809 1254 1912 1289 esse

226 1315 438 1362 maxime
473 1314 595 1362 mihi
626 1315 882 1376 probabile
915 1318 1002 1376 est,
1041 1330 1140 1362 non
1172 1315 1334 1363 solum
1364 1316 1416 1362 in
1446 1316 1912 1378 progymnasmatis,

227 1387 286 1436 de
334 1388 511 1450 quibus
557 1390 662 1450 ipse
708 1391 922 1437 testatur
933 1382 996 1456 ¹),
1047 1389 1131 1437 sed
1177 1389 1328 1437 etiam
1373 1389 1426 1436 in
1473 1388 1913 1437 declamationibus

228 1464 277 1511 et
322 1463 375 1510 in
429 1464 651 1511 oratione
704 1461 827 1527 πρὸς
885 1461 1150 1511 Θεοδόσιον
1203 1461 1313 1529 περὶ
1365 1469 1452 1527 τῆς
1506 1461 1727 1521 στάσεως.
1803 1462 1913 1526 Ego

227 1536 443 1584 codicem
482 1552 610 1584 anno
654 1537 796 1584 1880
835 1537 1114 1585 examinavi
1153 1538 1302 1598 atque
1343 1554 1367 1584 e
1406 1539 1546 1599 parte
1587 1536 1787 1585 contuli.

141 1617 224 1658 130
341 1611 422 1658 26.
478 1610 919 1658 Laurentianus
961 1609 1129 1659 Oonv.
1171 1625 1368 1673 suppr.
1410 1610 1545 1659 Bad.
1574 1612 1603 1658 9
1654 1603 1747 1675 (---
1780 1607 1912 1673 Bad)

226 1683 513 1732 chartaceus
545 1685 733 1732 formae
763 1687 966 1733 octavae
1005 1685 1199 1735 saeculo
1223 1684 1341 1731 XIV
1372 1685 1553 1732 litteris
1582 1685 1789 1732 minutis
1827 1683 1912 1732 sed

225 1758 347 1805 bene
388 1761 631 1820 exaratus,
678 1759 798 1807 olim
836 1759 1147 1807 Michaelis
1186 1758 1434 1806 Marulli
1472 1758 1912 1806 Tarchaniotae

227 1833 436 1880 testibus
473 1832 878 1894 inscriptionibus
917 1833 1029 1880 folii
1067 1833 1093 1880 I
1139 1829 1382 1881 ‘Arestidc
1418 1832 1531 1880 vodel
1569 1827 1914 1892 trachaynotti'

228 1907 277 1952 et
320 1906 431 1953 folii
473 1908 499 1953 1
550 1912 637 1954 τοῦ
681 1900 1105 1973 ταρχανειώτου,2)
1156 1906 1329 1954 deinde
1376 1906 1604 1954 abbatiae
1645 1906 1690 1954 S.
1723 1906 1913 1953 Mariae

207 1978 556 2040 -Florentinae,
593 1980 687 2029 hac
727 1996 854 2028 anno
890 1981 1030 2029 1808
1071 1995 1334 2043 suppressa
1363 1981 1628 2042 postquam
1659 1979 1916 2041 paulisper

229 2052 362 2114 apud
411 2053 645 2101 baronem
691 2053 751 2100 de
799 2053 1173 2102 Schellersheim
1227 2054 1324 2101 fuit
1338 2046 1403 2117 3)‚
1456 2054 1508 2100 in
1559 2053 1912 2100 bibliothecam

230 2125 615 2174 Laurentianam
658 2127 827 2175 illatus
867 2128 1087 2175 continet
1124 2129 1238 2189 post
1279 2125 1609 2190 Φιλοστράτου
1647 2124 1756 2190 περὶ
1788 2129 1910 2191 Ἀρι-

229 2199 420 2248 στείδου
458 2202 589 2247 inter
620 2200 910 2263 Ἀριστείδου
948 2198 1123 2265 λόγους
1163 2201 1435 2247 orationem

340 2274 425 2321 fol.
460 2275 772 2322 322V—327
822 2274 1101 2338 λιβανίου
1147 2272 1291 2339 πρὸς
1334 2271 1434 2321 τὸν
1482 2270 1662 2338 μέγαν
1700 2272 1910 2321 θεοδό-

349 2416 391 2471 1)
424 2413 539 2470 Opp.
564 2415 585 2458 I
615 2429 659 2470 p.
686 2418 762 2458 88:
805 2416 866 2458 In
896 2415 1043 2459 codice
1075 2414 1218 2471 Reyio
1249 2414 1544 2458 vetustissimo
1576 2419 1617 2457 et
1647 2428 1677 2457 α
1702 2419 1915 2469 praepete

227 2478 441 2517 notarum
471 2475 680 2518 ‘ministro
711 2479 912 2527 exarato,
955 2487 1042 2528 quo
1072 2475 1207 2517 unico
1235 2487 1391 2517 sumus
1422 2475 1507 2517 usi.
1569 2472 1755 2515 Bantius
1788 2486 1910 2515 com-

229 2534 369 2575 ment.
392 2532 629 2589 palaeogr.
655 2532 704 2575 in
730 2532 915 2589 Gregor.
944 2531 1042 2576 Cor.
1069 2532 1138 2575 ed.
1167 2531 1386 2575 Schaefer
1409 2547 1452 2588 p.
1467 2536 1549 2574 759
1569 2545 1657 2586 pro
1680 2536 1807 2584 certo,
1840 2530 1910 2572 in-

229 2591 353 2659 quit,
391 2605 486 2660 “non
522 2593 673 2636 dicam
704 2605 791 2647 quo
821 2605 1007 2635 numero
1045 2592 1182 2635 codex
1213 2606 1244 2634 a
1277 2592 1469 2636 Morello
1507 2596 1758 2646 usurpatus
1786 2603 1913 2633 nunc

227 2656 747 2767 mswsswgiirliwstagno
771 2722 796 2752 e
820 2708 972 2762 Festa,
996 2708 1155 2752 Indice
1180 2709 1256 2751 dei
1280 2708 1429 2751 codici
1454 2708 1579 2764 greci
1603 2706 1910 2774 Laurenziani

228 2780 320 2809 non
368 2767 595 2823 compresi
640 2768 717 2811 nel
765 2767 987 2824 Gatalogo
1036 2767 1112 2810 del
1158 2767 1358 2810 Bandini
1403 2767 1549 2823 (Stud.
1581 2765 1683 2809 Ital.
1718 2765 1765 2807 d1
1798 2764 1906 2809 filol.

229 2825 423 2986 ῗᾶῑεὲἰί
427 2840 503 2986 ἑὲ.
520 2831 782 2928 ¹1ii‘viten1
825 2884 940 2927 Mus.
974 2885 1074 2928 ital.
1108 2885 1156 2927 di
1197 2885 1368 2928 antich.
1403 2883 1579 2954 classi
1610 2898 1656 2939 p.
1681 2887 1720 2925 ρ.
1778 2882 1909 2926 Stud.

227 2957 243 2985 1
268 2955 295 2985 a
318 2979 325 2987 .
493 2958 559 2999 sq.
