2060 3162
216 138 324 190 304
705 136 932 180 LIBANII
964 136 1187 181 ORATIO
1218 137 1368 182 XVIII

215 282 443 343 κοσμεῖν
495 272 800 340 ἡγούμενος
853 272 919 325 οὐ
973 272 1073 326 τὸν
1127 273 1305 343 ἄνδρα
1356 280 1432 347 τῷ
1478 277 1644 347 τόπῳ,
1706 283 1780 348 τῷ
1836 273 1897 329 δὲ

217 362 378 431 ἀνδρὶ
424 362 523 413 τὸν
567 363 756 430 τόπον,
810 361 899 414 καὶ
947 360 1257 431 διαλεχθεὶς
1301 361 1363 416 ἐν
1407 364 1629 433 ἅπασιν,
1681 357 1796 427 οἷος
1843 364 1896 429 ἐξ

217 452 340 503 οἴου
395 447 466 502 δι’
500 447 715 504 ἐκεῖνον
767 449 1000 518 γένοιτο,
1054 458 1149 519 τῆς
1199 449 1377 515 δεξιᾶς
1426 450 1684 521 ἐχόμενος
1730 452 1898 522 ἀπηλ-

217 540 451 592 λάττετο.
528 540 585 591 τί
622 539 714 591 διὰ
751 539 964 613 τούτων
1001 547 1203 603 ποιῶν;
1258 539 1360 592 οὐκ
1409 540 1662 609 ἀμοιβάς,
1717 542 1790 605 ὡς
1828 543 1898 595 ἄν

171 651 192 683 5
216 647 298 690 τις
334 628 630 695 ὑπολάβοι,
681 629 858 696 μόνον
895 626 1125 680 ἐκτίνων
1169 635 1265 696 τῆς
1309 630 1579 698 παιδείας,
1631 629 1770 684 ἀλλὰ
1806 627 1897 684 καὶ

216 717 317 785 τὴν
370 723 650 786 πανταχοῦ
705 718 950 785 νεότητα,
1003 718 1312 786 προσθείην
1366 715 1415 769 δ’
1445 716 1515 771 ἂν
1567 719 1657 771 καὶ
1711 727 1898 788 γῆρας,

216 806 357 874 πρὸς.
391 806 647 858 παιδείαν
685 809 1032 875 παρακαλῶν,
1072 804 1188 858 ἐπεὶ
1223 806 1314 858 καὶ
1345 805 1597 877 γέροντες
1626 807 1728 876 ἤδη
1762 808 1899 877 πρὸς

217 897 487 963 μαθήσεις
540 893 894 963 ἐκινήθησαν.
970 902 1081 947 πᾶν
1135 895 1238 964 γὰρ
1291 894 1399 947 ὑπὸ
1453 904 1564 948 τῶν
1617 895 1900 965 ἀρχόντων

217 982 612 1052 ἀτιμαζόμενον
656 983 758 1052 μὲν
802 981 900 1051 ὑφ’
935 982 1192 1036 ἁπάντων
1243 983 1539 1052 ἀμελεῖται,
1593 985 1900 1054 τιμώμενον

153 1094 195 1128 10
220 1072 281 1124 δὲ
319 1071 576 1125 ἀσκεῖται.

333 1159 452 1213 157.
501 1158 555 1212 Ὁ
603 1157 663 1213 δὲ
712 1162 949 1230 νομίζων
999 1160 1211 1229 ἀδελφὰ
1261 1162 1460 1229 λόγους
1507 1180 1566 1214 τε
1612 1159 1703 1213 καὶ
1749 1166 1900 1215 θεῶν

221 1251 339 1319 ἱερὰ
388 1250 479 1302 καὶ
524 1250 584 1302 τὸ
631 1246 732 1318 μὲν
780 1249 918 1312 ὅλως
965 1248 1311 1319 ἀνῃρημένον
1362 1249 1526 1319 ὁρῶν,
1579 1257 1678 1302 τοῦ
1730 1246 1791 1303 δὲ
1840 1251 1900 1302 τὸ

217 1337 405 1407 πλέον,
459 1338 606 1400 ὅπως
657 1337 851 1400 τελέως
904 1336 994 1390 καὶ
1047 1339 1108 1390 τὸ
1159 1338 1371 1391 τούτων
1424 1336 1539 1407 ἔχοι
1592 1337 1682 1391 καὶ
1736 1339 1903 1391 πάλιν

219 1426 508 1496 ἐρασθεῖεν
558 1427 850 1496 ἄνθρωποι
897 1429 1094 1494 λόγων,
1141 1428 1392 1497 ἔπραττε,
1438 1434 1601 1480 τοῦτο
1648 1426 1749 1494 μὲν
1785 1435 1903 1489 ταῖς

155 1536 196 1569 15
219 1525 331 1569 τῶν
377 1514 753 1583 ἐπισταμένων
805 1524 1007 1583 τιμαῖς,
1060 1522 1223 1568 τοῦτο
1271 1512 1333 1568 δὲ
1377 1521 1452 1588 τῷ
1496 1517 1695 1585 λόγους
1741 1515 1903 1577 αὐτὸς

219 1613 412 1658 ποιεῖν.
489 1605 591 1657 δύο
653 1611 795 1672 γοῦν
856 1604 1029 1666 εὐθὺς
1088 1606 1210 1657 τότε
1272 1603 1493 1672 ἔδειξεν,
1554 1607 1719 1674 ἔργον
1778 1611 1904 1673 μιᾶς

132 1707 280 1750 11575
319 1692 543 1763 ἡμέρας,
594 1696 805 1761 μᾶλλον
851 1689 911 1746 δὲ
956 1693 1156 1755 νυκτὸς
1203 1691 1476 1762 ἑκάτερον,
1542 1693 1548 1761 Ι
1613 1689 1691 1746 ὧν
1736 1692 1764 1746 ὁ
1804 1692 1905 1760 μὲν

221 1780 484 1845 ἐπάταξεν
524 1782 828 1850 ἄνθρωπον
865 1783 1044 1834 νόθον
1072 1779 1457 1844 Ἀντισθένους
1505 1783 1742 1851 μιμητὴν
1780 1780 1904 1834 ἀλο-

223 1872 390 1942 γίστῳ
437 1871 637 1940 θράσει
683 1870 745 1922 τὸ
793 1878 1015 1939 πρᾶγμα
1062 1870 1401 1939 ὁριζόμενον,
1448 1870 1477 1924 ὁ
1527 1867 1587 1923 δὲ
1625 1870 1802 1923 πολλοί
1847 1888 1905 1921 τε

158 1981 201 2013 20
224 1959 315 2011 καὶ
354 1959 492 2011 καλὰ
531 1957 675 2024 λέγει
713 1959 837 2028 περὶ
876 1965 971 2026 τῆς
1010 1959 1209 2027 μητρὸς
1246 1967 1359 2011 τῶν
1395 1964 1561 2011 θεῶν.
1641 1957 1760 2010 158.
1810 1965 1905 2024 τῆς

223 2047 390 2115 αὐτῆς
437 2047 498 2099 δὲ
537 2047 783 2108 διανοίας
822 2045 913 2098 καὶ
951 2046 1013 2098 τὸ
1053 2047 1147 2108 τὰς
1185 2047 1371 2108 πόλεις
1421 2046 1530 2098 ὑπὸ
1570 2054 1684 2108 τοῖς
1723 2044 1906 2113 λέγειν

223 2133 600 2201 ἐπισταμένοις
645 2142 827 2187 ποιεῖν
872 2134 961 2186 καὶ
1007 2141 1213 2186 παῦσαι
1263 2137 1391 2196 τοὺς
1436 2135 1749 2203 βαρβάρους
1795 2143 1906 2187 τῶν

343 2344 368 2383 8
401 2338 518 2382 Plat.
544 2352 638 2394 rep.
656 2337 762 2381 VIII
792 2353 836 2393 p.
864 2341 947 2380 551
967 2337 1020 2380 A.
1055 2337 1111 2380 cf.
1137 2338 1170 2380 t.
1188 2337 1251 2380 III
1276 2341 1374 2392 440,
1394 2342 1419 2380 2
1437 2337 1478 2380 R
1615 2343 1666 2381 11
1702 2337 1759 2381 cf.
1784 2340 1816 2381 t.
1843 2338 1906 2381 III
1933 2377 1938 2381 ,

224 2403 325 2453 437,
345 2404 369 2442 2
387 2399 428 2442 R
561 2401 614 2440 15
648 2396 769 2441 Socr.
794 2396 857 2439 ΙΠ
882 2402 906 2439 2
938 2411 981 2452 p.
1012 2401 1094 2439 172
1111 2396 1151 2438 A
1285 2400 1336 2439 17
1370 2395 1451 2440 Iul.
1479 2410 1541 2441 or.
1560 2396 1645 2440 VH
1667 2412 1711 2453 p.
1739 2401 1824 2441 204
1838 2411 1903 2453 sq.

287 2463 340 2500 18
366 2456 633 2500 Heraclium
658 2455 714 2500 cf.
733 2469 796 2499 or.
811 2455 937 2499 XVH
960 2470 1003 2512 p.
1021 2460 1119 2510 213,
1140 2460 1241 2511 lsq.
1351 2459 1404 2498 19
1433 2455 1516 2498 Iul.
1543 2455 1658 2499 or.V
1675 2471 1718 2512 p.
1741 2459 1822 2499 158
1838 2469 1903 2511 sq.

347 2652 369 2690 1
396 2647 651 2704 ἡγούμενος
673 2649 703 2692 1
725 2647 805 2690 sed
827 2645 944 2703 ἡγου
968 2646 1016 2689 in
1041 2659 1115 2689 ras
1139 2646 1209 2689 m²
1330 2651 1354 2688 2
1381 2642 1479 2696 οἷός
1501 2643 1543 2689 τ’
1568 2645 1736 2689 GBMo
1746 2645 1907 2690 VLaP

287 2703 385 2756 οἶος
415 2706 463 2750 τὲ
487 2709 522 2750 I
575 2703 674 2756 οἷος
695 2721 743 2750 τε
766 2705 868 2748 Mor
988 2709 1013 2747 5
1046 2703 1189 2760 μόνον
1213 2706 1319 2761 post
1342 2704 1540 2763 ἀμοιβὰς
1563 2703 1757 2760 praebet
1779 2704 1846 2747 Re

229 2771 254 2808 6
287 2764 454 2809 νεόκτα
488 2767 571 2809 Mo
603 2766 683 2808 sed
714 2765 763 2808 in
794 2778 927 2820 marg
957 2762 1150 2820 νεότητα
1284 2769 1336 2807 13
1367 2764 1419 2807 τὸ
1452 2778 1527 2807 om
1554 2763 1592 2807 Ο
1617 2763 1718 2806 Mor
1741 2762 1863 2806 Fabr
1898 2763 1902 2820 1

228 2823 403 2867 τούτων
436 2824 481 2866 Β
513 2824 593 2867 sed
626 2826 789 2867 acutus
821 2825 869 2867 et
898 2839 991 2867 των
1022 2823 1071 2865 in
1094 2836 1168 2866 ras
1192 2823 1262 2866 m²
1436 2827 1490 2864 14
1522 2821 1741 2876 ἔπραττεν
1774 2823 1848 2865 La

232 2887 286 2984 lvi}
299 2883 465 2984 ἐύξὺς
494 2882 618 2925 inser
641 2883 698 2925 1²
725 2884 731 2941 Ι
758 2880 859 2927 τότε
884 2895 959 2925 om
982 2883 1017 2924 I
1038 2884 1043 2937 Ι
1072 2881 1206 2937 ἔργον
1238 2883 1273 2926 Ι
1296 2882 1376 2925 sed
1410 2897 1464 2924 ov
1495 2881 1545 2923 in
1567 2893 1642 2924 ras
1666 2880 1736 2923 m³
1797 2880 1906 2936 ἔργα

339 2954 365 2983 a
399 2956 422 2984 1·
