2060 3162
648 133 874 177 LIBANII
906 132 1130 178 ORATIO
1163 133 1247 177 XV
1698 135 1802 187 153

118 280 212 340 τῆς
259 269 319 323 ἐν
365 277 478 332 τοῖς
528 267 708 322 ἕλεσιν
759 268 1079 339 ἐλευθερίας
1130 268 1450 338 ἀνθρώποις
1497 270 1806 340 ὑποχείριοι

120 359 402 428 γένωνται.
481 357 564 410 81.
616 358 714 410 τὸν
752 354 851 426 μὲν
891 358 958 426 δὴ
1010 358 1180 411 ἄλλον
1227 360 1430 428 χρόνον
1475 357 1564 412 ἐπὶ
1605 367 1700 428 γῆς
1739 354 1808 426 ἦν

122 449 225 502 οὐκ
264 448 554 518 ἐπιχειρῶν
592 451 865 517 αἴρεσθαι.
942 448 1155 499 θυσίαν
1195 446 1258 500 δέ
1294 467 1418 500 τινα
1457 446 1807 517 ποιουμένων

119 537 325 607 ἑβδόμῃ
367 533 661 602 ἱσταμένου
702 535 775 598 ὡς
820 538 1107 605 προσῆλθε
1146 542 1213 607 τςῖ
1263 536 1389 608 ἱερῷ
1431 537 1491 589 τὸ
1533 543 1669 606 πῦρ,
1717 536 1809 606 ὁρ-

117 628 289 696 μήσας
338 624 366 678 ὁ
413 624 614 686 κύκνος
660 624 798 694 πρὸς
850 624 948 676 τὸν
1002 622 1136 694 ἀέρα
1188 622 1308 694 τρὶς
1361 625 1460 677 τὸν
1514 625 1657 677 νεὼν
1706 623 1798 677 ὑπ’
1853 646 1874 678 5

120 715 256 767 αὐτὰ
294 714 361 765 τὰ
401 721 558 781 γεῖσα
597 718 672 785 τῷ
704 718 884 785 πτερῷ
918 713 1290 782 περιδραμὼν,
1330 710 1513 785 ἔπειτα
1553 732 1808 783 μετεωρι-

119 804 338 871 ζόμενος
379 800 586 870 ἀναβὰς
626 800 839 870 ἀφῆκεν
879 800 1049 854 αὑτὸν
1087 802 1226 871 πρὸς
1264 802 1365 870 τὴν
1412 800 1497 854 ἕω.
1575 801 1664 854 καὶ
1713 802 1808 855 αὐ-

117 892 237 943 τίκα
277 891 382 958 βοή
421 890 550 957 <τε>
594 885 664 957 ἧν
703 891 1024 959 χαιρόντων,
1066 887 1459 959 ἐξαλλομένων,
1506 891 1809 958 κυβιστῶν-

117 999 227 1031 των
272 981 456 1049 μνήμῃ
508 986 603 1047 τῆς
652 977 752 1031 τοῦ
792 979 932 1041 Διὸς
982 981 1308 1047 μεταβολῆς,
1362 979 1432 1047 ἣν
1484 980 1560 1042 εἰς
1608 986 1809 1032 τοῦτον

120 1069 216 1120 τὸν
271 1069 433 1137 ὄρνιν
482 1068 819 1136 μεταστήσας
866 1065 1064 1120 ἑαυτὸν
1109 1068 1210 1135 τὴν
1259 1065 1486 1136 Ἑλένην
1539 1069 1807 1139 ἔσπειρεν,
1833 1090 1877 1122 ιο

118 1157 295 1210 ἐδόκει
333 1176 390 1210 τε
421 1164 592 1210 πᾶσιν
624 1155 942 1225 ἐπείγεσθαι
976 1155 1389 1226 συνεξαιρήσων
1420 1157 1480 1209 τὸ
1514 1159 1806 1228 Περσικόν.

118 1246 200 1298 82.
249 1240 412 1308 οὗτος
450 1244 562 1313 μετ’
596 1244 727 1312 ἐμοῦ
776 1253 884 1298 νῦν
923 1245 1178 1316 ἀγορεύει
1223 1248 1564 1314 βουλόμενος
1603 1254 1667 1317 τῇ
1707 1246 1809 1315 μὲν

115 1336 273 1387 πόλει
312 1333 575 1402 γενέσθαι
615 1334 931 1403 διαλλαγάς,
983 1333 1102 1403 ἐμοὶ
1143 1331 1204 1387 δὲ
1242 1336 1343 1403 τὴν
1382 1333 1442 1388 ἐκ
1480 1342 1580 1388 τοῦ
1621 1336 1808 1388 δοκεῖν

115 1421 428 1476 πεπεικέναι
477 1423 656 1487 δόξαν.
734 1424 806 1493 μὴ
852 1425 1047 1476 τοίνυν
1095 1422 1359 1494 ἀτιμάσῃς
1403 1421 1542 1492 μηδὲ
1589 1422 1808 1494 ἐλέγξῃς

117 1511 321 1582 ῥήτορα
359 1514 526 1584 ψήφῳ
567 1519 635 1581 σῇ
673 1510 1096 1579 κεκοσμημένον.
1173 1509 1380 1574 ἔδωκας
1427 1514 1557 1574 τοὺς
1595 1515 1807 1582 πυροὺς
1831 1533 1875 1565 15

118 1599 251 1668 ἐμοῦ
292 1598 613 1668 δεηθέντος,
653 1603 826 1652 λῦσον
864 1601 965 1668 τὴν
1004 1599 1179 1670 ὀργὴν
1218 1599 1351 1668 ἐμοῦ
1393 1599 1674 1669 δεομένου.
1734 1602 1806 1670 μὴ

117 1689 288 1758 κάμῃς
349 1689 639 1757 σεμνύνων
700 1689 1005 1758 ἄνθρωπον
1068 1687 1477 1758 ἐκκρουσθέντα
1544 1690 1808 1752 πολλάκις

118 1776 301 1829 ὕπνου
350 1784 467 1839 ταῖς
505 1777 630 1846 περὶ
670 1783 773 1829 σοῦ
813 1780 1072 1846 φροντίσι
1118 1775 1240 1846 μηδ’
1276 1776 1598 1848 ἀποπέμψῃς
1636 1779 1806 1848 ἄπρα-

119 1885 250 1917 κτον
312 1865 389 1927 εἰς
442 1866 542 1934 τὴν
606 1864 612 1933 Ι
677 1865 913 1934 πατρίδα
973 1866 1274 1934 κύπτοντα,
1337 1865 1703 1936 ἐρυθριῶντα,
1742 1880 1893 1923 R482

119 1952 609 2022 ἐγκεκαλυμμένον,
656 1954 1061 2023 αἰσχυνόμενον
1105 1951 1206 2021 μὲν
1244 1963 1356 2007 τῶν
1393 1957 1636 2008 πολιτῶν
1674 1958 1805 2018 τοὺς
1828 1977 1870 2009 20

118 2044 420 2110 παρόντας,
484 2043 886 2111 αἰσχυνόμενον
941 2043 1000 2096 δὲ
1062 2045 1191 2106 τοὺς
1246 2043 1497 2106 ἀπόντας.
1576 2044 1660 2097 83.
1724 2037 1806 2107 οἷς

240 2266 294 2305 15
331 2275 399 2318 ep.
429 2266 512 2304 736

239 2474 263 2512 2
296 2469 376 2514 τὸν
408 2469 491 2525 μὲν
525 2465 607 2512 οὖν
642 2467 845 2512 Sintenis
967 2473 993 2511 3
1026 2470 1110 2513 οὐκ
1143 2483 1217 2513 om
1242 2469 1353 2513 Fen·
1375 2470 1477 2514 Mor
1538 2468 1672 2524 „01'26'
1709 2486 1803 2514 mct-

122 2530 226 2572 lim“
257 2528 326 2571 Re
445 2533 473 2570 4
506 2525 771 2586 ἱσταμένου]
804 2529 1009 2582 „videtur
1039 2542 1201 2573 nomen
1231 2531 1396 2574 mensis
1426 2529 1705 2573 desiderari“
1737 2529 1806 2572 Re

181 2592 205 2630 5
240 2587 355 2631 ναὸν
383 2587 425 2632 V
540 2591 564 2630 6
597 2586 654 2630 τὰ
686 2587 719 2630 Ι
746 2587 826 2629 sed
854 2585 884 2629 ὰ
915 2586 963 2629 in
988 2600 1063 2630 ras
1096 2586 1165 2630 m²
1193 2591 1197 2642 ξ
1226 2594 1382 2644 γεῖσσα
1414 2588 1500 2633 VB
1528 2588 1533 2646 Ι
1561 2588 1622 2632 τὼ
1654 2588 1804 2643 πτερὼ

132 2647 172 2689 V
340 2650 362 2688 7
396 2645 540 2690 αὑτὸν
571 2646 606 2688 Ι
631 2645 712 2688 sed
740 2643 750 2659 ‘
790 2659 845 2689 ex
872 2643 884 2658 '
923 2659 1023 2690 corr
1045 2646 1115 2689 m⁸
1287 2651 1313 2690 8
1346 2646 1464 2706 <τε>
1495 2647 1668 2691 inserui
1700 2661 1805 2691 cum

124 2704 299 2748 Sinteni
428 2708 452 2746 9
487 2702 539 2748 ὃν
574 2704 617 2748 V
687 2697 751 2760 ἦῖ)
890 2708 943 2747 10
976 2703 1159 2762 ἑλλένην
1191 2707 1223 2748 Ι
1250 2706 1331 2749 sed
1361 2709 1385 2749 λ
1417 2706 1671 2750 secundum
1702 2719 1804 2749 eras

181 2762 226 2807 ἑλ
317 2780 342 2807 ν
390 2777 494 2807 cum
525 2776 600 2806 ras
632 2768 658 2806 4
690 2750 770 2806 litt
803 2763 847 2808 U
987 2768 1039 2807 12
1073 2763 1348 2822 βουλόμενος
1378 2765 1414 2807 Ι
1439 2765 1520 2809 sed
1550 2764 1673 2808 inter
1703 2767 1726 2807 λ
1758 2766 1806 2808 et

124 2837 147 2863 ο
178 2834 252 2865 ras
285 2827 309 2865 2
341 2821 421 2865 litt
572 2826 625 2864 13
674 2821 724 2865 ἐκ
757 2836 830 2865 om
865 2823 925 2866 M
1074 2828 1127 2866 14
1175 2820 1278 2879 μήτ’
1322 2824 1390 2867 Re
1543 2827 1596 2867 18
1645 2822 1693 2867 σὲ
1735 2823 1803 2866 Re

122 2892 363 2936 perperam
394 2881 442 2923 in
468 2880 511 2923 A
544 2879 638 2936 legi
671 2893 877 2923 asserens
1022 2886 1077 2924 20
1109 2880 1445 2939 αἰσχυνόμενον
1477 2881 1560 2938 μὲν
1591 2882 1640 2925 in
1671 2895 1804 2936 marg

122 2936 181 2980 1²
221 2943 227 2993 1
268 2947 359 2984 τῶν
390 2941 587 2983 πολιτῶν
619 2939 667 2980 in
699 2952 773 2982 ras
806 2939 863 2982 1²
