2060 3162
666 139 894 183 LIBANII
925 138 1148 182 ORATIO
1180 138 1328 183 XVIII
1524 101 1527 109 ¹
1740 138 1848 190 343

174 276 450 344 Τειρεσίας
511 272 631 326 οὐδ’
678 275 844 336 ἄλλος
905 272 1089 337 οὐδεὶς
1144 283 1255 327 τῶν
1315 275 1578 343 μάντεων.
1662 274 1850 341 λαβὼν

165 364 272 432 γὰρ
319 363 692 431 αἰχμαλώτους
737 371 848 415 τῶν
894 363 1066 416 αὐτοῦ
1111 381 1219 415 που
1258 366 1494 431 πλησίον
1544 363 1850 416 οἰκούντων

167 450 336 520 ἐζήτει
398 451 643 521 διώρυχα
704 454 1046 520 ναυσίπορον
1106 452 1197 504 καὶ
1250 452 1456 520 ταύτην
1510 450 1569 504 ἐκ
1621 453 1849 520 βίβλων,

168 542 332 610 ἔργον
368 536 469 606 μὲν
507 543 742 593 παλαιοῦ
783 539 1066 609 βασιλέως,
1106 542 1354 608 ἄγουσαν
1393 538 1455 594 δὲ
1492 541 1591 593 τὸν
1621 541 1850 610 Εὐφρά-

167 647 267 696 την
319 626 407 680 ἐπὶ
460 628 560 681 τὸν
618 630 855 699 Τίγρητα
907 637 1031 682 ταῖν
1085 629 1248 681 δυοῖν
1309 628 1561 699 ἀνωτέρω
1621 631 1849 701 πόλεων.
1898 649 1917 680 5

166 715 289 784 246.
327 725 439 768 τῶν
478 713 540 769 δὲ
578 718 935 786 αἰχμαλώτων
972 724 1072 770 τοῦ
1111 714 1212 784 μὲν
1249 725 1345 785 τῆς
1383 719 1638 786 νεότητος
1685 714 1851 770 οὐδὲν

166 803 539 873 ἐπισταμένης,
579 813 678 859 τοῦ
712 804 761 858 δ’
793 805 854 859 ἐν
885 809 1027 878 γήρᾳ
1057 807 1236 859 πάντα
1273 804 1367 859 ὑπ’*
1397 806 1638 875 ἀνάγκης
1672 807 1852 859 εἰπόν-

164 912 274 961 τος,
312 891 403 946 καὶ
443 895 546 964 γὰρ
587 893 730 965 ἑώρα
767 896 867 949 τὸν
897 893 1124 964 βασιλέα
1161 893 1287 964 περὶ
1322 903 1434 948 τῶν
1464 897 1647 948 τόπων
1679 895 1853 957 οὕτως

164 981 404 1052 ἀκριβῶς
447 991 564 1046 τοῖς
613 985 797 1051 λόγοις
842 985 1128 1054 χρώμενον
1179 985 1359 1053 ὥσπερ
1411 985 1535 1037 τινὰ
1580 993 1692 1037 τῶν
1739 983 1852 1036 ε’πι-

166 1073 400 1140 χωρίων,
440 1072 615 1135 οὕτως
654 1072 715 1126 ἐν
745 1081 860 1136 τοῖς
895 1074 1210 1144 γράμμασιν
1241 1073 1395 1126 ἀπὼν
1428 1071 1654 1143 ἑωράκει
1684 1074 1852 1126 πάλαι
1879 1095 1921 1125 10

166 1160 267 1228 τὴν
312 1161 514 1230 χώραν,
569 1162 760 1231 φράζει
805 1163 1000 1215 τοίνυν
1048 1162 1076 1216 ὁ
1130 1163 1463 1232 πρεσβύτης,
1519 1157 1586 1215 οὗ
1637 1161 1698 1215 τέ
1741 1161 1869 1216 ἐστι,

165 1246 258 1300 καὶ
313 1249 386 1311 ὡς
446 1249 714 1303 κέκλειται
767 1251 858 1304 καὶ
913 1252 985 1313 ὡς
1040 1250 1425 1320 ἀναχωσθεῖσα
1479 1252 1539 1304 τὸ
1600 1252 1738 1319 πρὸς
1787 1257 1861 1322 τῷ

167 1339 394 1405 στόματι
427 1340 718 1408 σπείροιτο.
795 1340 918 1392 247.
958 1341 1258 1402 νεύσαντος
1299 1337 1359 1392 δὲ
1390 1347 1489 1393 τοῦ
1521 1347 1857 1410 κρατοῦντος

167 1427 314 1479 ἅπαν
359 1428 420 1480 τὸ
468 1428 693 1496 κώλυμα
740 1427 964 1499 ἐξῄρητο
1031 1427 1037 1499 Ι
1101 1427 1192 1481 καὶ
1238 1437 1359 1482 τοῖν
1402 1429 1658 1498 ῥείθροιν
1695 1429 1756 1481 τὸ
1796 1441 1944 1486 R605

167 1514 269 1583 μὲν
309 1513 475 1585 ξηρὸν
515 1513 737 1586 ἑωρᾶτο,
776 1518 837 1569 τὸ
879 1514 939 1569 δὲ
977 1512 1111 1585 ἦγεν
1149 1516 1236 1570 ε’πὶ
1275 1518 1373 1570 τὸν
1416 1519 1654 1588 Τίγρητα
1691 1521 1856 1572 πλοῖα
1881 1539 1922 1573 15

167 1603 554 1671 παραπλέοντα
583 1611 659 1676 τῷ
691 1612 915 1677 στρατῷ,
945 1605 1036 1658 καὶ
1060 1614 1176 1669 τοῖς
1207 1605 1268 1659 ἐν
1291 1615 1409 1669 ταῖς
1438 1608 1629 1659 πόλεσι
1659 1609 1857 1674 μείζων

169 1690 423 1744 ἐπελθὼν
462 1693 490 1746 ὁ
539 1696 738 1764 Τίγρης
777 1694 870 1748 ἅτε
908 1695 1240 1765 προσλαβὼν
1278 1695 1376 1747 τὸν
1411 1695 1716 1764 Εὐφράτην
1755 1697 1857 1763 φό-

291 1813 315 1851 3
355 1809 504 1851 Amm.
531 1809 680 1853 XXIV
705 1815 745 1864 6,
765 1814 803 1853 1.
867 1810 965 1854 Zos.
998 1809 1061 1853 III
1086 1814 1154 1853 24.
1217 1810 1376 1867 Polyb.
1396 1811 1438 1854 V
1463 1815 1532 1864 51,
1553 1816 1578 1854 6
1612 1811 1745 1867 (πρὸς
1775 1811 1857 1867 τὴν

170 1867 413 1924 βασιλικὴν
438 1868 673 1927 διώρυχα).
706 1869 1002 1913 Plin.n.h.VI
1020 1874 1116 1913 120.
1150 1869 1256 1914 Her.
1271 1870 1292 1913 I
1308 1874 1442 1925 193‚2
1462 1870 1522 1927 (N
1524 1869 1855 1926 aharmalcha).

290 1976 314 2013 3
360 1972 606 2029 διωρυχὴ
646 1972 726 2016 καὶ
765 1973 1009 2031 διωρυγὴ
1051 1973 1127 2018 ἐπὶ
1157 1971 1323 2030 τοίχων
1362 1975 1443 2017 καὶ
1473 1972 1696 2031 χωμάτων
1730 1973 1798 2018 Β2

173 2035 227 2073 12
260 2029 543 2074 κέκλειται
577 2032 681 2075 ἀντὶ
710 2038 791 2076 τοῦ
824 2031 1164 2086 κέκλεισται,
1198 2033 1347 2077 ἐκεῖνο
1380 2032 1468 2089 γὰρ
1501 2031 1696 2090 δόκιμον
1722 2034 1784 2078 V‘

293 2140 314 2178 1
349 2135 433 2178 οὐκ
460 2136 504 2179 V
646 2139 672 2178 3
711 2134 998 2191 ναυσιπόρον
1025 2136 1260 2180 GBMoM
1296 2137 1304 2194 Ι
1345 2138 1452 2193 post
1482 2133 1653 2195 βίβλων
1685 2136 1859 2180 excidit

170 2193 485 2250 participium,
518 2194 656 2249 quale
689 2194 821 2245 εἰδώς
843 2195 945 2252 (Re)
978 2194 1050 2238 vel
1082 2194 1383 2251 ἐπιστάμενος
1473 2200 1499 2238 4
1531 2197 1639 2252 post
1669 2196 1752 2252 μὲν
1782 2209 1858 2238 ras

173 2252 294 2296 alitt
315 2254 357 2307 I,
390 2250 475 2298 οὖν
499 2253 610 2296 ΒΜ
633 2255 639 2309 Ι
668 2252 888 2311 βασιλέως
918 2250 1065 2298 οὖσαν
1089 2254 1194 2297 coni
1222 2254 1289 2298 Re
1317 2257 1323 2312 Ι
1352 2253 1404 2300 δὲ
1428 2268 1503 2298 om
1526 2256 1603 2299 La
1716 2259 1741 2298 5
1773 2253 1859 2298 πό-

171 2315 285 2371 λεῳν
317 2314 363 2356 Ρ
393 2312 474 2356 sed
506 2329 522 2355 ι
554 2313 725 2356 subscr.
759 2313 828 2356 m³
894 2312 1073 2358 πόλεων
1099 2314 1269 2358 BMoI
1274 2314 1318 2358 U
1343 2313 1434 2357 edd
1506 2312 1694 2358 πολέσιν
1725 2315 1800 2358 La

173 2375 198 2414 6
223 2370 373 2430 (ἐπὶ)
389 2378 469 2428 τῆς
494 2371 598 2415 coni
615 2371 772 2415 Gasda
831 2373 962 2429 τῆςΙ
979 2372 1061 2416 sed
1088 2378 1113 2428 ῆ
1137 2373 1278 2416 intas
1303 2373 1373 2416 m³
1429 2388 1541 2416 num
1566 2373 1616 2417 ἐκ
1640 2372 1714 2416 vel
1736 2373 1859 2416 ὑπὸὶ)

234 2434 258 2472 7
291 2429 596 2487 ἐπισταμένης
624 2431 660 2473 Ι
691 2431 773 2475 sed
811 2448 866 2488 ης
904 2431 953 2475 in
988 2445 1063 2475 ras
1094 2430 1165 2475 m'
1226 2430 1530 2488 ἐπισταμένου
1565 2433 1608 2476 V
1632 2430 1860 2488 probante

173 2487 344 2543 Gasda,
406 2489 604 2532 fortasse
640 2491 766 2534 recte
886 2493 913 2533 8
946 2489 1090 2542 οὕτως
1122 2492 1152 2534 I
1180 2491 1262 2535 sed.
1302 2504 1357 2534 ex
1389 2487 1524 2541 οὗτος
1556 2504 1656 2534 corr
1687 2490 1769 2545 m²‚
1804 2492 1866 2535 M

175 2548 256 2591 sed
289 2549 452 2591 acutus
486 2550 533 2591 ess
564 2565 624 2598 ως
654 2548 704 2591 in
734 2562 810 2592 ras
842 2548 911 2592 m²
1055 2554 1109 2592 10
1142 2549 1262 2605 ἑώρα
1295 2550 1374 2594 καὶ
1400 2550 1444 2593 V
1581 2555 1632 2593 11
1666 2550 1860 2608 πρεσβύ-

173 2623 303 2662 τερος
332 2607 400 2651 Re
538 2611 591 2649 12
624 2605 850 2651 κέκλειται
882 2621 906 2651 e
938 2607 1152 2665 κέκληται
1184 2623 1285 2653 corr
1319 2608 1488 2653 VP³I²
1548 2607 1804 2653 κέκλεισται
1836 2622 1860 2652 e

172 2664 388 2722 κέκληται
421 2680 522 2710 corr
556 2665 615 2711 Gr
702 2665 916 2723 κέκληται
950 2669 1035 2712 ΜΟ
1125 2667 1378 2712 κέκλεισται
1410 2668 1588 2712 BLaU
1614 2669 1661 2711 et
1702 2669 1860 2724 (supra

173 2723 406 2782 κέκληται)
440 2725 501 2768 M
510 2724 527 2750 ²
558 2724 660 2768 Mor
689 2725 757 2768 Re
819 2739 893 2769 om
925 2725 1047 2770 Fabr
1085 2729 1091 2783 Ι
1135 2727 1215 2770 καὶ
1253 2727 1314 2777 ὡς
1352 2741 1426 2770 om
1466 2726 1588 2770 Fabi·
1630 2731 1635 2781 1
1678 2727 1859 2800 ἀναχω-

176 2830 342 2871 σθεῖσα
374 2828 420 2871 Ρ
449 2828 530 2872 sed
563 2830 697 2871 σθεῖσ
727 2828 776 2870 in
806 2841 883 2871 ras
915 2829 984 2872 m³
1025 2831 1031 2887 Ι
1074 2829 1125 2873 τὸ
1158 2831 1193 2873 Ι
1217 2830 1297 2872 sed
1330 2829 1354 2873 ὸ
1387 2830 1435 2871 in
1467 2833 1540 2872 ra‘s
1574 2829 1642 2872 111²
1709 2802 1771 2888 τὲῑ
1806 2831 1866 2873 Μ

176 2886 212 2940 <”
230 2886 280 2928 in
294 2888 386 2941 ras)
431 2886 490 2930 τὰ
509 2887 552 2930 V
638 2891 690 2930 15
714 2889 855 2930 πλοῖα
872 2888 1018 2932 πολλὰ
1034 2886 1362 2943 παραπλέοντα
1380 2889 1453 2932 La
1541 2894 1593 2932 16
1620 2893 1769 2944 μεῖζον
1788 2889 1862 2931 La

239 2948 291 2986 17
324 2946 606 3003 παραλαβὼν
630 2946 698 2988 Re
