2060 3162
722 121 950 165 LIBANH
981 120 1205 166 ORATIO
1237 121 1386 165 XVIII
1768 121 1876 174 305

123 317 127 321 ,
192 261 380 315 ἐθνῶν
417 260 770 328 κυβερνήτας,
811 260 865 311 οἲ
902 258 1210 327 γράφοντες
1247 255 1350 327 μὲν
1389 259 1495 311 σὺν
1532 258 1700 327 τάχει,
1739 265 1880 310 νοῦν

195 350 258 403 δὲ
303 349 405 402 οὐκ
451 349 664 416 ἔχοντες
710 346 1013 417 ἀνέτρεπον
1058 347 1125 399 τὰ
1171 347 1367 416 σκάφη.
1444 346 1473 399 6
1513 347 1575 400 δὲ
1620 348 1748 409 τοὺς
1787 365 1879 399 πε-

194 435 583 506 πληρωμένους
629 445 873 504 ποιητῶν
918 455 975 488 τε
1021 436 1111 488 καὶ
1158 439 1470 503 λογοποιῶν
1513 436 1604 488 καὶ
1642 434 1770 505 παρ’
1802 431 1882 488 ὧν

195 523 265 594 ἦν
302 525 523 593 εἰδέναι,
561 526 642 587 τίς
682 526 946 595 ἄρχοντος
978 524 1159 593 ἀρετή,
1197 526 1427 587 τούτους
1458 523 1881 592 παρεωσμένους

195 616 345 685 ὁρῶν
383 615 550 667 ἔδωκε
588 623 702 676 τοῖς
742 615 946 667 ἔθνεσι.
1027 613 1148 666 159.
1186 621 1486 683 τοιγαροῦν
1525 613 1747 676 ἕκαστος
1787 613 1883 666 αὐ-
1931 636 1950 667 5

196 706 296 758 τὸν
334 702 422 756 ἐπὶ
463 705 675 772 Συρίας
716 702 1019 755 ἐλαύνοντα
1055 704 1201 773 λόγῳ
1235 700 1364 771 περὶ>
1399 705 1528 765 τοὺς
1568 702 1732 772 ὅρους
1771 701 1885 755 ἐδέ-
1955 703 1957 706 ⁴

196 813 345 863 χετο,
394 793 552 862 δώρῳ
600 794 743 844 πολὺ
791 793 1034 858 βελτίονι
1081 800 1233 844 συῶν
1282 810 1340 843 τε
1378 790 1468 843 καὶ
1508 790 1759 859 ὀρνίθων
1796 791 1887 843 καὶ

198 882 435 950 ἐλάφων,
476 880 510 933 ἃ
563 888 689 950 σιγῇ
739 889 854 943 τοῖς
897 882 1221 948 βασιλεῦσιν
1258 881 1438 948 ἤγετο,
1491 882 1611 932 τότε
1658 877 1718 932 δὲ
1764 878 1887 953 ἀντὶ

196 972 410 1023 τούτων
471 970 523 1022 οὶ
583 971 753 1037 λόγοι.
828 970 920 1022 καὶ
982 968 1295 1037 διεδέχοντο
1357 969 1458 1036 τὴν
1517 969 1888 1037 παραπομπὴν

186 1060 457 1128 ,ἄρχοντες
495 1059 734 1129 ῥήτορες.
790 1054 869 1111 ὧν
900 1057 929 1111 6
960 1066 1054 1126 τῆς
1086 1061 1357 1126 Κιλικίας,
1398 1057 1521 1125 ἐμὸς
1561 1054 1662 1126 μὲν
1701 1057 1887 1125 ὁμιλη-
1914 1081 1956 1112 ιο

198 1151 310 1217 τής,
350 1147 540 1219 ἐκείνω
580 1144 641 1200 δὲ
681 1149 961 1216 φίλτατος,
1000 1149 1260 1200 τεθυκότι
1304 1167 1361 1200 τε
1399 1145 1490 1199 καὶ
1529 1148 1890 1216 παρεστηκότι

199 1243 274 1309 τῷ
307 1239 471 1307 βωμῷ
509 1237 610 1289 τὸν
640 1234 870 1290 ἔπαινον
902 1237 1114 1304 διῆλθε.
1184 1235 1274 1288 καὶ
1309 1236 1474 1305 ἱδρὼς
1506 1234 1600 1306 ἀφ’
1632 1234 1888 1304 ἑκατέρου

199 1328 374 1388 πολὺς
420 1323 590 1395 ἔρρει,
643 1333 744 1378 τοῦ
790 1322 893 1395 μὲν
940 1325 968 1378 ὁ
1009 1332 1108 1377 τοῦ
1157 1324 1438 1393 λέγοντος,
1484 1333 1584 1377 τοῦ
1625 1325 1686 1378 δὲ
1724 1324 1752 1376 6
1791 1332 1890 1377 τοῦ

202 1415 301 1467 τὸν
339 1413 570 1481 λέγοντα
609 1420 925 1483 φιλοῦντος.

319 1502 438 1555 160.
468 1500 592 1555 Ἀπὸ
630 1503 845 1555 τούτων
867 1504 1040 1563 πολὺς
1072 1496 1239 1563 αὖθις
1272 1501 1301 1554 6
1336 1501 1538 1569 λειμὼν
1561 1510 1653 1570 τῆς
1679 1504 1890 1570 σοφίας.
1918 1524 1960 1556 15

202 1590 294 1644 καὶ
334 1592 389 1643 αἱ
429 1600 540 1643 τῶν
578 1600 752 1659 τιμῶν
791 1589 1006 1652 ἐλπίδες
1054 1588 1143 1642 ἐπὶ
1190 1591 1291 1657 τὴν
1337 1599 1449 1642 τῶν
1488 1592 1671 1658 λόγων
1708 1596 1893 1660 μεθει-

207 1682 479 1748 στήκεσαν
537 1686 748 1747 κτῆσιν,
809 1678 900 1731 καὶ
962 1687 1077 1741 τοῖς
1139 1687 1428 1748 σοφισταῖς
1488 1680 1554 1731 τὰ
1606 1680 1894 1749 πράγματα

206 1770 402 1835 βελτίω
442 1776 553 1819 τῶν
592 1767 694 1833 μὲν
732 1765 824 1819 ἀπ’
857 1767 1041 1819 αὐτῶν
1078 1774 1178 1819 τοῦ
1216 1767 1528 1835 μανθάνειν
1559 1766 1894 1837 ἀρχομένων,

207 1865 318 1908 τῶν
372 1853 430 1908 δὲ
485 1853 586 1919 ὀψὲ
639 1853 768 1925 παρ’
804 1855 1004 1918 αὐτοὺς
1057 1856 1524 1925 μεταχωρούντων
1576 1857 1843 1924 πώγωνας
1887 1859 1964 1919 hs

207 1943 380 1996 ἐκεῖσε
420 1946 708 2012 φερόντων
745 1943 835 2015 καὶ
874 1945 935 1997 τὸ
975 1953 1086 1996 τῶν
1126 1945 1414 1997 δακτύλων
1453 1946 1631 2014 ἔργον.
1703 1945 1796 1998 οὕ-
1836 1959 1876 2002 R
1900 1963 1987 2002 576

328 2154 353 2192 3
399 2149 518 2194 Plat.
551 2162 646 2206 rep.
678 2149 742 2192 ΠΙ
779 2164 824 2205 p.
858 2153 942 2192 392
969 2150 1021 2192 A.
1085 2150 1220 2193 Isocr.
1263 2163 1323 2193 or.
1351 2149 1392 2192 V
1436 2154 1461 2203 ξ
1496 2154 1578 2193 109
1618 2165 1662 2206 p.
1692 2155 1775 2193 104
1794 2150 1822 2192 b

214 2213 267 2251 10
299 2208 382 2264 Ep.
411 2213 495 2252 648
528 2207 723 2266 (Celsus)
846 2214 898 2252 11
933 2222 995 2252 or.
1021 2211 1053 2252 13.
1079 2209 1142 2251 ΠΙ
1174 2213 1274 2263 456,
1293 2214 1346 2252 21
1359 2223 1424 2264 sq.
1444 2208 1486 2251 R

333 2405 354 2442 1
390 2408 504 2445 νοῦν
534 2401 570 2444 Ι
594 2401 675 2444 sed
706 2417 761 2445 νο
793 2401 842 2444 in
867 2414 942 2444 ras
966 2401 1036 2443 m⁸
1156 2406 1181 2444 2
1215 2398 1263 2446 δ’
1291 2402 1359 2444 Re
1487 2406 1515 2443 4
1548 2397 1604 2457 ἧν
1637 2401 1761 2445 inser
1784 2401 1841 2443 I²

211 2473 287 2502 om
314 2461 375 2503 Μ
419 2461 425 2517 Ι
474 2458 864 2517 παρεωραμένους
897 2461 940 2504 V
1114 2466 1139 2503 5
1173 2460 1362 2505 ἔθνεσιν
1395 2461 1470 2504 La
1519 2460 1526 2518 Ι
1576 2460 1847 2504 αὐτῶνΒῘῘ

214 2523 240 2561 6
273 2516 437 2585 συρίαν
462 2520 495 2562 Ι
512 2518 614 2562 Mor
636 2519 706 2562 Re
828 2524 851 2562 7
883 2521 1034 2563 πολλῶ
1052 2520 1223 2564 BVLa
1338 2524 1391 2562 13
1426 2517 1534 2563 ὅτου
1559 2519 1632 2563 bis
1659 2520 1790 2564 VUP
1819 2519 1899 2562 sed

214 2576 264 2619 in
293 2576 382 2620 hoc
414 2578 462 2620 in
495 2577 519 2620 6
543 2585 634 2653 ,τοῦ
667 2591 769 2621 corr
789 2578 860 2621 m⁸
1027 2583 1080 2622 15
1114 2576 1395 2651 φιλοσοφίας
1428 2579 1471 2622 V
1615 2582 1668 2621 19
1702 2575 1750 2620 δ’
1779 2579 1898 2622 BLa

214 2635 283 2679 Re
317 2637 323 2692 Ι
356 2634 470 2691 παρ’
501 2637 671 2688 αὐτοὺς
700 2637 1086 2694 μεταχωροῦντων
1112 2639 1147 2681 Ι
1171 2634 1290 2681 sed’
1327 2637 1376 2679 in
1399 2649 1476 2680 ras
1508 2639 1555 2680 et
1587 2637 1758 2688 αὐτοὺς
1787 2652 1898 2693 μετα

217 2694 341 2738 inser
369 2694 439 2738 m²
513 2695 919 2753 παραχωρούντων
953 2698 1015 2740 Μ
1131 2701 1187 2739 20
1218 2697 1299 2740 καὶ
1330 2722 1384 2728 -
1419 2695 1553 2753 ἔργον
1587 2710 1662 2739 0111
1696 2696 1767 2754 Vl
1794 2698 1901 2752 post

217 2752 361 2805 οὕτως
403 2767 522 2809 quae
569 2756 826 2808 sequunbur
868 2768 1015 2811 usque
1059 2756 1118 2798 ad
1161 2756 1344 2804 τούτοις
1381 2762 1643 2809 κρατοῦσαν
1683 2769 1726 2810 p.
1754 2759 1854 2808 319,
1876 2759 1899 2796 2

218 2812 386 2856 desunt
430 2813 480 2855 in
524 2813 594 2856 ed.
633 2812 929 2868 Maeniana,
978 2814 1108 2857 cujus
1151 2814 1199 2856 in
1243 2813 1453 2868 margine
1499 2829 1543 2869 p.
1578 2818 1663 2856 300
1705 2813 1899 2870 legitur:

214 2867 360 2914 λείπει
392 2871 477 2915 οὐκ
511 2869 640 2928 ὀλίγα
673 2873 876 2926 ο13,,Ηιό
906 2873 1221 2917 desiderantum·
1253 2873 1475 2928 quaedam
1505 2873 1559 2916 ob
1595 2873 1760 2916 Graeci
1794 2872 1900 2915 God.

219 2927 502 2985 Lacunam“‚
531 2943 673 2986 quam
694 2930 913 2974 lacunam
935 2931 1111 2987 primus
1136 2931 1371 2987 supplevit
1395 2944 1421 2975 e
1438 2930 1611 2974 codicis
1627 2930 1902 2973 Barocciani

308 3010 504 3043 mems
531 3012 588 3043 ed.
610 3011 852 3044 Foorster.
899 3013 950 3045 H.
1145 3010 1150 3022 '
1583 3009 1636 3046 20
