2072 3162
950 789 1094 844 XIV.

291 944 462 994 Oratio
515 943 638 1010 πρὸς
685 939 958 994 Ἰουλιανὸν
1010 941 1132 1010 ὑπὲρ
1181 939 1569 1011 Ἀριστοφάνους
1625 944 1869 1005 inscripta

179 1021 269 1069 sub
293 1020 441 1068 finem
465 1021 582 1067 anni
608 1019 712 1067 362
747 1019 810 1067 ad
832 1019 1084 1067 Iulianum
1114 1020 1266 1067 missa
1277 1011 1318 1085 1)
1350 1034 1547 1080 unaque
1580 1034 1690 1066 cum
1719 1017 1867 1065 huius

178 1096 360 1143 litteris
413 1094 574 1142 laudis
629 1095 732 1141 eius
785 1093 944 1156 plenis
957 1086 998 1160 ²)
1050 1094 1105 1141 in
1157 1093 1411 1155 publicum
1465 1094 1641 1141 emissa
1689 1091 1868 1140 iisdem

180 1169 298 1217 fatis
322 1184 412 1217 usa
437 1170 512 1216 est
538 1167 714 1229 quibus
739 1168 898 1216 oratio
915 1167 1012 1215 XII
1034 1165 1105 1226 εἰς
1130 1160 1403 1215 Ἰουλιανὸν
1433 1165 1636 1215 ὕπατον.
1689 1165 1868 1228 Itaque

180 1243 369 1291 codices
417 1257 611 1304 quoque
650 1242 938 1303 superstites
983 1241 1134 1289 iidem
1179 1243 1295 1290 sunt
1333 1243 1534 1303 excepto
1582 1240 1713 1303 quod
1757 1241 1869 1288 loco

179 1317 421 1364 Marciani
459 1317 563 1364 422
600 1318 691 1374 (81)
741 1318 902 1364 exstat
947 1315 1097 1364 codex
1136 1315 1353 1363 eiusdem
1390 1315 1718 1364 bibliothecae
1757 1315 1867 1362 438

181 1393 272 1448 (66)
314 1392 364 1438 et
402 1390 589 1439 accedit
626 1390 959 1453 fragmentum
999 1389 1178 1438 codicis
1219 1387 1637 1453 Cantabrigiensis
1677 1390 1783 1448 (96).

292 1463 419 1511 Sunt
459 1465 624 1512 autem
663 1463 851 1512 codices
893 1465 984 1512 27:

295 1541 340 1586 1.
382 1536 699 1586 Chisianus
737 1537 878 1585 RVI
901 1539 970 1586 43
1017 1531 1111 1605 (=
1138 1531 1198 1603 C)
1233 1553 1356 1586 saec.
1388 1531 1587 1601 XIJXII
1624 1536 1709 1585 fol.
1746 1537 1868 1584 151.

179 1611 308 1659 Vide
346 1613 382 1659 t.
406 1611 431 1658 I
468 1629 516 1674 p.
553 1612 619 1658 10
638 1627 708 1674 sq.
787 1610 999 1659 Contuli.

295 1687 341 1733 2.
381 1685 754 1733 Monacensis
787 1701 865 1748 gr.
899 1686 1004 1734 483
1038 1685 1157 1732 olim
1187 1684 1510 1748 Augustanus
1535 1678 1629 1752 (=
1654 1677 1741 1752 A),
1782 1685 1871 1747 qui

180 1760 358 1822 incipit
389 1759 585 1807 demum
615 1758 778 1807 verbis
816 1757 869 1807 τὸ
908 1757 1117 1817 πολλοὺς
1150 1752 1220 1826 (p.
1247 1760 1332 1820 89,
1356 1751 1430 1825 4),
1470 1774 1593 1807 saec.
1617 1759 1663 1805 X
1692 1758 1805 1807 inde
1838 1774 1870 1807 a

180 1834 302 1882 folio
338 1834 421 1894 72,
461 1848 583 1881 saec.
616 1832 733 1880 XIV
771 1833 885 1881 inde
924 1848 954 1881 a
984 1833 1105 1880 folio
1140 1834 1207 1881 74
1249 1826 1318 1899 (p.
1347 1834 1431 1895 93,
1456 1826 1565 1900 20).
1622 1832 1750 1880 Vide
1780 1834 1816 1881 t.
1841 1832 1870 1880 Ι

180 1924 227 1970 p.
264 1908 330 1955 15
349 1923 421 1969 sq.
500 1906 711 1956 Contuli.

294 1982 340 2029 3.
379 1980 711 2029 Vaticanus
748 1980 1069 2029 Palatinus
1108 1996 1186 2044 gr.
1222 1981 1325 2028 282
1369 1974 1462 2048 (=
1494 1974 1559 2048 P)
1599 1996 1722 2030 saec.
1747 1981 1866 2028 XIV

181 2055 264 2104 fol.
301 2056 406 2103 53V.
483 2054 610 2102 Vide
647 2057 683 2102 t.
708 2054 733 2102 I
770 2071 817 2117 p.
853 2056 921 2103 20
935 2070 1006 2117 sq.
1085 2052 1299 2103 Contuli.

294 2131 341 2177 4.
394 2129 725 2177 Vaticanus
772 2145 850 2192 gr.
885 2130 953 2177 84
1010 2145 1138 2177 anno
1181 2129 1321 2176 1425
1374 2130 1585 2191 scriptus
1624 2130 1709 2177 fol.
1745 2130 1865 2178 169,

180 2203 307 2251 Vide
345 2205 380 2251 t.
404 2203 431 2250 Ι
466 2220 513 2265 p.
541 2204 646 2251 415
662 2219 731 2265 sq.

295 2278 339 2325 5.
394 2276 723 2325 Vaticanus
763 2293 840 2340 gr.
876 2278 979 2325 939
1022 2292 1143 2326 saec.
1176 2276 1270 2324 XV
1308 2277 1390 2325 fol.
1428 2278 1547 2325 154.
1616 2276 1743 2325 Vide
1780 2279 1815 2324 t.
1840 2277 1868 2324 Ι

179 2368 226 2413 p.
254 2352 323 2398 44
338 2367 408 2413 sq.

302 2493 343 2548 1)
390 2491 639 2535 Libanium
677 2491 831 2548 ipsum
874 2491 1027 2535 dicere
1058 2505 1214 2535 coram
1243 2491 1425 2536 Iuliano
1464 2490 1724 2535 orationem
1766 2504 1868 2535 esse

180 2550 394 2595 habitam
424 2564 668 2608 perperam
698 2550 916 2595 Reiskius
949 2564 974 2594 e
1003 2552 1036 2594 t.
1061 2550 1083 2594 I
1114 2566 1158 2607 p.
1179 2555 1277 2606 143,
1304 2556 1329 2594 2
1362 2550 1603 2594 conclusit.

301 2613 345 2667 2)
376 2610 462 2653 Est
490 2609 693 2666 epistula
727 2615 782 2654 74
813 2609 1033 2654 editionis
1060 2609 1425 2665 Hertleinianae‚
1457 2610 1539 2654 sed
1569 2610 1755 2667 integra
1786 2609 1866 2653 de-

182 2684 310 2713 mum
349 2669 476 2713 edita
515 2683 543 2712 a
581 2669 722 2713 Bidez
761 2671 809 2713 et
847 2667 1066 2724 Cumont,
1104 2669 1394 2713 Recherches
1439 2683 1516 2712 sur
1552 2668 1600 2712 la
1637 2668 1866 2713 tradition

181 2728 463 2772 manuscrite
510 2728 591 2772 des
635 2727 798 2772 lettres
844 2727 901 2771 de
946 2727 1221 2784 l'empereur
1256 2727 1433 2782 Julien,
1479 2727 1717 2771 Bruxelles
1751 2732 1865 2772 1898

182 2802 228 2843 p.
256 2792 352 2831 126.
414 2787 543 2831 Haec
574 2801 680 2831 cum
709 2800 929 2844 responso
953 2786 1140 2830 Libanii
1171 2788 1260 2844 (ep.
1287 2789 1392 2844 670)
1421 2788 1471 2830 in
1502 2786 1757 2843 archetypo
1789 2801 1864 2830 co-

185 2845 340 2892 dicum
367 2846 660 2901 quorundam
685 2845 898 2900 orationi,
929 2847 984 2889 ut
1005 2846 1082 2890 hic
1106 2846 1315 2890 voluerat
1346 2845 1392 2902 (1.
1417 2845 1447 2889 l.
1472 2845 1502 2902 ἡ
1534 2845 1616 2902 μὲν
1649 2843 1733 2890 οὖν
1766 2845 1864 2890 ἐπι-

186 2904 320 2960 στολή
349 2918 432 2949 σου
463 2903 784 2961 προσκείσεται
813 2908 877 2964 τῷ
900 2903 1050 2965 λόγῳ),
1082 2905 1301 2949 succedit.
1358 2904 1414 2948 cf.
1440 2907 1473 2948 t.
1491 2904 1512 2947 I
1541 2920 1587 2960 p.
1607 2909 1662 2948 28
1693 2920 1736 2948 n.
1766 2909 1788 2947 1
1816 2905 1865 2947 et

185 2961 388 3007 Athoum
417 2963 597 3008 Lam-ae
635 2964 697 3008 ib.
730 2979 774 3020 p.
801 2967 963 3019 323sq.

1540 3036 1596 3079 6*
