2060 3162
631 159 858 204 LIBANII
890 159 1113 204 ORATIO
1145 159 1294 204 XVIII
1706 161 1813 214 339

129 299 343 366 τείχους
382 295 575 364 ἥψατο,
615 298 710 348 καί
744 316 827 358 τις
866 294 1054 364 φέρων
1099 296 1160 348 τὸ
1201 294 1360 364 βέλος
1400 294 1461 348 ἐν
1498 302 1573 368 τῷ
1607 297 1814 365 σώματι

130 385 470 453 κατέπιπτεν,
509 381 695 437 ἔπειτα
733 385 952 456 γεφύρᾳ
998 385 1098 452 τὴν
1137 392 1311 453 νῆσον
1349 385 1486 454 πρὸς
1528 385 1629 453 τὴν
1666 387 1815 454 ἤπει-

132 495 233 543 ρον
288 481 559 542 συνῆψεν,
615 474 668 525 οὶ
724 469 783 525 δὲ
840 472 1189 542 ἐργαζόμενοι
1241 475 1496 542 φυλακὴν
1550 469 1700 543 εἶχον
1750 475 1817 526 τὰ

131 564 358 616 σκύτινα
396 570 507 615 τῶν
545 564 777 614 πλοίων·
821 563 1035 615 τούτων
1074 563 1177 631 γὰρ
1218 563 1283 614 τὰ
1323 562 1436 614 ἄνω
1476 562 1618 615 κάτω
1658 565 1815 631 ποιή-

129 666 318 713 σαντες
348 651 436 703 καὶ
470 651 665 713 δύντες
695 648 787 703 ὑπ’
814 651 1000 713 αὐτοῖς
1032 649 1121 703 καὶ
1153 651 1432 719 τοῦδαφος
1462 660 1573 704 τῶν
1603 654 1814 704 πλοίων
1897 684 1903 688 ·

127 738 242 793 ἀντ’
274 739 483 808 ὀροφῆς
529 738 886 809 πεποιημένοι
935 741 987 792 οἱ
1033 736 1135 808 μὲν
1182 744 1308 792 εἴσω
1356 749 1467 792 τῶν
1512 742 1712 809 τοίχων
1751 741 1812 792 τὸ

126 828 306 881 αὐτῶν
346 829 539 897 ἔδρων,
589 827 830 898 Πέρσαις
870 828 931 881 δὲ
969 823 1039 896 ἦν
1077 826 1168 880 καὶ
1206 835 1318 897 πῦρ
1365 827 1460 881 καὶ
1495 836 1606 881 πᾶν
1655 828 1816 896 βέλος

124 916 212 970 ἐπὶ
251 925 421 970 ταῦτα
459 917 706 986 μάταιον,
758 918 793 970 ἅ
830 937 893 985 γε
933 917 1035 970 οὐκ
1081 914 1151 986 ἧν
1198 916 1381 971 ἆκίσιν
1430 916 1694 986 [βαλεῖν],
1746 917 1814 969 οὐ

125 1008 421 1076 συντρίψαι
476 1007 683 1075 λίθοις,
746 1007 812 1059 οὐ
874 1014 1075 1059 καῦσαι
1129 1009 1313 1075 φλογί.
1399 1005 1521 1058 238.
1585 1005 1652 1058 οὐ
1705 1006 1816 1074 μὴν

122 1096 268 1165 παρὰ
306 1102 469 1148 τοῦτο
509 1094 909 1165 ἐθορυβοῦντο,
950 1094 1068 1148 ἀλλ’
1100 1096 1303 1157 εἰδότες
1341 1092 1443 1163 μὲν
1482 1095 1812 1164 ὀρύττοντας

123 1185 252 1246 τοὺς
298 1186 619 1252 πολεμιόυς,
674 1185 877 1247 εἰδότες
926 1181 986 1237 δὲ
1031 1192 1143 1238 πᾶν
1189 1183 1586 1253 τεχνωμένους,
1641 1184 1815 1236 νύκτα

122 1271 214 1325 καὶ
268 1271 474 1342 ἡμέραν
527 1271 822 1342 ἐκώμαζον,
884 1274 955 1336 ὡς
1010 1272 1080 1326 ἂν
1134 1272 1410 1343 ἀπέραντα
1471 1274 1810 1326 πονούντων.

125 1362 176 1412 οἱ
219 1361 280 1413 δὲ
317 1359 589 1414 ἐνέκει-ντό
635 1381 693 1415 τε
731 1361 822 1415 καὶ
862 1362 963 1415 οὐκ
1003 1360 1242 1430 ἔκαμνον
1289 1363 1380 1415 καὶ
1418 1363 1556 1432 πρὸς
1593 1364 1658 1415 τὰ
1699 1363 1812 1415 ἄνω

123 1457 429 1519 χωροῦντες
468 1450 799 1505 ὡδοποίουν.
875 1458 975 1503 τοῦ
1023 1451 1084 1504 δὲ
1130 1450 1503 1521 ὀρυττομένου
1550 1451 1610 1503 τὸ
1652 1446 1813 1521 εὖρος

124 1533 284 1607 εὖρος
322 1533 393 1606 ἦν
440 1537 763 1607 ἀνθρώπου,
810 1537 899 1591 καὶ
941 1539 970 1592 ὁ
1009 1548 1222 1609 πρῶτος
1266 1538 1710 1608 ἆναρριχώμενος
1749 1537 1810 1591 ἐν

123 1625 311 1693 μέσαις
349 1625 509 1690 νυξὶν
549 1629 624 1690 εἰς
662 1627 799 1695 μέσα
837 1629 1053 1697 πύργου
1093 1629 1244 1690 τινὸς
1283 1629 1481 1690 διαδὺς
1518 1625 1702 1696 ἔλαθε,
1741 1634 1816 1699 τῷ

243 1800 268 1837 2
302 1795 449 1838 Amm.
476 1795 623 1839 XXIV
648 1801 688 1850 4,
707 1800 732 1839 6
854 1802 881 1839 4
913 1797 1061 1839 Amm.
1086 1795 1235 1839 XXIV
1258 1800 1298 1850 3,
1316 1800 1382 1840 11.
1446 1795 1552 1839 Her.
1579 1795 1599 1838 I
1625 1799 1722 1849 194,
1744 1801 1766 1839 1

244 1955 296 1993 15
329 1957 508 2005 πρῶτος
539 1951 928 2009 ἀναρριχώμενος]
958 1952 1149 2006 πρώτως
1171 1949 1485 2008 δρασσόμενος
1509 1965 1736 2008 suprascr.
1764 1953 1812 1995 et

124 2009 492 2067 ἀναρριχᾶσθαι·
526 2010 577 2054 τὸ
609 2010 726 2065 πρὸς
750 2009 947 2061 ἄναντες
971 2009 1205 2069 ἐκβαίνειν
1237 2010 1331 2067 ἅμα
1363 2018 1465 2061 ταῖς
1495 2012 1650 2068 χερσὶν
1683 2011 1810 2054 ἀντι-

122 2068 474 2126 λαμβανόμενον
518 2070 598 2113 καὶ
630 2069 952 2127 στηριζόμενον
984 2070 1033 2114 in
1064 2084 1198 2128 marg
1227 2070 1350 2114 rubr.
1384 2072 1430 2115 B
1470 2069 1526 2113 cf.
1561 2069 1720 2114 Thom.
1747 2069 1808 2112 M.

122 2142 164 2183 p.
187 2131 255 2181 18,
276 2133 328 2171 11
356 2142 388 2171 s.
407 2143 445 2171 v.
481 2129 763 2187 ἀναριχᾶται

192 2334 202 2349 ³
240 2281 264 2319 2
298 2276 478 2332 γεφύρα
510 2278 556 2321 Ρ
586 2276 667 2320 sed
699 2292 757 2333 εφ
790 2277 839 2320 in
862 2291 938 2320 ras
962 2276 1032 2320 m²
1104 2276 1284 2335 γέφυρα
1309 2276 1376 2321 Re
1557 2281 1582 2320 3
1616 2274 1659 2322 δ’
1682 2277 1750 2320 Re

122 2383 147 2422 5
181 2350 257 2424 ἕπτ’
286 2380 331 2423 Β
453 2384 477 2422 6
510 2377 673 2438 τείχων
696 2381 732 2423 Ι
784 2387 947 2438 τειχῶν
971 2380 1039 2423 Re
1162 2384 1185 2422 7
1219 2381 1372 2424 αὐτῶν
1402 2379 1567 2436 scripsi
1591 2393 1696 2423 cum
1721 2380 1782 2422 M
1793 2379 1810 2404 ²

120 2439 201 2493 qui
241 2437 418 2497 βέλτιον
456 2439 508 2483 τὸ
549 2439 703 2483 αὐτῶν
735 2436 763 2494 ἢ
794 2439 846 2483 τὸ
887 2439 1001 2483 αὐτὸ
1033 2439 1082 2482 in
1113 2452 1247 2497 marg
1284 2439 1450 2493 habet,
1492 2440 1539 2482 et
1570 2439 1638 2483 Ro
1668 2438 1810 2481 Anim

180 2498 293 2542 αὐτὸ
324 2497 435 2541 libri
467 2498 558 2542 edd
679 2502 705 2541 8
772 2501 844 2542 ost
874 2493 932 2554 ἦν
966 2498 1142 2542 excidit
1171 2497 1364 2543 verbum
1396 2497 1535 2554 quale
1568 2500 1808 2553 διαπεῖραι

126 2565 129 2611 ‘1
166 2558 322 2615 βαλεῖν
362 2557 488 2612 quod
525 2558 633 2613 post
671 2558 826 2601 ἀκισιν
865 2557 990 2601 inser
1031 2558 1093 2602 01>
1110 2559 1172 2602 M
1181 2557 1198 2582 ²
1239 2558 1310 2602 ita
1355 2559 1409 2601 ut
1455 2573 1481 2600 ν
1528 2557 1807 2601 antecedens

122 2615 373 2670 deleretur,
429 2618 476 2659 et
520 2618 628 2672 post
672 2614 799 2659 ἀκίσι
845 2616 1073 2672 praebent
1121 2618 1205 2661 Mo
1252 2617 1364 2671 edd,
1420 2615 1674 2660 cancellavi

122 2678 146 2716 9
180 2672 430 2731 συντρῖψαι
463 2689 567 2718 cum
597 2688 760 2718 rasura.
791 2679 816 2718 2
848 2675 929 2719 litt
959 2677 1066 2732 post
1097 2692 1114 2719 ι
1144 2676 1363 2719 ultimum
1394 2676 1470 2719 La
1558 2682 1807 2731 συντρῖψαι

122 2733 168 2775 Ρ
194 2734 275 2778 sed
298 2737 317 2747 '⁴
351 2733 402 2777 in
426 2748 501 2777 ras
524 2733 595 2778 m³
627 2733 683 2777 cf.
709 2749 754 2790 p.
782 2738 881 2789 307,
899 2739 925 2778 9
1072 2738 1126 2779 10
1158 2733 1337 2784 ἰδόντες
1361 2736 1472 2778 ΒΜ
1613 2739 1664 2777 12
1699 2737 1806 2779 διω-

120 2791 298 2837 κόντων
322 2793 396 2838 La
429 2793 511 2837 sed
544 2810 597 2836 ιω
623 2794 670 2837 et
693 2810 719 2836 ν
744 2793 872 2848 prius
896 2793 944 2836 in
968 2807 1043 2837 ras
1076 2796 1124 2838 et:
1147 2810 1171 2838 ο
1195 2793 1265 2837 m²
1387 2797 1441 2837 13
1473 2793 1558 2837 οὐκ
1583 2793 1805 2850 ἔκαμνον]

121 2849 375 2908 ἐνέκαμνον
407 2853 483 2896 La
650 2856 703 2894 14
743 2850 1036 2907 ὡδοιπόρουν
1067 2854 1160 2897 ΙΜ
1191 2853 1272 2897 sed
1312 2852 1360 2895 in
1401 2848 1665 2897 ὡδοποίουν
1707 2865 1807 2894 con·

121 2907 170 2950 in
202 2908 284 2952 illo
316 2909 399 2964 m²,
431 2910 480 2953 in
511 2911 599 2954 hoc
629 2911 713 2965 m¹,
746 2912 791 2955 B
915 2915 967 2954 15
1002 2908 1135 2967 εὖρος
1166 2924 1240 2955 om
1271 2911 1372 2955 Mor
1395 2910 1518 2954 Fabr
1640 2915 1692 2954 16
1727 2927 1804 2967 yv—

121 2967 273 3020 ναιξὶν
308 2969 351 3013 V
387 2971 392 3027 Ι
436 2969 604 3013 ἔλαθεν
634 2970 707 3014 La

1448 3042 1533 3086 22*

1838 1118 1879 1150 10

1836 1562 1876 1594 15
