2060 3162
680 119 909 163 ΗΒΑ-’ΝΠ
940 117 1166 163 ORATIO
1198 118 1305 162 XXI
1729 117 1839 170 459

143 254 246 326 μὲν
282 264 397 319 τοῖς
441 257 718 324 πεφυκόσι
765 257 1152 324 λυμαίνεσθαι,
1209 254 1216 322 Ι
1272 254 1621 323 κρατούμενα
1667 254 1729 307 δὲ
1779 267 1821 310 R
1842 270 1928 310 689

144 343 235 399 ὑπ’
275 345 518 407 οὐδενός.
599 344 681 397 19.
751 346 931 397 καίτοι
984 344 1084 396 τὸν
1146 342 1554 412 ἀπερισκέπτως
1614 350 1678 413 τῇ
1739 351 1840 396 τοῦ

143 434 344 503 τάχους
381 432 652 503 ἐπιθυμίᾳ
684 434 971 502 χρώμενον
1002 434 1214 501 πολλὴν
1245 431 1579 501 ἐφέλκεσθαι
1616 433 1708 485 καὶ
1738 432 1841 500 τὴν

143 524 358 593 βλάβην
398 522 624 591 ἀνάγκη.
704 521 822 574 ἀλλ’
853 522 999 591 ὅμως
1039 520 1195 574 ἐνίκα
1231 522 1299 574 τὰ
1332 521 1626 589 νικώμενα,
1666 521 1841 574 καθά-

143 629 245 680 περ
286 610 359 665 δι’
390 610 549 679 ἀέρος
589 607 759 664 οὐδὲν
798 610 1150 679 ἐφαπτόμενα
1194 618 1289 679 τῆς
1339 618 1439 678 γῆς
1476 612 1837 679 πορευόμενα.
1887 631 1906 663 5

143 701 354 754 οὐκοῦν
392 703 671 769 συμμαχία
709 700 812 769 μὲν
841 707 938 768 τῆς
968 700 1149 768 Τύχης
1187 700 1282 752 διὰ
1310 699 1525 752 τούτων
1558 699 1840 767 δηλοῦται,

141 797 306 842 τοῦτο
348 786 409 842 δὲ
449 789 550 842 οὐκ
602 788 672 841 ἂν
710 788 920 858 ὑπῆρχε
967 789 1039 857 μὴ
1079 797 1193 841 τῶν
1232 789 1416 841 ἄλλων
1463 786 1842 856 συμβουλομέ-

140 898 258 931 νων
310 883 478 931 θεῶν.
556 877 786 945 ὁμόνοια
838 878 941 946 μὲν
1003 878 1107 947 γὰρ
1164 876 1227 930 ἐν
1280 877 1468 939 αὐτοῖς
1528 874 1619 929 καὶ
1666 877 1727 929 τὸ
1775 877 1841 929 τὰ

141 967 282 1019 αὐτὰ
327 975 577 1035 φρονεῖν,
633 967 822 1028 στάσις
874 963 934 1019 δὲ
980 964 1071 1019 καὶ
1120 967 1181 1019 τὸ
1229 964 1599 1035 διαφέρεσθαι
1650 967 1838 1034 πόρρω

140 1052 244 1124 μὲν
298 1056 562 1125 οὐρανοῦ,
617 1057 806 1124 πόρρω
855 1056 918 1108 δὲ
963 1063 1063 1108 τοῦ
1109 1056 1211 1108 τὸν
1257 1055 1503 1124 οὐρανὸν
1553 1056 1841 1117 οἰκοῦντος
1865 1075 1908 1107 10

143 1152 328 1252 χοροῦ.
393 1144 567 1207 οὕτως
608 1147 821 1213 ἔτρεχες
860 1145 1070 1214 δρόμον
1108 1144 1217 1198 ὑπὸ
1250 1150 1403 1197 θεῶν
1435 1142 1841 1210 ἐπαινούμενον

141 1231 233 1286 καὶ
271 1233 343 1301 ἣν
382 1232 682 1301 ἐβούλοντο
722 1235 887 1287 πόλιν
926 1233 1287 1298 συνδιέσωζες
1325 1231 1415 1286 καὶ
1456 1229 1520 1331 ἧς
1561 1231 1838 1301 ἐκήδοντο,

143 1322 446 1391 κηδόμενος
486 1321 735 1390 ἐφαίνου.

254 1410 340 1462 20.
390 1408 482 1473 Ὡς
521 1412 625 1481 γὰρ
668 1411 736 1479 δὴ
777 1410 1045 1479 κατέθηκε
1093 1412 1198 1480 πρὸ
1238 1419 1350 1463 τῶν
1388 1411 1582 1463 ποδῶν
1623 1412 1840 1477 βασιλεῖ

141 1501 207 1552 τὰ
245 1500 345 1552 τὸν
384 1501 609 1569 ἔλεγχον
647 1502 844 1569 ἔχοντα
888 1500 1176 1568 γράμματα
1222 1500 1311 1552 καὶ
1349 1500 1690 1561 κελεύοντος
1714 1498 1837 1552 ἄνε-
1862 1520 1904 1552 15

141 1590 377 1656 γίνωσκε
438 1587 529 1640 καὶ
584 1597 701 1650 τοῖς
753 1598 1009 1657 μανεῖσιν
1063 1588 1382 1655 οὐδαμόθεν
1442 1585 1513 1656 ἧν
1567 1593 1837 1656 σωθῆναι,

142 1678 395 1745 γονάτων
432 1696 490 1729 τε
524 1678 699 1740 εὐθὺς
730 1678 927 1745 ἥπτετο
966 1678 1056 1730 καὶ
1087 1678 1212 1746 περὶ
1246 1676 1408 1745 δόξης
1440 1676 1675 1730 ἐποιεῖτο
1707 1678 1839 1740 τοὺς

143 1768 344 1834 λόγους
381 1764 472 1818 καὶ
513 1760 603 1819 οἶα
643 1765 713 1819 ἂν
752 1765 805 1829 ἐξ
847 1765 1107 1835 ἑκατέρου
1148 1768 1407 1835 συμβαίη,
1446 1773 1546 1818 τοῦ
1586 1785 1645 1818 τε
1676 1766 1838 1818 κολά-

142 1868 234 1906 σαι
289 1853 379 1907 καὶ
427 1863 528 1908 τοῦ
583 1858 671 1924 μή.
755 1853 907 1923 ἔλεγε
964 1854 1013 1908 δ’
1044 1857 1150 1923 ἄρα
1202 1854 1293 1908 καὶ
1347 1856 1683 1908 κεκολάσθαι
1736 1855 1838 1923 τὴν

140 1945 305 1996 πόλιν
359 1943 655 2012 διδάσκων,
712 1945 786 2007 ὡς
840 1943 997 1997 αὐτοὶ
1054 1953 1196 2013 σφᾶς
1250 1944 1455 2007 αὐτοὺς
1506 1943 1841 1997 ἀπώλλυσαν
1864 1964 1907 1996 20

145 2039 210 2102 τῇ
267 2040 419 2102 φυγῇ
474 2034 802 2102 πάσχοντες,
866 2033 899 2086 ἃ
954 2033 1100 2096 ὅπως
1153 2034 1224 2102 μὴ
1279 2033 1537 2101 πάθοιεν,
1598 2030 1840 2101 ἔφευγον

145 2120 483 2190 ἀποροῦντες
530 2121 746 2191 στέγης,
798 2121 1138 2192 ἀποροῦντες
1184 2130 1418 2190 τροφῆς,
1475 2121 1577 2174 οὐκ
1622 2118 1841 2189 ἔχοντες

264 2250 317 2287 21
355 2244 412 2288 cf.
445 2261 490 2301 p.
518 2249 618 2298 496,
639 2250 691 2289 11
705 2260 771 2301 sq.

266 2362 288 2399 1
323 2354 367 2400 δ’
399 2357 468 2400 Va
491 2356 559 2399 Re
622 2370 698 2399 om
723 2358 798 2400 La
949 2360 974 2399 3
1007 2356 1199 2406 πάθους
1232 2357 1274 2400 V
1419 2362 1446 2398 4
1486 2352 1587 2398 ἀλλ’
1615 2381 1672 2386 -
1705 2351 1839 2399 ἐνίκα

144 2430 221 2457 0111
249 2416 315 2457 Va
343 2415 348 2472 Ι
378 2413 527 2473 ἐνίκα]
561 2415 754 2474 ἀναβιοῑ
776 2417 851 2459 La
879 2416 884 2472 Ι
912 2431 1146 2472 κινωμενα
1173 2417 1257 2459 Mo
1421 2420 1445 2456 6
1479 2413 1508 2469 ἡ
1543 2411 1778 2471 συμμαχία
1806 2414 1842 2458 C

146 2473 228 2515 sed
259 2472 287 2528 ἡ
320 2473 445 2516 inser
467 2488 502 2528 s,
537 2476 621 2518 Mo
647 2475 739 2518 edd
862 2480 884 2517 7
920 2472 1358 2547 συμβουλευομένων
1383 2475 1428 2517 Β
1454 2473 1546 2516 edd
1670 2476 1724 2515 10
1755 2479 1838 2516 τοῦ

145 2533 351 2587 οὐρανοῦ
383 2532 451 2576 Re
479 2535 484 2588 Ι
511 2540 604 2577 τῶν
637 2535 852 2588 οὐρανῶν
876 2535 952 2578 La
964 2534 1032 2578 Va
1155 2538 1208 2576 12
1242 2531 1302 2588 ἣν
1335 2534 1367 2575 Ι
1394 2526 1518 2575 εθά“
1552 2532 1602 2574 in
1625 2545 1700 2575 ras
1724 2532 1794 2574 m³
1830 2540 1833 2567 ¹

144 2590 388 2649 ἐβούλοντο
423 2591 512 2635 scri
550 2606 588 2634 s1
622 2605 646 2635 e
681 2593 874 2636 VLaVa
941 2593 1213 2668 ἠβούλοντο
1231 2591 1401 2646 reliqui
1432 2590 1542 2634 libri
1575 2591 1668 2634 edd
1702 2594 1708 2647 Ι
1744 2584 1834 2635 διέ-

143 2653 279 2702 σωζες
310 2652 345 2694 Ι
370 2651 451 2693 sed
483 2606 604 2695 εἶναι
638 2665 722 2694 συν
754 2665 894 2708 supra
927 2650 1012 2705 διέ,
1047 2653 1087 2693 V
1126 2656 1131 2706 Ι
1168 2649 1239 2703 οἷς
1271 2652 1382 2694 ΒΜ
1501 2654 1555 2692 14
1588 2650 1646 2707 δὴ
1679 2663 1753 2693 0111
1781 2652 1842 2694 M

146 2710 150 2766 Ι
186 2710 276 2763 πρὸ
310 2711 345 2753 Ι
370 2709 491 2752 sed
536 2723 677 2766 supra
710 2727 735 2765 ρ
776 2723 877 2754 eras
910 2713 957 2754 et
989 2727 1012 2754 ο
1044 2711 1115 2753 1113
1298 2714 1351 2752 15
1400 2708 1662 2759 κελεύοντες
1695 2709 1778 2753 Mo

145 2816 197 2854 17
223 2828 272 2856 τε
295 2812 420 2855 inser
439 2813 495 2855 M
508 2812 524 2837 ²
586 2827 661 2856 om
681 2814 748 2857 Va
774 2813 780 2870 Ι
809 2771 1003 2857 ἔπτετοῖι
1024 2814 1094 2858 Va
1208 2816 1260 2856 18
1287 2810 1366 2870 ἂν]
1384 2812 1467 2868 μὲν
1494 2813 1562 2856 Va
1678 2816 1731 2855 19
1757 2812 1838 2854 καὶ

142 2871 224 2928 (2)]
266 2870 437 2921 ἱκανῶς
475 2871 564 2927 ἤδη
605 2872 709 2915 coni
741 2872 810 2915 Re
867 2875 872 2928 Ι
929 2875 1038 2928 post
1075 2871 1361 2916 κεκολάσθαι
1393 2884 1468 2914 ras
1500 2875 1615 2914 2—3
1647 2870 1727 2913 litt
1751 2871 1785 2913 I

143 2934 197 2972 21
234 2930 410 2987 ἔφυγον
442 2931 490 2973 in
521 2945 656 2987 marg
687 2931 789 2974 Mor
