2060 3162
246 135 354 189 502
767 135 996 179 LIBANH
1028 134 1252 180 ORATIO
1285 135 1433 179 xxm

240 291 327 334 τες
361 270 772 341 ἐνεπίμπρασαν
804 273 1094 339 ἅνθρωποι
1127 277 1202 343 τῷ
1228 281 1404 334 κακῶς
1434 280 1615 325 ποιεῖν
1645 273 1930 341 χαίροντες

240 359 330 413 καὶ
370 361 549 413 πολὺν
589 358 651 413 έν
696 361 872 433 τούτῳ
918 360 1246 429 βεβιωκότες
1291 362 1512 430 χρόνον,
1561 368 1670 414 ποῦ
1708 358 1826 413 ποτ’
1860 359 1930 414 ἂν

239 445 308 516 ἦν
340 447 372 516 ἡ
405 451 581 517 πόλις,
620 445 685 516 ἧς
721 451 862 518 ἔχων
899 450 1112 518 πολλὴν
1143 450 1414 519 πρόνοιαν
1453 449 1481 503 ὁ
1514 451 1773 518 βασιλεὺς
1804 448 1930 518 ὁρᾶ-

237 556 348 602 ται;
404 535 521 589 ἀλλ’
553 538 697 607 ὅμως
751 539 809 591 οἰ
861 538 1051 607 σεμνοὶ
1105 539 1196 591 καὶ
1248 547 1313 609 τῇ
1367 547 1478 592 τῶν
1531 538 1715 592 ἄλλων
1767 541 1930 608 πενίᾳ

198 646 217 678 5
241 628 676 695 πεπλουτηκότες
713 627 804 679 καὶ
844 628 1047 695 δεινόν,
1074 626 1135 680 ἐἰ
1165 628 1238 695 μὴ
1270 627 1335 679 τὰ
1367 636 1478 680 τῶν
1509 632 1661 680 θεῶν
1692 626 1930 695 ἕξουσιν,

235 713 532 784 ἡγούμενοι
586 717 652 768 τὰ
705 712 807 784 μὲν
861 714 922 769 ἐν
975 713 1124 784 νυξί,
1178 717 1246 769 τὰ
1294 716 1355 768 δὲ
1400 715 1622 769 πάντων
1669 715 1929 786 ὁρώντων

235 805 577 870 μεθίστασαν
623 803 766 857 οὕτω
819 806 889 874 δή
933 823 985 857 τι
1031 806 1212 858 πολὺν
1261 805 1527 874 ἄργυρον,
1581 804 1653 867 ὡς
1703 813 1926 874 συχνῶν

236 911 294 944 τε
334 892 454 945 δεῖν
492 892 778 962 ὀχημάτων
810 891 1016 966 ἑκάστῳ
1048 892 1140 946 καὶ
1171 898 1391 947 πολλῶν
1431 892 1607 963 ὀρέων
1645 891 1772 946 καθ’
1805 892 1925 946 ἕκα-

238 993 388 1045 στον,
442 980 539 1044 οὓς
589 982 854 1050 ἠνάγκαζε
904 983 970 1035 τὰ
1022 980 1284 1049 ἑλκόμενα
1335 981 1562 1035 στένειν.
1642 981 1725 1034 19.
1779 984 1929 1043 τίνος

172 1090 214 1122 10
239 1064 341 1122 οὗν
380 1069 612 1133 τούτους
650 1069 837 1134 ἀξίους
877 1067 1018 1123 εἶναι
1058 1073 1230 1140 φήσαι
1269 1091 1351 1133 τις
1397 1071 1483 1139 ἄν,
1530 1073 1585 1124 οἲ
1628 1071 1930 1141 προδόντες

236 1158 336 1226 τὴν
384 1160 551 1211 πόλιν
604 1157 694 1211 καὶ
754 1160 815 1212 τὸ
881 1168 1041 1228 σφῶν
1095 1160 1279 1212 αὐτῶν
1332 1161 1505 1226 μόνον
1561 1160 1774 1222 ἰδόντες
1832 1159 1930 1211 τὸν

146 1257 188 1300 Β,
211 1257 355 1301 11302
394 1250 641 1300 πλοῦτον
680 1246 909 1318 ἑτέρωσε
947 1247 1312 1316 καταθέμενοι
1363 1248 1369 1316 Ι
1419 1248 1620 1317 γυμνοὶ
1658 1248 1796 1318 πρὸς
1832 1248 1930 1300 τὸν

236 1332 335 1398 ἔξω
391 1336 599 1405 δρόμον
651 1333 795 1405 ἦσαν
847 1336 1077 1405 ἕτοιμοις
1141 1339 1318 1390 καίτοι
1372 1345 1513 1406 χρῆν
1574 1338 1777 1399 αὐτοὺς
1837 1335 1928 1390 καὶ

235 1426 365 1487 τοὺς
411 1423 473 1477 έν
517 1428 681 1495 πενίᾳ
727 1427 964 1479 κωλύειν
1009 1426 1099 1479 καὶ
1149 1425 1413 1495 κατέχειν,
1462 1427 1528 1479 τὰ
1574 1422 1676 1495 μὲν
1720 1431 1929 1494 πειθοῖ,

170 1532 212 1565 15
236 1513 302 1564 τὰ
353 1509 414 1565 δὲ
468 1515 559 1567 καὶ
614 1513 870 1577 ἀπειλαῖς.
961 1515 1014 1568 οἱ
1070 1513 1118 1567 δ’
1158 1512 1403 1584 ἐπῄνουν
1456 1534 1514 1567 τε
1567 1517 1697 1578 τοὺς
1750 1513 1928 1568 έκεῖνο

235 1609 533 1665 ποιοῦντας
571 1601 662 1655 καὶ
702 1603 1039 1671 ἀνθρώπους
1077 1601 1271 1672 ἔλεγον
1310 1600 1452 1656 εἶναι
1486 1604 1757 1668 σώζεσθαι
1796 1605 1929 1671 βου-

237 1689 525 1760 λομένους,
580 1692 759 1762 ὥσπερ
817 1688 896 1745 ὧν
950 1688 1028 1753 εὗΙ
1060 1691 1301 1762 ἔπραξαν
1352 1691 1411 1745 ἐν
1458 1700 1522 1763 τῇ
1569 1695 1727 1746 πόλει
1775 1692 1930 1760 δίκης

235 1780 383 1850 παρὰ
442 1788 538 1849 τῆς
598 1782 807 1843 πόλεως
861 1780 1049 1844 αὐτοῖς
1103 1780 1477 1850 ὀφειλομένης.
1562 1785 1620 1834 οἳ
1668 1779 1829 1834 τοῦθ’
1867 1781 1930 1833 ἓν

235 1870 412 1937 μόνον
451 1864 513 1922 εὖ
551 1871 932 1938 πεποιήκασιν,
985 1869 1068 1923 ὅτι
1119 1871 1217 1923 τὸν
1263 1870 1434 1923 ἄλλον
1480 1872 1683 1940 χρόνον
1728 1869 1929 1939 ἀρνού-

169 1976 213 2008 20
236 1975 392 2025 μενοι
438 1959 509 2026 μὴ
550 1961 814 2011 πλουτεῖν
850 1966 958 2012 νῦν
1006 1959 1209 2021 αὑτοὺς
1256 1957 1546 2027 ἐξήλεγξαν
1585 1958 1657 2021 ὡς
1701 1963 1929 2011 πλεῖστα

235 2044 555 2115 κεκτημένοι
609 2048 761 2118 πόνῳ
821 2050 1006 2119 πολλῷ
1062 2048 1153 2101 καὶ
1206 2049 1545 2117 πραγματείᾳ
1599 2045 1928 2116 μεταθέντες

237 2134 436 2187 ἄλλοσε
475 2135 541 2187 τὰ
581 2134 991 2203 συνειλεγμένα.

348 2222 433 2274 20.
487 2223 630 2292 Περὶ
677 2220 737 2276 δὲ
775 2233 887 2276 τῶν
924 2222 1068 2277 νέων
1106 2225 1163 2276 τί
1199 2226 1447 2292 φήσομεν
1486 2223 1518 2292 ἢ
1565 2231 1677 2275 τῶν
1715 2224 1928 2275 τούτων

238 2310 470 2378 pom-‘mm
509 2315 567 2364 τί
602 2310 653 2365 δ’
683 2311 876 2380 ἕτερον
913 2311 945 2379 ἢ
980 2312 1052 2374 ὡς
1084 2313 1142 2364 oc
1169 2308 1271 2380 μὲν
1307 2312 1563 2381 ἥρπασαν
1601 2312 1701 2365 τὸν
1731 2311 1927 2380 καιρὸν

361 2550 382 2588 1
425 2543 773 2603 ἐνεπίμπρασαν
804 2547 850 2590 Ρ
879 2545 960 2588 sed.
991 2560 1026 2588 π
1057 2547 1118 2602 (1)
1151 2545 1199 2587 in
1231 2559 1305 2589 ras
1337 2545 1407 2588 m⁴
1498 2543 1814 2600 ἐνεπίπρασαν
1849 2545 1888 2589 Ο
1917 2544 1922 2601 Ι

238 2603 291 2647 τὸ
319 2604 356 2648 Ο
503 2609 527 2648 3
567 2604 741 2661 πολλὴν
773 2618 849 2648 om
871 2604 1005 2662 Bong
1157 2609 1181 2647 5
1223 2604 1407 2663 ἔχουσιν
1434 2606 1496 2649 M
1643 2609 1667 2647 7
1701 2602 1925 2661 ἀργύριον

237 2661 372 2720 Bong
553 2668 607 2707 10
640 2660 761 2708 εἶναι
793 2677 867 2707 om
897 2663 1032 2719 Bong
1081 2664 1086 2718 Ι
1134 2661 1205 2713 τίς
1227 2665 1351 2707 ΑΡΙ
1526 2667 1577 2706 11
1613 2662 1786 2712 εἰδότες
1809 2661 1871 2705 Μ

242 2769 296 2808 12
330 2737 494 2821 ἑτέρῖόὲ
519 2768 575 2810 Μ
638 2765 809 2822 ἑτέροις
832 2766 965 2823 Bong
1024 2763 1140 2822 παρ’
1162 2764 1333 2821 ἑτέροις
1363 2766 1468 2810 coni
1491 2765 1560 2811 Re
1587 2767 1593 2822 Ι
1621 2763 1926 2822 μεταθέμενοι

241 2822 386 2868 Cobet
410 2823 523 2869 Coll.
545 2829 626 2869 131
767 2829 821 2868 15
856 2824 901 2868 οἳ
924 2826 970 2870 A
1031 2824 1084 2868 οῖ’
1100 2826 1196 2869 PV
1238 2826 1244 2883 Ι
1289 2825 1338 2870 δὲ
1363 2825 1432 2868 Re
1570 2829 1623 2869 18
1656 2824 1798 2879 αὐτῆς
1830 2824 1874 2867 V

238 2896 315 2926 om
337 2882 472 2941 Bong
591 2889 647 2928 20
681 2885 851 2936 αὐτοὺς
875 2885 920 2928 Ρ
947 2884 1029 2927 sed
1046 2882 1056 2898 ²
1089 2885 1138 2927 in
1162 2898 1237 2928 ras
1261 2883 1331 2926 m²
1392 2883 1562 2935 αὐτοὺς
1587 2885 1644 2927 Μ
1765 2887 1818 2926 21
1852 2897 1926 2926 κε-

238 2941 492 2998 κτημένους
517 2944 579 2987 Μ
601 2946 606 2999 Ι
635 2945 786 2987 πολλῶ
816 2941 945 3002 πόνῳ
973 2944 1031 2987 Μ
1151 2947 1207 2987 24
1238 2940 1284 2987 δ’
1314 2956 1388 2986 om
1414 2945 1477 2987 M
