2060 3162
666 113 894 157 LIBANII
925 112 1147 157 ORATIO
1179 113 1306 157 XVII
1707 113 1814 165 205
1834 128 1838 132 ’

143 258 188 304 et
226 269 307 303 eas
343 254 592 302 monodias
629 254 787 312 accepi
824 268 948 313 quae
977 253 1196 301 omnibus
1234 267 1356 313 quas
1385 254 1679 312 scripserunt
1709 268 1816 300 cum

140 331 384 377 doctorum
421 328 634 375 omnium
670 327 849 374 iudicio
878 327 1181 386 pulchriores
1220 330 1263 375 et
1299 328 1545 387 affectibus
1573 327 1818 386 pleniores

137 404 387 458 habentur,
424 402 509 449 hoc
546 404 615 448 est
649 399 887 448 Aristidis
923 401 1197 448 monodiam
1244 402 1300 448 in
1335 400 1560 448 Smirnae
1598 401 1817 460 deplora-

140 478 315 525 tionem
347 478 390 523 et
416 474 620 522 Libanii
656 475 710 521 in
745 474 916 533 funere
946 474 1136 522 Iuliani
1172 475 1489 534 imperatoris.
1558 488 1680 533 quas
1710 489 1817 522 cum

140 550 449 598 Bessarionis
470 548 720 595 monodiae
742 562 1094 607 comparassem
1119 552 1161 596 et
1181 549 1377 608 iniquus
1393 549 1609 607 alioquin
1630 549 1684 595 in
1708 561 1815 595 eum

140 624 286 671 iudex
316 635 413 670 esse
440 625 637 670 conatus
667 623 832 682 forem,
863 625 919 669 ul
946 622 1070 669 soleo
1100 636 1246 681 opera
1277 624 1541 669 amicorum
1573 636 1623 669 eo
1655 623 1820 669 acrius

142 697 373 751 iudicare,
405 709 495 755 quo
518 697 673 756 maqis
703 709 826 750 amc,
859 696 995 756 lonqo
1018 710 1135 743 sane
1165 696 1417 743 inter-vallo
1438 696 1819 755 praeferendum

146 771 457 819 Bessarionis
494 783 615 829 opus
653 770 920 817 existimavi
957 773 1057 817 tum
1096 770 1353 829 affectuum
1385 769 1690 817 multitudine
1720 772 1821 816 tum

138 845 481 892 sententiarum
524 844 736 891 ubertate
781 845 881 890 tuan
928 844 1162 903 eleqantia
1209 845 1252 890 et
1294 845 1532 891 suavitate
1568 845 1816 891 sermonis.

144 917 446 978 Quapropter
497 917 790 965 exhilaratus
839 918 1001 964 animo
1052 920 1095 963 et
1138 919 1279 976 quasi
1323 917 1533 976 aliquem
1578 931 1685 963 cum
1728 930 1819 995 quo

142 991 454 1039 Bessarionis
490 992 584 1038 mei
620 992 867 1038 victoriam
903 992 1250 1039 communicare
1288 1005 1479 1052 possem
1515 986 1818 1051 perquirens,

137 1067 196 1113 ul
231 1066 269 1113 ii
305 1066 465 1125 facere
493 1065 655 1120 solent,
695 1065 866 1124 quibus
904 1080 961 1113 ex
994 1066 1149 1112 animi
1185 1067 1418 1113 sententia
1455 1065 1602 1125 foelix
1632 1064 1820 1123 aliquid

140 1140 448 1198 faustumque
486 1140 636 1186 evenit
680 1141 890 1198 repente,
942 1141 985 1186 el
1026 1153 1126 1186 non
1163 1139 1373 1199 amplius
1418 1153 1564 1198 quam
1613 1140 1821 1198 quatuor

140 1213 330 1261 dierum
380 1213 535 1273 spatio
583 1214 833 1260 monodias
880 1214 1015 1272 ipsas
1063 1227 1224 1260 omnes
1277 1213 1458 1260 latinas
1509 1213 1602 1271 feci
1650 1215 1822 1270 tuoque

140 1288 339 1342 nomini,
370 1290 506 1346 petre
535 1287 735 1348 foscare,
765 1287 996 1342 dedicavi,
1036 1288 1172 1334 cuius
1202 1288 1433 1346 optimum
1462 1287 1821 1345 incorruptissi-

141 1375 365 1420 mumque
396 1374 493 1408 esse
516 1361 749 1408 iudicium
771 1362 866 1408 scio
895 1387 958 1392 —
986 1360 1306 1420 Nostramque
1327 1360 1602 1407 monodiam
1624 1362 1823 1419 praeter

143 1435 271 1482 alias
307 1448 467 1482 omnes
506 1434 805 1482 addidimus:
843 1448 990 1493 quam
1016 1435 1172 1494 paulo
1212 1437 1322 1482 ante
1358 1434 1412 1480 in
1448 1433 1612 1481 Severi
1647 1434 1822 1493 fratris

140 1509 450 1556 acerbissimo
488 1509 657 1568 fwnere
694 1507 908 1568 infelices
945 1508 1160 1555 meditati
1196 1510 1410 1555 sumus.“

252 1581 359 1628 Iam
391 1582 660 1643 sequuntur
684 1582 910 1643 deinceps
932 1584 1031 1628 tres
1064 1575 1340 1628 ‘monodiae
1362 1579 1596 1628 Aristidis
1620 1573 1819 1647 (239'),

143 1654 197 1702 in
237 1655 375 1703 obitu
415 1654 583 1703 Severi
621 1654 810 1702 Perotti
849 1655 1015 1702 fratris
1055 1647 1251 1721 (241⁷),
1290 1654 1596 1702 Bessarionis
1634 1655 1687 1700 in
1717 1653 1820 1700 Ma-

144 1730 338 1776 nuelem
382 1724 755 1791 Palaeologum'
812 1722 990 1794 (245),
1043 1727 1242 1775 Libanii
1295 1743 1394 1775 non
1439 1729 1573 1776 item.
1649 1727 1821 1789 Neque

143 1817 254 1849 eam
292 1801 451 1849 adhuc
489 1803 542 1848 in
581 1803 678 1850 alio
719 1801 881 1849 codice
920 1803 1092 1863 reperi.

255 1875 469 1922 Eaedem
515 1891 640 1936 quae
685 1876 738 1922 in
783 1875 946 1923 codice
984 1875 1214 1923 Palatino
1253 1893 1323 1939 gr.
1359 1875 1461 1922 282
1512 1875 1821 1937 corruptelae

144 1949 199 1995 in
238 1948 450 1996 editione
496 1949 739 2011 principe,
784 1949 1075 1997 Morelliana
1113 1951 1148 1996 t.
1180 1949 1231 1996 Π
1268 1966 1316 2011 p.
1350 1950 1662 2010 251—259,
1710 1964 1822 1996 con-

146 2022 421 2084 spiciuntur
443 2023 611 2070 multis
641 2023 751 2071 aliis
776 2025 969 2071 auctae:
1001 2038 1123 2084 quas
1148 2039 1174 2071 e
1196 2025 1338 2085 parte
1368 2023 1568 2070 tantum
1590 2022 1821 2070 Reiskius

145 2095 307 2143 Anim.
324 2095 371 2141 V
398 2097 680 2143 167—171
723 2097 938 2145 sustulit.
1013 2096 1171 2145 Multo
1210 2097 1463 2144 meliorem
1501 2097 1711 2143 formam
1747 2097 1820 2143 in·

146 2169 255 2217 duit
300 2169 458 2217 oratio
515 2171 567 2217 in
614 2170 825 2218 editione
871 2170 1137 2218 Reiskiana
1190 2166 1375 2235 (priore
1427 2186 1474 2232 p.
1509 2171 1822 2230 223—2293

144 2244 415 2306 posteriore
453 2246 487 2291 t.
506 2243 530 2290 I
560 2261 606 2306 p.
627 2245 804 2292 507—
736 2237 957 2311 —521)‚
996 2244 1058 2291 ad
1088 2259 1238 2306 quam
1271 2244 1542 2305 parandam
1575 2242 1822 2291 codicibus

146 2315 197 2363 A
221 2319 271 2365 et
294 2317 381 2365 Mo
413 2319 463 2365 et
491 2317 945 2366 Wolfenbuttelanc
984 2318 1181 2365 adiutus
1221 2319 1339 2366 erat.
1416 2316 1767 2365 Boissonadius
1778 2310 1821 2382 1)

147 2392 360 2453 margini
406 2391 481 2439 sui
526 2391 670 2439 huius
718 2391 945 2439 editionis
991 2391 1280 2453 exemplaris
1329 2391 1562 2439 lectiones
1601 2389 1823 2438 codicum

147 2463 257 2511 Par.
290 2481 361 2527 gr.
396 2465 535 2512 3025
577 2467 627 2512 et
668 2466 808 2513 1000
847 2465 1119 2527 adscripsit.
1198 2464 1361 2513 Gasda
1410 2464 1596 2514 codices
1634 2462 1742 2512 AV
1775 2466 1823 2511 et

148 2536 426 2585 Parisinum
457 2555 526 2601 gr.
554 2539 693 2586 3016
729 2539 962 2600 contulit3
1003 2538 1304 2587 emendando
1335 2539 1440 2600 ipse
1452 2531 1493 2604 2)
1530 2540 1581 2585 et
1611 2536 1823 2586 Cobetus

148 2625 310 2672 pauca
347 2612 557 2659 assecuti
595 2614 720 2659 sunt.

270 2766 312 2821 1)
344 2764 409 2809 Cf.
441 2768 475 2809 t.
500 2765 522 2808 I
551 2781 595 2822 p.
617 2769 683 2808 78.

269 2826 311 2881 2)
342 2824 458 2868 Krit.
484 2824 702 2880 Beitriige
733 2838 789 2867 zu
818 2823 1036 2869 Libanios
1068 2826 1111 2868 Π
1136 2830 1203 2870 11.
