2054 3140
679 125 905 170 LIBANII
936 125 1159 171 ORATIO
1191 126 1276 170 XII
1757 125 1825 178 27

147 261 278 318 οὐδὲ
326 264 603 316 κύπτοντα
651 269 767 324 τοῖς
811 261 1254 331 πεπορθημένοις
1299 259 1506 325 ἔδειξεν
1539 260 1676 314 οὐδ’
1717 260 1829 314 ἐπι-

144 349 445 421 κατέσφαξε
476 359 594 414 ταῖς
623 349 899 420 κειμέναις
926 360 1038 403 τῶν
1067 353 1283 404 πόλεων
1313 352 1411 404 τὸν
1434 352 1829 419 κατενεγκόντα

144 441 611 508 καλλωπιζόμενος
647 446 723 512 τῷ
757 441 931 511 φόνῳ,
970 438 1088 492 ἀλλ’
1126 439 1499 509 ἀναμνησθεὶς
1535 437 1828 508 Ἀχιλλέως,

142 522 187 602 ᾧ
219 531 280 583 τὸ
321 536 483 582 νικᾶν
520 530 698 597 ἤρκει,
744 529 1048 598 παρεχώρει
1085 537 1197 581 τῶν
1235 531 1444 581 λοιπῶν
1481 534 1556 600 τῷ
1592 531 1830 598 πρεσβυ-

147 617 284 689 τέρῳ
323 624 602 687 πανταχοῦ
640 617 738 680 τὰς
775 615 1029 686 ἀφορμὰς
1066 618 1506 687 παραιρούμενος
1543 626 1655 670 τῶν
1686 618 1830 686 φθό-
1876 637 1895 669 5

142 727 271 760 νων.
348 705 433 759 50.
489 704 702 774 οἰηθεὶς
748 704 826 774 δέ,
873 705 957 758 ὅτι
1002 707 1064 759 τὸ
1112 714 1292 775 χρῆμα
1337 715 1448 758 τῶν
1499 707 1712 759 πόλεων
1760 706 1828 759 οὐ

142 795 347 848 ταύτὸν
398 794 676 866 ἀνθρώπῳ
723 794 934 863 πάσχει,
985 803 1102 857 τοῖς
1148 791 1249 861 μὲν
1287 795 1391 864 γὰρ
1439 795 1637 856 ἄλυτος
1674 795 1707 863 ἡ
1746 813 1830 847 τε-

142 886 331 953 λευτή,
382 885 477 946 τὰς
516 884 577 937 δὲ
616 885 767 936 ἔστιν
806 883 1250 951 ἀναβιώσασθαι,
1301 891 1455 953 χεῖρα
1494 881 1672 953 ὀρέγει
1711 891 1829 946 ταῖς

141 972 428 1040 κειμέναις.
505 973 560 1025 αἱ
607 972 669 1026 δὲ
708 971 998 1025 ἀνίσταντο
1037 973 1129 1025 καὶ
1168 972 1361 1025 αὐτίκα
1399 970 1569 1040 κῆρυξ
1619 970 1828 1025 διέπλει

140 1062 241 1114 τὸν
277 1062 523 1130 ποταμὸν
559 1062 801 1114 κελεύων
840 1059 928 1114 ε’πὶ
974 1062 1041 1113 τὰ
1088 1059 1324 1130 σφέτερα
1362 1062 1547 1113 αὐτῶν
1585 1060 1829 1114 κατιέναι
1853 1081 1895 1114 1⁰
1954 1103 1958 1106 -

141 1153 272 1213 τοὺς
321 1149 646 1219 ἑαλωκότας,
694 1151 753 1203 οἱ
796 1150 857 1203 δὲ
902 1148 1087 1218 ἔθεον,
1140 1150 1240 1203 οὐκ
1288 1149 1426 1220 ἀνὴρ
1473 1148 1587 1202 ἀντ’
1628 1149 1829 1220 ἀνδρὸς

141 1242 350 1307 λυθείς,
390 1238 507 1292 ἀλλ’
547 1240 604 1292 οἱ
638 1235 741 1308 μὲν
779 1241 976 1306 ἔμενον
1015 1238 1117 1308 [οἱ]
1158 1237 1401 1307 ἐκείνων,
1442 1240 1498 1292 οἱ
1534 1239 1595 1292 δὲ
1630 1236 1829 1309 ἐπανῄ-

142 1342 275 1381 εσαν
297 1327 405 1382 ὑπὸ
431 1337 543 1380 τῶν
560 1326 798 1382 ἑλόντων
812 1330 1270 1399 προπεμπόμενοι.
1305 1324 1312 1398 Ι
1348 1327 1523 1390 οὕτως
1546 1328 1747 1391 αὐτοὺς
1769 1341 1811 1384 R
1832 1344 1916 1384 383

143 1415 431 1469 ἐπαίδευσε
461 1417 640 1469 πάντα
669 1416 975 1470 ὑπακούειν
998 1416 1031 1485 ἡ
1057 1416 1214 1486 μάχη.
1276 1416 1361 1470 51.
1402 1417 1450 1469 εἰ
1474 1416 1536 1470 δὲ
1565 1417 1627 1470 τὸ
1659 1431 1829 1486 προσ-

140 1509 328 1558 θεῖναι
374 1507 541 1558 πόλιν
589 1514 708 1568 ταῖς
753 1504 1003 1575 ἀρχαίαις
1051 1505 1334 1580 εὐεργεσία
1384 1506 1542 1574 κοινὴ
1588 1513 1688 1558 τοῦ
1734 1513 1830 1574 τῆς
1852 1527 1894 1560 15

142 1592 470 1662 οἰκουμένης
516 1593 893 1663 αὐξανομένου
942 1594 1213 1661 σώματος,
1267 1595 1330 1646 τό
1376 1613 1438 1661 γε
1483 1595 1579 1656 τὰς
1629 1593 1828 1664 ἀνῃρη-

142 1680 309 1748 μένας
363 1680 668 1734 ἀποδοῦναι
721 1683 870 1754 πόσῳ
929 1683 1328 1751 λαμπρότερον;
1383 1681 1444 1736 ἐν
1494 1676 1536 1754 ᾧ
1585 1683 1675 1735 καὶ
1727 1684 1829 1751 τὴν

145 1777 251 1838 γῆν
288 1767 442 1823 ἔστιν
491 1771 716 1835 οἰκίζειν
762 1771 853 1823 καὶ
898 1772 1001 1839 τὴν
1047 1771 1316 1840 αἰσχύνην
1362 1771 1530 1824 λύειν.
1608 1770 1674 1823 οὐ
1722 1772 1826 1840 γὰρ

150 1859 212 1911 τὸ
252 1859 323 1927 μὴ
362 1867 584 1927 ποιῆσαι
623 1860 725 1927 τὴν
764 1858 864 1913 οὐκ
905 1854 1081 1913 οὖσαν
1120 1859 1322 1927 δεινόν,
1362 1860 1423 1912 τὸ
1461 1860 1523 1912 δὲ
1561 1861 1662 1929 τὴν
1691 1858 1827 1930 πρὶν

264 2053 289 2092 3
321 2048 372 2092 Π.
400 2066 415 2093 ι
450 2053 534 2092 330
549 2063 614 2106 sq.
739 2054 764 2093 6
797 2049 986 2093 Lucian.
1014 2048 1145 2094 Char.
1173 2054 1197 2103 ξ
1223 2054 1278 2092 23

264 2231 285 2270 1
321 2226 430 2271 οὐδὲ
469 2227 544 2271 UI
564 2229 569 2283 Ι
599 2224 939 2282 ἐπικατέσκαψε
978 2227 1023 2271 U
1167 2231 1193 2270 5
1224 2226 1306 2270 τὸν
1340 2225 1529 2282 φθόνον
1572 2227 1616 2270 V
1640 2227 1826 2281 „malim

142 2291 228 2330 aut
255 2285 338 2329 τὸν
371 2284 560 2341 φθόνον
591 2291 674 2330 aut
703 2293 795 2330 τῶν
829 2286 1170 2342 φθονούντωνι*
1201 2285 1270 2329 Re
1330 2288 1368 2329 θ
1399 2285 1447 2328 in
1480 2283 1680 2340 φθόνων
1713 2299 1769 2329 ex
1801 2301 1826 2329 ο

142 2358 246 2388 corr
275 2345 310 2388 I
316 2343 334 2369 ²
406 2362 440 2400 φ
473 2343 565 2389 όνω
605 2345 650 2389 U
651 2381 655 2383 Α
795 2349 820 2388 6
851 2345 903 2389 τὸ
934 2350 1085 2402 χρῆμα
1118 2371 1173 2376 -
1206 2349 1232 2388 8
1265 2343 1414 2401 ὀρέγει
1445 2344 1563 2388 citat
1594 2344 1826 2388 Macarius

145 2401 303 2459 Chrys.
337 2403 415 2447 fol.
442 2407 518 2447 88¹⁹
639 2408 663 2446 7
695 2403 724 2460 ἡ
757 2418 832 2447 om
863 2403 1034 2447 Macar.
1157 2408 1183 2447 8
1215 2411 1316 2454 ταῖς
1342 2405 1404 2448 Μ
1426 2406 1432 2460 Ι
1459 2404 1719 2462 ἀναβιῶναι
1753 2404 1822 2461 Vl

141 2463 292 2520 χεῖρα]
326 2462 458 2514 εἴτις
487 2470 618 2520 χεῖρα
642 2463 813 2506 Macar.
936 2467 960 2505 9
993 2465 1016 2476 ⁴
1046 2463 1095 2506 in
1127 2462 1270 2519 κῆρυξ
1302 2475 1459 2506 erasus
1491 2463 1541 2505 in
1566 2464 1629 2507 M
1684 2461 1826 2518 κήρυξ

151 2521 235 2566 VP
264 2522 345 2565 sed
376 2522 425 2564 in
456 2521 544 2565 hoo
576 2523 739 2565 acutus
771 2522 820 2564 in
851 2534 925 2565 ras
957 2521 1026 2564 m⁸
1178 2526 1230 2565 10
1268 2519 1450 2576 σφέτερ’
1481 2519 1626 2566 Cobet
1656 2521 1824 2564 Mnem.

139 2579 184 2623 V
209 2585 290 2623 111
325 2579 453 2637 (coll.
482 2583 585 2637 107)
622 2583 628 2637 Ι
671 2579 847 2624 ἑαυτῶν
879 2580 947 2624 Re
1070 2585 1123 2624 12
1168 2580 1212 2625 οἱ
1244 2580 1463 2624 cancellis
1494 2580 1664 2624 inclusi
1726 2581 1825 2625 ἐπι-

142 2638 407 2696 λελησμένοι
437 2637 605 2684 κείνων
636 2639 740 2683 coni
771 2639 838 2683 Re
925 2637 1115 2684 ἐκείνων
1145 2639 1215 2684 Re
1301 2636 1488 2684 ’κείνων
1518 2639 1627 2683 libri
1657 2640 1768 2683 Ferr

142 2696 327 2742 οἰκείων
358 2698 460 2741 Mor
500 2700 507 2754 Ι
549 2696 597 2742 δ’
631 2699 700 2743 Ro
844 2703 897 2741 13
929 2696 1214 2755 πεμπόμενοι
1246 2698 1292 2742 Β
1436 2703 1490 2742 15
1522 2697 1740 2756 ἀρχαίαις
1771 2711 1828 2742 ex

141 2755 307 2813 ἀρχαῖς
330 2771 431 2801 corr
446 2758 481 2801 Ι
488 2757 504 2782 ²
626 2762 678 2801 16
712 2756 1031 2814 αὐξανομένου
1057 2757 1221 2814 scripsi
1245 2770 1270 2800 e
1289 2757 1511 2802 GVIBM
1569 2756 1826 2814 αὐξομένου

142 2815 285 2860 APU
310 2818 358 2860 et
388 2829 626 2872 suprapos.
655 2815 712 2860 Cr
742 2816 833 2859 edd
969 2821 1023 2859 16
1059 2815 1110 2861 τό
1143 2830 1247 2860 cum
1278 2829 1440 2859 rasura
1470 2817 1608 2860 unius
1639 2816 1825 2860 litterae

143 2874 200 2929 (ν,
230 2876 285 2918 ut
314 2875 512 2931 videtur)
538 2877 584 2919 P
703 2879 755 2918 17
789 2876 1054 2919 ἀποδοῦναι
1084 2875 1210 2919 inser
1233 2874 1290 2919 1²
1412 2880 1466 2918 19
1499 2876 1684 2933 ἔνεργον
1717 2878 1824 2918 ante

143 2937 335 2988 ποιῆσαι
367 2933 664 2977 inserendum
695 2933 800 2977 coni
831 2934 912 2988 Re,
944 2932 1080 2978 πόλιν
1112 2947 1197 2990 ego
1240 2937 1246 2990 ξ
1288 2939 1375 2990 γῆν
1399 2934 1484 2990 τὴν
1515 2934 1582 2978 Re
1614 2934 1753 2977 Anim
