2060 3162
208 126 315 178 276
699 125 927 169 LIBANII
959 125 1182 170 ORATIO
1215 125 1363 170 XVIII

204 263 324 315 τότε
373 267 709 330 κομισθῆναι
760 269 1029 330 πανταχοῖ
1079 262 1266 329 λόγον,
1321 262 1393 324 ὡς
1444 261 1472 315 ὁ
1523 258 1626 329 μὲν
1675 261 1896 316 κατακέ-

204 354 447 404 κλεισται
497 348 588 402 καὶ
639 353 1038 419 πολιορκεῖται,
1089 351 1219 412 τοὺς
1268 352 1565 417 πολεμίους
1616 347 1677 403 δὲ
1729 348 1897 404 οὐδὲν

203 447 390 508 χωρεῖ,
445 437 562 491 ἀλλ’
594 439 816 508 αἱροῦσι
866 439 1052 499 πόλεις
1100 436 1191 490 καὶ
1238 439 1680 492 κατασκάπτουσι
1729 440 1897 493 πάλιν

158 548 180 579 4
203 527 292 579 καὶ
334 526 531 596 ἀροῦσι
581 525 673 579 καὶ
725 528 1015 596 σπείρουσι
1063 527 1165 595 τὴν
1216 526 1524 597 ἀλλοτρίαν.
1600 526 1722 598 ᾔδει
1774 528 1896 596 γάρ,

114 626 261 671 R553
303 615 375 678 ὡς
414 617 462 668 εἰ
501 616 590 668 καὶ
632 618 757 667 λίαν
822 615 828 683 Ι
895 616 1253 685 στρατηγικὸς
1293 614 1525 683 ἐκεῖνος,
1576 615 1780 668 ταύτὸν
1827 614 1896 671 ἂν

202 704 378 756 πάθοι
426 704 735 773 κυβερνήτῃ
786 705 1044 772 μεγίστης
1088 704 1226 766 νεὼς
1276 702 1614 776 ἐστερημένῳ
1662 713 1895 757 ναυτῶν.

205 789 336 845 οὐδὲ
383 793 487 861 γὰρ
535 790 805 860 η’κείνου
852 791 1012 861 τέχνη
1062 790 1272 845 δύναιτ’
1305 791 1376 845 ἂν
1421 791 1550 845 ἀνθ’
1582 792 1716 845 ὅλου
1765 796 1899 861 πλη-

204 880 454 949 ρώματος
504 877 766 945 γενέσθαι
817 886 882 948 τῇ
934 880 1040 946 νηί.
1117 878 1292 941 οὕτως
1339 878 1367 931 ὁ
1417 879 1697 946 βέλτιστος
1743 884 1899 949 βασι-

204 969 330 1029 λεὺς
379 963 444 1035 ἧς
495 968 699 1019 ἔδωκεν
754 966 924 1036 ἀρχῆς
975 966 1207 1035 ἐφθόνει
1260 974 1335 1039 τῷ
1386 968 1744 1021 διασεσεικότι
1798 971 1899 1038 τὴν

137 1075 180 1107 10
204 1056 505 1126 βάρβαρον.

316 1144 400 1196 94.
455 1144 656 1197 Πεσὼν
695 1146 891 1197 τοίνυν
931 1145 1008 1206 εἰς
1048 1143 1286 1214 ἀπορίαν
1327 1144 1355 1197 ὁ
1397 1153 1651 1212 γενναῖος
1691 1144 1899 1208 ἐκεῖνος

202 1233 292 1285 καὶ
332 1239 406 1304 τῷ
451 1251 508 1284 τε
554 1237 855 1301 πεισθῆναι
901 1231 993 1285 καὶ
1040 1234 1112 1301 μὴ
1159 1234 1255 1285 τὸν
1294 1235 1536 1303 ὄλεθρον
1587 1233 1734 1302 ὁρῶν
1773 1234 1901 1286 ἀκο-

205 1325 549 1389 λουθοῦντα,
593 1323 654 1373 τό
693 1340 750 1373 τε
790 1322 893 1391 γὰρ
934 1326 1302 1389 γυμνωθῆναι
1341 1329 1437 1389 τῆς
1476 1322 1761 1390 δυνάμεως
1798 1323 1899 1390 τὴν

204 1410 352 1478 παρὰ
403 1418 515 1462 τῶν
565 1408 835 1462 ἐναντίων
883 1406 991 1478 εἶχε
1043 1411 1265 1479 σφαγὴν
1311 1411 1374 1462 τό
1424 1429 1481 1462 τε
1528 1412 1753 1479 ἔχεσθαι
1800 1410 1900 1477 τὴν

138 1516 180 1549 15
205 1499 352 1567 παρὰ
383 1506 495 1551 τῶν
527 1499 763 1565 οἰκείων,
802 1502 1013 1564 μᾶλλον
1045 1499 1216 1551 εἵλετο
1251 1500 1582 1567 πειθόμενός
1611 1518 1664 1550 τι
1695 1503 1900 1551 παθεῖν

205 1586 238 1654 ἢ
278 1586 461 1639 δοκῶν
502 1585 759 1639 ἀπειθεῖν
804 1586 1154 1657 κουφοτέραν
1199 1590 1407 1656 κρίνων
1453 1588 1552 1655 τὴν
1602 1587 1748 1656 παρὰ
1787 1595 1899 1638 τῶν

203 1676 482 1741 πολεμίων
520 1675 736 1743 πληγὴν
766 1671 830 1743 ἧς
863 1676 1050 1741 ἔμελλε
1081 1674 1308 1743 πλήξειν
1339 1675 1368 1728 ὁ
1403 1676 1689 1742 συγγενής.
1751 1674 1897 1726 οὕτω

205 1763 274 1830 δὴ
312 1763 572 1831 πράττειν
617 1760 824 1815 ἔδωκεν
871 1762 904 1815 ἃ
954 1763 1248 1829 βούλοιντο
1300 1771 1416 1825 τοῖς
1454 1770 1554 1815 τοῦ
1601 1761 1899 1831 πρεσβυτέ-

326 1963 350 2000 2
383 1958 586 2002 Thuc.11
611 1963 680 2013 17,
699 1963 724 2001 3
851 1963 902 2002 15
936 1959 1085 2002 Amm.
1111 1958 1195 2000 XX
1219 1963 1260 2011 4,
1281 1963 1307 2000 4

330 2146 351 2184 1
385 2149 597 2198 πανταχῆ
626 2142 753 2185 BVI
758 2141 801 2185 U
819 2141 922 2184 Mor
981 2147 1222 2198 πανταχοῦ
1257 2142 1319 2184 Μ
1338 2140 1460 2183 Fabr
1502 2140 1509 2198 Ι
1550 2138 1896 2183 κατακέκλειται

209 2229 393 2274 MoPU
477 2215 826 2276 κατακέκλειςαι
858 2230 893 2271 Ι
918 2228 999 2271 sed
1031 2242 1058 2275 ς
1089 2228 1139 2270 111
1161 2241 1236 2270 ras
1262 2227 1331 2270 1112
1489 2231 1514 2269 3
1548 2226 1732 2282 αἴρουσι
1764 2229 1839 2271 La

209 2292 235 2330 5
269 2288 310 2331 εἰ
342 2288 439 2345 καὶ]
474 2287 587 2344 εἴγε
619 2288 741 2331 Fabr
893 2291 918 2329 6
951 2284 1163 2343 μεγίστης
1193 2286 1380 2341 reposui
1413 2298 1437 2329 e
1469 2285 1601 2329 libris
1635 2288 1828 2359 excepto
1854 2286 1899 2329 B

210 2346 291 2401 qui
322 2347 467 2391 habet
497 2346 695 2404 μεγαλης
726 2347 780 2389 1113
812 2345 903 2389 edd
930 2346 936 2399 Ι
965 2343 1276 2402 ἐστερημένων
1310 2345 1463 2389 αὐτῶν
1499 2346 1582 2389 Mo
1705 2349 1728 2387 7
1761 2340 1788 2400 ἦ
1816 2345 1903 2388 Mo

213 2404 219 2458 Ι
256 2403 436 2450 ἐκείνου
469 2405 560 2448 edd
616 2406 622 2463 1
680 2403 889 2450 ἀνθόλου
915 2405 990 2448 La
1170 2408 1196 2446 8
1238 2403 1261 2446 ὁ
1295 2402 1523 2461 βέλτιστος
1556 2402 1579 2446 ὁ
1613 2403 1825 2462 βασιλευς
1855 2404 1901 2445 Β

209 2461 312 2506 Mor
335 2465 457 2507 Fabr
593 2468 618 2506 9
661 2460 959 2508 ὃιασεσωκότι
990 2462 1099 2504 libri
1132 2463 1179 2505 et
1210 2462 1312 2504 Mor
1351 2462 1431 2517 qui
1463 2462 1512 2505 in
1543 2476 1677 2518 marg
1707 2461 1902 2517 praebet

210 2539 266 2579 γρ
292 2520 612 2577 ὃιασεσεικότι,
644 2523 770 2578 quod
802 2522 1076 2577 receperunt
1106 2520 1228 2563 Fabr
1252 2521 1320 2564 Re
1458 2526 1510 2563 12
1543 2537 1590 2564 τε
1622 2519 1896 2575 πεισθῆναι]

210 2584 466 2624 πεπεῖσθαι
493 2581 535 2624 V
712 2585 765 2623 13
799 2582 847 2623 eb
879 2585 934 2623 14
979 2578 1031 2623 τό
1070 2595 1118 2622 τε
1153 2581 1214 2622 Μ
1257 2580 1339 2622 sed
1379 2581 1541 2622 acutus
1585 2579 1635 2622 in
1666 2592 1739 2621 ras
1771 2578 1841 2620 m³

210 2645 294 2682 τῶι
324 2655 371 2683 τε
406 2640 444 2684 0
478 2640 559 2683 sed
592 2653 817 2695 suprascr
853 2655 907 2695 γρ
933 2637 983 2682 τό
1015 2654 1062 2681 τε
1086 2653 1143 2692 m,
1205 2642 1268 2698 τῷ
1299 2654 1347 2681 τε
1379 2638 1641 2681 BMoIPU
1666 2637 1756 2680 edd
1819 2637 1901 2678 aut

210 2697 284 2741 bis
323 2698 374 2741 τὸ
408 2700 489 2741 aut
521 2700 700 2742 servato
739 2701 802 2770 τῷ
835 2696 1129 2740 scribendum
1167 2683 1296 2752 παρὰ
1335 2703 1427 2740 τῶν
1467 2693 1690 2739 ἐναντίων
1730 2708 1899 2750 συνημ-

213 2754 356 2812 μένην
389 2752 483 2799 εἷὸε
514 2756 599 2812 τὴν
632 2755 818 2813 σφαγήν
851 2755 957 2799 coni
989 2755 1056 2798 Re
1198 2760 1251 2798 15
1284 2753 1567 2810 πειθόμενος
1599 2753 1763 2808 scripsi
1795 2767 1900 2795 cum

215 2857 396 2902 Sinteni
457 2818 725 2914 ἵεῖᾞίμενος
748 2859 845 2903 PU
899 2856 1167 2912 λειπόμενος
1191 2855 1378 2912 reliqui
1386 2856 1495 2898 libri
1521 2855 1610 2898 edd
1734 2859 1786 2896 16
1819 2856 1898 2897 δο-

214 2924 313 2961 κεῖν
336 2918 379 2961 V
495 2922 547 2960 17
583 2917 700 2961 οὕτω
734 2917 791 2973 δὴ
825 2916 980 2967 ἁπλῶς
1012 2918 1094 2959 aut
1125 2914 1298 2971 ἀνέδην
1324 2915 1427 2958 coni
1451 2914 1519 2957 Re
1642 2917 1694 2956 18
1728 2911 1787 2956 ἂν
1818 2914 1898 2956 Mo
