2060 3162
209 129 320 188 530
738 127 968 171 LIBANH
998 125 1223 171 ORATIO
1254 126 1404 171 XXIV

215 264 473 317 ἁπάντων
511 272 623 316 τῶν
655 260 936 331 Ἑλλήνων
967 260 1029 315 ἐν
1059 270 1175 325 τοῖς
1214 263 1317 315 δύο
1351 264 1493 316 ἔτεσι
1524 265 1903 333 παρελθόντος

166 342 168 345 ’
213 356 440 417 θυσίας;
480 352 567 404 36.
609 346 772 414 οὗτος
802 351 906 419 γάρ
938 349 1091 404 ἐστιν
1122 350 1150 404 6
1182 353 1408 420 μερίσας
1439 352 1611 405 αὑτοῦ
1643 353 1743 405 τὸν
1774 355 1902 419 βίον

211 446 288 513 εἴς
326 460 384 494 τε
422 441 518 503 τὰς
556 437 695 510 ὑπὲρ
734 449 846 492 τῶν
879 439 1026 493 ὅλων
1057 441 1262 507 βουλὰς
1295 445 1372 502 εἵς
1402 460 1460 494 τε
1491 442 1586 504 τὰς
1616 442 1740 507 περὶ
1773 443 1902 504 τοὺς

210 532 430 599 βωμοὺς
478 530 787 599 διατριβάς,
843 524 1003 591 οὗτος
1051 529 1079 582 6
1128 527 1189 581 ἐν
1227 533 1466 591 τελεταῖς
1514 532 1736 599 μυρίαις
1784 530 1902 598 ὁμι-

166 640 186 673 5
212 622 380 688 λήσας
419 620 698 687 δαίμοσιν,
745 612 909 680 οὗτος
949 617 977 671 ὁ
1017 614 1157 687 ὑπὲρ
1197 627 1308 670 τῶν
1346 617 1696 685 ὑβρισμένων
1737 620 1904 688 ἱερῶν

117 711 299 765 RH57
341 705 600 770 στενάξας
656 705 663 774 Ι
719 706 837 774 μέν,
889 706 989 769 ἕως
1027 704 1174 759 τοῦτ’
1208 705 1334 775 ε’ξῆν
1371 709 1562 775 μόνον,
1614 707 1802 759 ὅπλων
1841 704 1902 760 δὲ

211 796 507 864 ἁψάμενος,
547 795 734 864 ἐπειδὴ
773 796 964 866 καιρὸς
1001 803 1201 865 παρῆν,
1241 790 1403 858 οὗτος
1443 795 1472 849 6
1507 797 1573 849 τά
1605 810 1903 865 κατεσκαμ-

211 885 349 955 μένα
387 882 490 954 μὲν
522 884 766 948 ἀποδοὺς
796 893 911 948 τοῖς
949 886 1188 954 χωρίοις,
1227 886 1322 947 τὰς
1359 886 1517 951 τιμὰς
1555 885 1617 938 δὲ
1647 883 1738 938 καὶ
1777 886 1903 937 τού-

211 995 327 1037 τοις
371 994 461 1027 και
517 982 631 1036 τοῖς
686 974 874 1036 ἄλλοις
925 959 1146 1042 άπασιν,
1202 969 1364 1036 οὗτος
1412 974 1440 1027 6
1489 975 1550 1027 τὸ
1598 974 1765 1027 θύειν
1813 972 1899 1026 καὶ

145 1085 189 1118 10
213 1062 474 1116 σπένδειν
527 1063 710 1132 ὥσπερ
767 1061 825 1115 ἐκ
880 1071 1061 1130 φυγῆς
1115 1063 1454 1130 καταγαγών,
1510 1058 1670 1125 οὗτος
1725 1063 1753 1116 6
1808 1065 1906 1124 τὰς

212 1151 561 1220 πεπαυμένας
609 1150 800 1221 ἑορτὰς
847 1150 1323 1219 ἀνανεωσάμενος,
1373 1146 1534 1213 οὗτος
1574 1150 1602 1203 ὁ
1643 1154 1774 1213 τοὺς
1813 1151 1906 1205 ε’πι

121 1253 230 1297 RH
247 1256 302 1296 58
342 1248 406 1310 τῇ
447 1241 717 1310 θεραπεία
755 1248 868 1292 τῶν
913 1239 918 1306 j
965 1241 1298 1308 κρειττόνων
1337 1240 1635 1302 κινδύνους
1673 1239 1904 1307 ἀνελών,

214 1323 375 1391 οὗτος
422 1328 450 1381 ὁ
499 1328 753 1396 μηδαμοῦ
810 1328 911 1396 τὴν
957 1328 1214 1380 διάνοιαν
1261 1327 1571 1397 ἀποστήσας
1617 1337 1712 1396 τῆς
1757 1331 1904 1398 παρὰ

213 1424 367 1471 θεῶν
416 1417 659 1484 εὐνοίας,
714 1412 875 1478 οὗτος
927 1416 955 1469 6
1002 1420 1226 1469 πολλῶν
1279 1415 1533 1480 ἐξελάσας
1586 1416 1759 1486 ἀχλὺν
1813 1416 1904 1470 καὶ

149 1530 190 1562 15
215 1507 441 1559 πάντων
481 1504 528 1558 δ’
561 1506 647 1574 ἄν,
688 1507 736 1558 εἰ
775 1506 846 1574 μὴ
887 1509 1229 1576 προαπῆλθε.

326 1595 411 1647 37.
475 1595 689 1646 Τούτου
728 1595 827 1647 Διὶ
865 1591 967 1662 μὲν
1005 1594 1179 1663 μέλει,
1226 1597 1442 1661 βασιλεῖ
1491 1594 1782 1663 βασιλέως,
1832 1595 1907 1657 ὡς

217 1683 536 1753 ὁμοτέχνου,
583 1682 791 1753 Ἀθηνᾷ
838 1680 899 1735 δὲ
944 1691 1158 1754 τῇτοῦ
1198 1685 1337 1746 Διὸς
1382 1683 1624 1753 θυγατρὶ
1672 1685 1764 1736 διὰ
1803 1686 1905 1752 τὴν

216 1774 509 1843 φρόνησιν,
550 1769 720 1843 Ἑρμῇ
762 1769 822 1824 δὲ
863 1772 954 1824 διὰ
993 1774 1121 1835 τοὺς
1161 1770 1222 1825 ἐν
1268 1780 1437 1825 πᾶσιν
1477 1774 1647 1825 εἴδεσι
1689 1774 1908 1841 λόγους,

339 1952 360 1990 1
394 1946 544 1990 Amm.
570 1946 699 1990 XXII
725 1952 794 2001 12,
813 1952 838 1990 6

339 2121 362 2159 9
410 2117 490 2160 καὶ
524 2115 604 2161 διὰ
633 2124 769 2161 τοῦτο
802 2114 1037 2167 εἰκότως
1021 2115 1080 2159 ἀν
1110 2120 1173 2176 τῷ
1206 2116 1433 2175 ἀθανάτῳ
1466 2118 1546 2160 καὶ
1578 2115 1723 2170 ζέοντι
1754 2133 1905 2170 παρα-

220 2176 384 2225 δοθεὶς
414 2177 528 2231 πυρὶ
560 2173 734 2234 ἐκείνῳ,
767 2174 838 2219 ότι
869 2174 1081 2233 φυγόντα
1111 2192 1160 2219 τε
1192 2177 1271 2219 καὶ
1294 2163 1571 2231 πεπαυμένα
1601 2175 1747 2219 πάλαι
1778 2175 1906 2219 πάνυ

217 2235 276 2281 τὰ
306 2235 413 2290 περ),
450 2236 560 2284 τοὺς
598 2211 828 2291 δαίμονας
864 2234 1114 2290 τελούμενα
1152 2235 1426 2289 ἀνθρώποις
1464 2234 1544 2278 διὰ
1582 2238 1763 2278 θυσιῶν
1804 2235 1904 2290 ἐφι-

221 2292 486 2350 λονείκησεν
517 2293 660 2343 αὐτὸς
690 2292 1075 2337 ἀνακαλέσασθαι
1107 2292 1175 2336 V²

340 2469 363 2507 1
409 2464 495 2508 δύο
525 2463 692 2520 scripsi
725 2465 913 2506 auctore
945 2462 1119 2506 Cobeto
1153 2462 1263 2507 coll.
1290 2462 1367 2506 1.1.
1402 2463 1482 2518 qui
1514 2460 1590 2507 δύ’
1627 2464 1733 2507 coni
1794 2463 1906 2507 δέκα

220 2522 331 2566 libri
365 2523 463 2578 (sed.
495 2523 545 2567 ἐν
578 2523 683 2567 δυσὶ
714 2521 875 2579 μόνοις
905 2522 1012 2565 Vat.
1039 2524 1141 2578 939)
1167 2523 1258 2566 edd
1410 2527 1435 2565 2
1466 2520 1640 2573 θυσίας
1669 2535 1779 2566 voce
1812 2523 1906 2565 des.

220 2581 300 2626 fol.
319 2586 402 2624 231
429 2585 479 2624 in
503 2581 559 2636 C3
591 2582 706 2625 folio
739 2581 953 2637 sequenti
977 2581 1130 2625 exciso
1162 2595 1282 2637 quae
1310 2582 1670 2625 continebantur
1693 2581 1911 2637 suppleta

222 2641 332 2683 sunt
355 2640 540 2684 saeculo
565 2641 649 2684 XV
680 2641 731 2683 in
753 2640 867 2684 folio
899 2640 1025 2696 quod
1056 2654 1180 2683 nunc
1203 2641 1339 2684 inibio
1372 2641 1546 2684 codicis
1571 2641 1725 2684 exstat
1755 2640 1812 2684 cf.
1837 2642 1868 2683 t.
1888 2640 1908 2682 I

222 2715 267 2755 p.
291 2703 345 2742 13
375 2703 380 2755 Ι
410 2699 554 2743 αὑτοῦ
585 2700 654 2743 Re
746 2700 890 2743 αὐτοῦ
922 2698 1032 2741 libri
1066 2699 1122 2742 Ol
1145 2699 1269 2742 Fabr
1449 2705 1474 2743 3
1507 2700 1615 2749 τοὺς
1644 2700 1770 2743 inser
1791 2698 1850 2742 1³

223 2772 297 2801 om
322 2758 379 2802 Ol
395 2758 518 2801 Fabr
653 2762 681 2800 4
711 2756 899 2815 μυρίαις
921 2759 956 2800 Ι
981 2758 1062 2801 sed
1087 2775 1162 2809 αις
1192 2759 1242 2801 in
1265 2771 1341 2801 ras
1364 2758 1435 2801 m³
1573 2763 1599 2800 5
1632 2755 1849 2814 δαίμοσιν
1880 2758 1917 2800 I

223 2817 348 2860 eedv
374 2817 467 2860 add
483 2817 552 2859 m³
665 2821 691 2859 8
724 2817 808 2873 μὲν
839 2832 915 2861 om
938 2816 996 2860 Ol
1011 2817 1135 2860 Fabr
1161 2817 1167 2875 Ι
1195 2818 1455 2869 ἀποδιδοὺς
1480 2818 1519 2862 C
1635 2822 1689 2860 13
1721 2819 1909 2873 μηδαμῆ

222 2877 363 2932 ΒαΙΙ
390 2875 519 2931 παρὰ
551 2876 716 2931 scripsi
791 2876 899 2932 περὶ
929 2875 1041 2919 libri
1073 2876 1164 2919 edd
1308 2882 1363 2919 14
1397 2873 1581 2926 ἐννοίας
1610 2876 1736 2919 ΑΡΙ
1760 2874 1816 2918 01
1840 2875 1915 2925 Βθ,

285 2939 339 2977 16
372 2933 595 2992 βασιλέων
629 2935 685 2978 Ol
708 2935 833 2978 Fabr
1891 2935 1894 2941 ⁸
