2060 3162
204 95 308 146 126
754 94 983 138 LIBANH
1014 93 1238 139 ORATIO
1269 94 1354 138 XV

200 230 573 302 στρατοπέδῳ,
616 228 801 298 τέχναι
840 226 901 281 δὲ
939 238 1195 282 παντοῖαι
1233 228 1324 282 καὶ
1371 235 1587 298 πλῆθος
1634 229 1890 300 ἐμπόρων

200 320 288 372 καὶ
338 317 507 387 πηγαὶ
555 318 644 370 καὶ
691 318 931 384 ποταμὸς
980 316 1071 370 καὶ
1118 318 1322 387 χειμὼν
1367 325 1541 390 πρᾷος
1586 318 1675 371 καὶ
1713 312 1887 388 θέρος

200 409 413 460 ἄλυπον
457 405 550 459 καὶ
589 414 656 474 γῆ
703 406 881 459 πάντα
927 407 1106 459 πολλὰ
1144 405 1393 477 φέρουσα
1442 417 1553 460 τῶν
1599 408 1745 477 παρὰ
1783 415 1885 460 τοῦ

198 497 349 561 Διός,
390 496 442 547 εἰ
468 495 640 564 τύχοι.
714 495 797 546 17.
838 495 915 556 εἰς
947 494 981 546 ἄ
1010 514 1104 562 μοι
1145 496 1355 567 δοκεῖτε
1393 494 1691 563 βλέψαντες
1729 496 1886 565 ὑμεῖς

155 585 250 637 5οῑ
304 586 548 652 βασιλεῖς
603 581 664 636 ἐν
717 591 833 646 τοῖς
886 583 1025 652 πρὸς
1074 585 1206 646 τοὺς
1258 584 1575 654 βαρβάρους
1626 584 1888 653 πολέμοις

197 672 326 741 τῇδε
371 673 659 742 χειμάζειν,
711 672 784 734 ὡς
832 671 1105 741 ἀρκούσης
1150 680 1247 740 τῆς
1294 674 1501 735 πόλεως
1547 672 1887 742 ἀνασχέσθαι

196 761 293 813 τὸν
332 762 501 828 ὄγκον
538 767 637 813 τοῦ
669 761 1002 830 πράγματος,
1041 762 1137 824 τὰς
1170 759 1219 813 δ’
1251 762 1419 824 ἄλλας
1449 759 1538 813 καὶ
1572 760 1885 832 διατρέχον-

196 869 281 912 τες
319 851 615 918 θορυβεῖτε
657 850 729 918 μὴ
770 848 1079 918 δυναμένας
1126 848 1372 918 ἐνεγκεῖν
1416 850 1477 903 τὸ
1525 851 1772 920 φορτίον.
1849 851 1885 919 ἡ

195 935 296 1005 μὲν
336 940 438 1008 γὰρ
480 940 659 991 ἔοικεν
697 937 889 991 ὁλκάδι
927 941 1255 1010 μυριοφόρῳ
1295 939 1501 1009 μεγάλῃ
1539 936 1630 991 καὶ
1668 939 1884 1009 ἰσχυρᾷ,

132 1050 174 1080 10
197 1028 292 1090 τὰς
332 1025 380 1079 δ’
413 1027 653 1090 εἰκάσαις
693 1025 762 1079 ἂν
801 1019 1060 1096 ἀκατίοις,
1102 1020 1184 1090 οἷς
1222 1026 1391 1080 πλέον
1431 1028 1605 1096 ἄχθος
1644 1028 1692 1080 εἰ
1725 1032 1885 1096 φιλο-

196 1117 474 1184 νεικήσαις
524 1114 790 1184 ἐνθεῖναι,
840 1115 1156 1179 κατέδυσας.
1237 1115 1320 1168 18.
1375 1122 1482 1169 νῦν
1528 1110 1631 1168 οὖν
1680 1116 1885 1184 ἥκομεν

196 1205 268 1267 ὡς
306 1205 468 1274 χάριν
507 1205 789 1266 αἰτοῦντες
826 1205 928 1272 τὴν
959 1205 1310 1274 λειτουργίαν
1351 1206 1541 1273 ζημίαν
1578 1203 1882 1272 ἡγούμενοι

195 1294 295 1362 τὴν
333 1291 459 1363 περὶ
498 1300 669 1345 ταῦτα
701 1292 1027 1346 ἀνάπαυσιν.
1090 1291 1148 1345 ἐκ
1188 1294 1291 1363 γὰρ
1324 1300 1424 1346 τοῦ
1456 1294 1623 1345 πάλαι
1654 1292 1886 1362 μελέτην

196 1381 479 1450 εἰληφέναι
534 1388 634 1434 τοῦ
688 1381 1003 1450 πράγματος
1052 1387 1344 1450 ποθοῦμεν
1397 1380 1665 1449 βασιλέως
1714 1380 1883 1434 καθέ-

130 1492 170 1523 15
197 1471 355 1540 δραν,
396 1471 577 1540 ὥσπερ
618 1470 674 1522 αἱ
713 1472 899 1523 τίτθαι
937 1470 1038 1523 τὸν
1075 1469 1200 1540 περὶ
1239 1471 1305 1523 τά
1343 1471 1536 1523 παιδία
1573 1471 1750 1522 πόνον
1781 1476 1884 1522 τοῦ

195 1561 400 1628 χρόνου
452 1561 744 1629 προϊόντος
794 1557 856 1612 ἐν
908 1560 1082 1629 ἡδονῇ
1133 1561 1381 1612 τίθενται
1434 1558 1539 1611 κᾶν
1587 1558 1620 1627 ἡ
1667 1559 1885 1611 τιτθεία

196 1648 333 1718 λάβῃ
383 1647 553 1715 τέλος,
605 1648 957 1716 δακρύουσιν.
1020 1647 1121 1700 «19.
1178 1649 1225 1700 εἰ
1275 1645 1377 1716 μὲν
1423 1644 1526 1700 οὖν
1573 1646 1626 1710 ἐξ
1676 1647 1885 1717 οὐρίων

196 1737 325 1804 ἡμῖν
363 1737 423 1789 τὸ
464 1735 620 1799 κλέος
659 1738 892 1806 ἔτρεχεν,
945 1735 1065 1789 οὔτ’
1096 1735 1165 1789 ἂν
1205 1736 1393 1807 ἕτερον
1433 1734 1752 1806 εὐτρέπιστό
1793 1750 1882 1788 σοι

195 1826 399 1893 χωρίον
454 1823 569 1878 οὔτ’
608 1823 677 1877 ἂν
731 1827 913 1894 λόγων
967 1823 1079 1878 ἔδει
1132 1833 1246 1888 τοῖς
1301 1824 1649 1894 ἀφιγμένοις,
1705 1822 1822 1877 ἀλλ’
1872 1821 1877 1895 ξ

105 1925 251 1967 R457
293 1912 326 1965 ἃ
364 1922 474 1965 τῶν
520 1913 913 1981 συνηδομένων
960 1912 1074 1966 ε’στὶ
1123 1912 1497 1982 φθεγξάμενοι
1543 1913 1632 1965 καὶ
1670 1920 1735 1982 τῇ
1781 1919 1880 1964 τοῦ

129 2023 169 2053 21
197 2001 374 2070 δήμου
423 2009 582 2070 φωνῇ
629 2002 695 2053 τά
742 2003 980 2054 εἰωθότα
1025 2002 1357 2071 χρησάμενοι
1406 2004 1513 2054 σὺν
1558 2003 1744 2070 χορείᾳ
1789 1997 1879 2052 καὶ

194 2091 370 2160 κρότῳ
418 2087 509 2142 καὶ
556 2091 918 2159 σκιρτήμασιν
967 2091 1174 2158 ἤγομεν
1223 2090 1293 2141 ἄν
1332 2104 1391 2141 σε
1431 2090 1567 2157 πρὸς
1605 2089 1666 2140 τὸ
1719 2089 1879 2140 ἄστυ·

314 2210 338 2248 9
364 2205 603 2249 Thuc.V11
620 2209 689 2258 25,
708 2209 735 2248 4
761 2203 817 2248 cf.
844 2203 954 2248 Lob.
971 2203 1140 2261 Phryn.
1166 2219 1210 2260 p.
1232 2208 1315 2247 662
1439 2208 1492 2247 17
1519 2203 1656 2259 Soph.
1674 2203 1746 2247 Ai.
1763 2207 1876 2247 1083

312 2315 336 2351 2
371 2310 450 2352 καὶ
480 2309 627 2365 πηγαὶ
658 2321 732 2351 0111
755 2308 866 2351 Ferr
889 2307 990 2351 Mor
1140 2313 1167 2350 4
1198 2307 1326 2364 ὑμεῖς
1356 2306 1481 2350 inser
1504 2307 1538 2349 I
1545 2306 1640 2350 ³13²
1719 2320 1793 2350 om
1819 2309 1883 2351 M

254 2372 278 2410 6
310 2367 392 2412 τὸν
426 2366 563 2425 ὄγκον
595 2365 887 2425 ἀνασχέσθαι
910 2367 979 2410 Re
1100 2371 1125 2410 9
1158 2365 1454 2434 μυριοφόρτῳ
1478 2365 1589 2409 Ferr
1611 2365 1726 2420 Mor,
1751 2366 1876 2420 quod

193 2427 235 2468 h
262 2426 291 2468 1.
324 2426 703 2482 improbandum,
751 2439 1034 2482 quamquam
1074 2426 1225 2469 exstat
1263 2426 1311 2469 in
1355 2411 1693 2481 epigrammate
1730 2425 1875 2468 Auto-

193 2485 423 2528 medontis
447 2485 586 2529 Anssh.
605 2485 702 2528 Pal.
721 2485 850 2540 X23,
869 2490 894 2528 5
956 2484 1126 2560 μεγάλῃ
1158 2485 1237 2528 καὶ
1270 2484 1433 2545 ἰσχυρᾷ
1472 2498 1555 2540 pro
1595 2482 1875 2539 glossemate

192 2543 487 2587 habendum?
608 2549 663 2587 10
688 2543 740 2589 δὲ
763 2544 831 2588 Re
954 2549 1006 2587 11
1041 2541 1124 2588 οὖν
1147 2543 1272 2587 inser
1295 2545 1341 2587 P
1351 2543 1367 2567 ⁴
1488 2547 1541 2585 12
1573 2544 1812 2598 ζητοῦντες
1838 2544 1884 2587 V

254 2606 307 2644 13
341 2603 391 2646 ἐκ
421 2603 509 2659 γὰρ
540 2610 622 2647 τοῦ
655 2604 819 2659 scripsi
896 2603 946 2647 ἐν
977 2602 1064 2660 γὰρ
1095 2606 1158 2661 τῷ
1189 2602 1298 2645 libri
1330 2601 1421 2644 edd
1542 2606 1597 2643 14
1629 2600 1874 2657 καθέδραν

193 2662 238 2704 Ρ
267 2661 348 2704 sed
379 2664 593 2715 καθεδρα
624 2661 672 2704 in
696 2676 772 2705 ras
797 2661 867 2704 m⁴
988 2667 1042 2705 15
1072 2647 1234 2705 τίτθαι
1258 2663 1304 2705 P
1332 2661 1414 2704 sed
1437 2676 1462 2703 τ
1494 2659 1693 2703 alterum
1724 2660 1771 2702 in
1796 2674 1873 2703 ras

192 2719 260 2761 111“1
320 2722 491 2791 τῆτθαι
518 2721 583 2778 01
611 2728 693 2764 τοῦ
719 2735 794 2764 0111
817 2721 928 2764 Fen·
951 2720 1054 2764 Mor
1175 2724 1227 2763 16
1259 2719 1288 2776 ἡ
1313 2719 1361 2762 in
1385 2731 1460 2762 ras
1485 2718 1542 2762 Ι3
1663 2723 1715 2760 17
1750 2719 1791 2762 εἰ
1814 2745 1873 2751 —

195 2782 292 2831 127,
320 2782 344 2821 6
379 2775 567 2834 ἥκουσιν
606 2779 723 2822 citat
752 2779 870 2822 Plan
902 2779 981 2823 fol.
1010 2783 1095 2821 104
1276 2781 1329 2820 18
1374 2794 1422 2833 ερ
1460 2793 1510 2835 χε
1551 2778 1598 2819 et
1628 2789 1702 2819 ras
1737 2782 1761 2819 3
1793 2777 1873 2820 litt

204 2837 247 2881 U
288 2838 295 2894 Ι
338 2851 410 2880 σοι
442 2836 706 2892 εὐτρέπιστο
733 2837 801 2880 Re
875 2835 1148 2893 ηὐτρέπιστό
1179 2837 1296 2880 Plan
1411 2841 1470 2880 21
1503 2834 1783 2893 χρησάμενοι
1813 2836 1872 2880 τὰ

193 2893 395 2939 εἰωθότα
430 2897 474 2940 U
534 2895 653 2939 κατὰ
683 2895 740 2939 τὰ
773 2895 975 2939 εἰωθότα
1008 2895 1162 2940 Gasda
