2060 3162
249 103 357 155 512
771 103 1000 147 LIBANH
1032 102 1255 148 ORATIO
1288 104 1436 149 XXIV

258 244 661 309 VpUBaIMoLQ
699 245 773 291 ita
810 245 980 292 tamen
1017 246 1074 291 ut
1113 247 1411 307 apparatum
1449 248 1676 296 criticum
1715 248 1938 298 sordibus

250 318 431 365 codicis
462 319 544 365 La
578 319 713 366 vitiis
751 319 1041 380 lacunisque
1081 321 1317 367 scatentis
1357 336 1559 368 onerare
1600 338 1753 383 aeque
1789 325 1938 384 atque

249 393 301 438 in
340 392 428 455 illa
468 394 690 439 oratione
730 393 868 440 nefas
909 392 1131 440 duxerim
1168 395 1482 455 paucissimis
1522 396 1642 443 locis
1676 396 1853 458 quibus
1885 397 1938 444 id

249 466 429 512 referre
481 467 643 513 visum
694 468 769 513 est
815 468 1042 528 exceptis.
1120 467 1294 529 Neque
1345 468 1490 516 aliter
1536 469 1594 516 de
1646 471 1810 518 codice
1849 472 1938 518 Mo

250 540 567 587 statuendum
606 556 709 588 esse
750 542 931 601 censui⁷
971 542 1155 602 quippe
1192 543 1277 602 qui
1308 542 1676 591 mendosissime
1710 547 1938 599 exaratus

247 614 385 661 nullo
424 615 531 662 loco
573 614 635 662 ad
666 614 930 662 lectionem
969 615 1227 677 archetypi
1264 617 1485 664 familiae
1525 618 1766 665 secundae
1796 620 1938 666 resti-

247 687 485 735 tuendam
532 690 797 750 quicquam
844 690 1078 736 conferat.
1156 689 1330 751 Neque
1375 691 1734 739 Baroccianum
1780 692 1938 741 denuo

251 764 475 809 excutere
513 778 709 810 necesse
747 764 859 823 fuit,
901 765 1135 824 quoniam
1175 763 1233 811 de
1274 766 1376 812 eius
1422 765 1714 813 lectionibus
1755 782 1781 814 0
1821 767 1938 814 duo-

248 835 339 883 bus
379 837 679 899 apographis
720 838 841 884 satis
882 839 1088 884 constat.

247 901 250 903 ’
362 908 535 958 Oratio
561 927 672 958 cum
696 911 909 959 secunda
934 927 1087 973 aeque
1114 914 1261 973 atque
1287 928 1398 960 01110
1413 913 1646 962 monodia
1662 915 1939 976 epitaphio-

250 1000 344 1046 que
360 984 546 1032 Iuliani
571 987 724 1032 etiam
747 985 839 1032 hoc
864 1001 1119 1033 commune
1144 986 1309 1047 habet,
1335 987 1465 1048 quod
1487 988 1753 1036 lectoribus
1777 991 1941 1050 poste--

248 1059 438 1105 riorum
471 1061 691 1106 aetatum
726 1075 825 1106 non
855 1061 928 1106 ita
961 1061 1142 1107 arrisit.
1212 1060 1361 1122 Apud
1392 1063 1741 1124 grammaticos
1773 1062 1938 1110 nullus

248 1132 384 1180 locus
415 1134 683 1194 reperitur3
724 1150 749 1180 e
783 1133 1139 1197 florilegiorum
1171 1135 1453 1182 auctoribus
1484 1151 1610 1182 unus
1642 1135 1938 1184 Macarius

253 1202 825 1272 Chrysocephalusl)
865 1225 1019 1254 unum
1057 1209 1221 1256 locum
1252 1208 1491 1256 laudavit.
1571 1208 1754 1257 Contra
1786 1225 1938 1271 aeque

251 1282 400 1341 atque
454 1282 507 1327 in
562 1281 813 1343 epitaphio
868 1281 1052 1328 Iuliani
1114 1282 1301 1330 scribae
1354 1283 1658 1344 lectoresque
1717 1283 1940 1331 codicum

249 1354 382 1401 haud
420 1371 533 1402 raro
582 1355 886 1404 occasionem
924 1355 1190 1403 Libanium
1237 1356 1515 1404 detestandi
1561 1357 1939 1419 exsecrandique

251 1430 640 1490 capessiverunt‚
694 1431 832 1477 cuius
881 1431 954 1477 rei
1005 1446 1130 1491 quae
1177 1432 1230 1476 in
1277 1430 1523 1479 codicibus
1571 1431 1941 1479 Vindobonensi

251 1494 326 1568 (et
355 1503 599 1551 Vaticano
642 1521 710 1567 gr.
739 1498 833 1569 82)
875 1506 1070 1551 exstant
1107 1505 1394 1552 testimonia
1434 1506 1630 1553 silentio
1670 1507 1939 1567 praeterire

249 1577 400 1624 nolui.

364 1650 460 1707 Qui
489 1652 678 1712 primus
710 1653 1009 1699 nostratium
1035 1654 1336 1701 mentionem
1368 1655 1605 1709 orationis
1637 1654 1756 1701 fecit
1785 1653 1939 1701 Hen-

250 1725 410 1772 ricus
439 1725 714 1773 Valesius
751 1719 839 1792 (ad
870 1725 1191 1773 Ammianum
1214 1727 1375 1774 XXXI
1405 1729 1470 1774 13
1503 1744 1550 1788 p.
1579 1728 1681 1774 646
1717 1728 1789 1774 ed.
1813 1729 1938 1789 post.

252 1800 301 1844 et
341 1798 402 1845 ad
443 1798 766 1846 Sozomenum
789 1799 908 1847 V11
950 1817 997 1861 p.
1027 1801 1130 1848 218
1152 1794 1228 1867 O),
1267 1801 1566 1863 descriptam
1613 1803 1714 1849 sive
1755 1817 1779 1848 e
1820 1802 1939 1849 Bar-

251 1872 420 1920 berino
462 1874 565 1920 sive
605 1890 629 1920 e
662 1873 887 1921 Parisino
927 1890 1076 1936 penes
1117 1890 1166 1922 se
1205 1875 1392 1922 habuit.
1457 1874 1528 1922 Cf.
1560 1877 1597 1923 t.
1621 1875 1646 1921 I
1677 1892 1724 1936 p.
1749 1876 1815 1923 33
1832 1890 1901 1937 sq.

363 1946 507 1994 Anno
544 1949 683 1994 1702
724 1949 941 2009 primum
979 1949 1187 2010 prodiit:
1226 1949 1432 1997 Libani&
1465 1949 1729 2008 Sophistae,
1774 1948 1939 1997 Oratio

250 2020 329 2067 De
377 2020 657 2069 Vlciscenda
701 2022 894 2069 Iuliani
931 2023 1058 2083 Imp.
1099 2037 1229 2078 nece,
1276 2024 1358 2070 Em
1403 2024 1708 2070 Membranis
1754 2023 1939 2070 Biblio-

252 2094 409 2142 thecae
439 2094 743 2154 Bodlejanae
772 2096 826 2142 in
860 2096 1009 2143 Vsum
1041 2095 1345 2158 φιλελλήνων
1376 2097 1523 2145 Nunc
1545 2099 1766 2156 primum
1797 2096 1938 2144 edita.

252 2167 477 2226 Lipsiae,
524 2167 671 2215 Anno
714 2163 924 2234 17022)
1002 2170 1042 2216 E
1092 2172 1280 2231 septem
1331 2172 1525 2218 constat
1573 2170 1708 2217 foliis
1761 2169 1937 2231 quibus

252 2243 449 2302 praeter
478 2242 683 2289 titulum
713 2243 839 2289 nihil
871 2244 969 2290 nisi
999 2245 1162 2291 textus
1197 2259 1402 2307 graecus
1434 2245 1725 2292 continetur.
1790 2242 1937 2291 God-

252 2315 475 2362 fridum
529 2318 696 2363 autem
744 2314 1045 2364 Olearium
1099 2317 1202 2364 eius
1252 2319 1500 2365 auctorem
1554 2318 1704 2365 fuisse
1759 2318 1939 2365 scimus

252 2391 536 2438 testimonio
570 2391 841 2438 certissimo
881 2390 1148 2438 Fabricii
1187 2391 1315 2438 Bibl.
1343 2390 1508 2439 Graec.
1527 2391 1626 2437 VII
1653 2384 1829 2457 3963),
1877 2391 1940 2439 ad

256 2479 401 2523 quem
439 2463 524 2511 ille
563 2467 827 2525 postquam
867 2479 968 2511 sese
999 2464 1126 2511 hanc
1166 2480 1276 2511 cum
1308 2465 1639 2527 compluribus
1680 2465 1792 2512 aliis
1833 2479 1938 2512 ora-

253 2537 472 2584 tionibus
513 2538 761 2585 editurum
800 2553 904 2586 esse
950 2538 1052 2585 iam
1091 2554 1218 2586 anno
1263 2540 1402 2586 1695
1445 2532 1719 2605 scripsit4)‚
1766 2541 1938 2600 postea

376 2679 416 2734 1)
451 2677 516 2721 Cf.
549 2679 621 2721 t.1
653 2694 697 2734 p.
725 2683 807 2721 351
823 2694 887 2734 sq.

376 2739 420 2793 2)
452 2736 686 2780 Editionis
716 2737 982 2780 rarissimae
1014 2738 1250 2793 exemplar
1281 2738 1372 2780 nisi
1403 2738 1451 2780 in
1476 2737 1761 2781 bibliotheca
1794 2735 1939 2780 civica

255 2795 602 2850 Hamburgensi
633 2796 840 2839 nancisci
871 2796 988 2839 mihi
1018 2809 1110 2839 non
1143 2797 1354 2854 contigit.

373 2856 419 2969 ἓ)
450 2854 700 2956 ἕὲηἰθῗιω
731 2856 889 2957 ἓέ11000
920 2855 959 2897 is
993 2868 1096 2898 eam
1128 2869 1248 2899 anno
1281 2859 1398 2900 1701
1432 2855 1660 2911 prodiisse
1692 2854 1822 2898 dixit.

509 2949 516 2957 .
575 2947 582 2955 .
659 2929 703 2969 p.
821 2950 829 2957 .
