2072 3162
261 111 331 163 66
789 111 1018 155 LIBANH
1048 110 1270 156 ORATIO
1303 111 1411 156 XIII

262 246 677 314 ἀναβησόμενον
723 249 829 299 σὺν
874 245 1032 316 τέχνῃ
1080 254 1243 300 τοῦτο
1295 246 1411 300 δεόι
1455 256 1638 301 ποιεῖν
1674 246 1708 315 ἢ
1747 248 1942 315 βεβλά-

262 340 406 404 φθαι
445 335 577 401 μετὰ
615 342 726 386 τῶν
765 335 963 402 ἵππων,
1003 333 1031 387 ὁ
1065 331 1126 387 δὲ
1156 342 1252 403 τῆς
1290 335 1615 406 οἰκουμένης
1652 337 1747 398 τὰς
1784 336 1942 405 ἡνίας

261 425 567 491 ληψόμενος
614 424 721 475 σὺν
767 422 979 493 ἀμαθίᾳ
1025 424 1292 491 τοσαύτης
1337 425 1670 493 ἡνιοχήσεως
1716 425 1940 478 ἅπτοιτο

259 510 350 564 καὶ
388 520 503 574 τοῖς
541 510 813 580 ἐσθήμασι
852 520 963 564 τῶν
1003 510 1320 582 ἀρχομένων
1357 515 1618 583 κρείττων
1657 512 1735 565 ὢν
1767 511 1828 565 ἐν
1865 518 1941 584 τῷ

217 622 237 655 5
261 602 509 653 καλλίονι
549 602 807 653 λείποιτο.

371 688 419 740 9.
466 687 787 757 Ἐγίγνοντο
826 690 1020 742 τοίνυν
1059 687 1219 758 ἀρχαὶ
1258 689 1433 761 τούτῳ
1471 697 1570 742 τοῦ
1614 690 1942 759 μανθάνειν,

261 777 350 830 ὅτε
388 795 490 848 περ
530 785 629 830 τοῦ
668 778 952 830 παιδεύειν
991 777 1127 846 ε’μοί,
1166 775 1257 830 καὶ
1289 778 1549 847 πεφυκὼς
1587 777 1641 842 ἐξ
1673 775 1751 833 ὧν
1785 784 1942 846 ἴσμεν

258 866 436 919 πάντα
489 865 711 935 ἀφελὼν
765 868 933 934 ὄγκον
983 864 1229 933 ἐβάδιζεν
1276 867 1352 929 εἰς
1399 867 1734 920 διδασκάλου
1780 887 1942 920 κατα-

261 956 461 1022 στήσας
501 954 669 1007 αὑτὸν
708 953 769 1007 ἐν
807 960 880 1027 τῷ
914 963 1027 1008 τῶν
1065 956 1247 1008 ἄλλων
1281 954 1458 1027 μέτρῳ
1496 956 1586 1008 καὶ
1626 955 1708 1008 δι’
1731 951 1811 1009 ὧν
1840 953 1942 1023 μὲν

195 1066 236 1097 10
261 1042 416 1112 ἐτίμα
445 1044 505 1096 τὸ
537 1044 662 1112 περὶ
691 1051 862 1096 ταῦτα
897 1048 1035 1112 ἴσον,
1074 1045 1337 1113 ἠγαπᾶτο,
1369 1046 1530 1113 νίκην
1562 1041 1623 1097 δὲ
1653 1043 1942 1097 κάνταῦθα

260 1133 512 1202 λαμπρὰν
552 1131 822 1202 ἀνῃρεῖτο,
867 1133 1080 1203 σπορὰν
1117 1132 1219 1199 μὲν
1256 1133 1357 1201 τὴν
1396 1133 1568 1202 αὐτὴν
1605 1141 1719 1196 τοῖς
1758 1134 1943 1195 ἄλλοις

260 1221 568 1289 δεχόμενος,
600 1220 661 1273 ἐν
693 1216 754 1273 δὲ
784 1227 860 1293 τῷ
884 1223 1026 1293 τόκῳ
1058 1222 1159 1290 τὴν
1189 1222 1417 1289 νεότητα
1439 1222 1668 1291 παριών.
1733 1222 1817 1274 10.
1850 1221 1943 1274 δο-

258 1318 372 1362 κῶν
420 1306 480 1362 δὲ
527 1311 777 1380 βασιλεία
821 1312 1170 1379 πανταχόθεν
1215 1309 1443 1379 πρέπειν
1485 1310 1576 1362 καὶ
1628 1320 1801 1363 κινῶν
1853 1307 1942 1363 ἐπὶ

258 1406 422 1451 τοῦτο
462 1399 557 1460 τὰς
593 1408 706 1451 τῶν
738 1398 997 1469 ὁρώντων
1028 1399 1285 1467 γλώττας,
1325 1399 1418 1452 ’ἵνα
1454 1400 1526 1467 μὴ
1564 1406 1814 1461 τοιοῦτος
1845 1398 1941 1469 ῥέῃ

170 1499 212 1542 R
234 1502 319 1542 408
359 1488 519 1554 λόγος
559 1485 619 1539 ἐν
657 1485 827 1558 ὁμίλῳ
865 1490 1051 1559 πολλῷ
1083 1485 1174 1540 καὶ
1210 1486 1216 1556 Ι
1249 1489 1404 1540 πόλει
1436 1488 1692 1556 φρόνημα
1723 1486 1941 1557 ἐχούσῃ,

194 1597 235 1629 16
259 1573 524 1644 πέμπεται
554 1581 620 1644 τῇ
644 1576 1000 1645 Νικομήδους
1033 1574 1419 1646 ἐνδιατρίψων,
1451 1575 1524 1638 ὡς
1557 1574 1940 1646 ἀσθενεστέρα.

263 1663 345 1715 11.
383 1664 444 1716 τὸ
485 1660 546 1716 δὲ
584 1660 655 1733 ἧν
694 1663 830 1733 ἀρχὴ
869 1673 980 1717 τῶν
1017 1666 1290 1733 μεγίστων
1321 1663 1553 1732 ἀγαθῶν
1584 1664 1730 1736 αὐτῷ
1755 1683 1814 1717 τε
1850 1661 1942 1716 καὶ

258 1758 323 1821 τῇ
363 1759 446 1821 γῇ.
516 1747 586 1819 ἦν
623 1753 728 1823 γάρ
767 1772 851 1815 τις
883 1753 1129 1822 σπινθὴρ
1168 1760 1430 1821 μαντικῆς
1470 1753 1671 1806 αὐτόθι
1709 1754 1942 1823 κρυπτό-

259 1859 422 1909 μενος
460 1842 618 1909 μόλις
656 1842 947 1910 διαφυγὼν
984 1841 1081 1904 τὰς
1117 1849 1301 1912 χεῖρας
1337 1850 1448 1894 τῶν
1481 1843 1782 1909 δυσσεβῶν.
1835 1839 1936 1910 ὑφ’

379 1975 431 2014 11
465 1970 570 2014 Her.
596 1970 660 2014 IX
684 1975 752 2013 64.
784 1970 848 2015 VI
873 1975 971 2026 103,
990 1976 1012 2014 1

381 2093 434 2132 19
466 2086 743 2147 Κυπρί[ου]·
778 2088 972 2147 Λιβάνιε
1002 2087 1243 2144 θεομισές,
1281 2085 1461 2132 κάκιστ’
1490 2087 1776 2143 ἀπολούμενε
1807 2085 1942 2130 κολά-

261 2165 370 2202 κων,
402 2146 552 2192 ἀθέου
583 2146 863 2203 τυραννίδος
893 2146 1194 2205 ἀγεννέστατε
1224 2145 1516 2202 θεραπευτά,
1549 2143 1626 2190 οἶα
1659 2143 1768 2202 μαίν
1810 2179 1822 2198 ,
1863 2142 1940 2188 οἷα

263 2204 449 2264 φθέγγη
482 2210 616 2257 θεοῖς
646 2206 881 2264 κιβδήλοις
911 2207 991 2250 καὶ
1023 2203 1211 2266 ἀσεβείᾳ
1254 2212 1519 2262 συνηγορῶν
1552 2207 1637 2249 Mo
1679 2206 1744 2260 (et
1823 2204 1940 2247 utin.

263 2270 345 2309 181
379 2252 459 2310 fol.
487 2268 587 2322 120)
635 2265 871 2323 (Cyprium
916 2279 1007 2309 non
1052 2278 1190 2320 quem
1228 2265 1296 2308 Re
1340 2264 1456 2307 dicit
1496 2263 1810 2320 Apostolium‚
1859 2263 1941 2306 sed

263 2323 512 2382 Georgium
544 2324 764 2382 Cyprium
794 2324 937 2368 fuisse
970 2324 1147 2368 conicio
1182 2323 1237 2367 cf.
1273 2324 1333 2367 ad
1363 2324 1395 2366 t.
1420 2322 1485 2366 IV
1509 2327 1593 2366 348
1607 2322 1677 2379 R).
1703 2349 1761 2355 —
1793 2319 1940 2378 φίλος,

262 2384 369 2434 τοὺς
408 2383 760 2442 εὐσεβεστάτους
790 2384 972 2442 ἀσεβεῖς
998 2382 1235 2440 ὀνομάζων
1261 2382 1425 2434 ἔλαθες
1448 2381 1618 2426 σαυτὸν
1642 2379 1943 2439 γραψάμενος

263 2440 476 2499 ἀσεβείας
509 2445 570 2487 M
596 2458 655 2486 m.
681 2457 769 2487 rec.

383 2578 405 2616 1
441 2573 539 2619 δέοι
562 2582 695 2618 τοῦτο
722 2575 807 2619 Mo
927 2579 953 2618 3
970 2547 1253 2631 γρῖἓέαύτης
1269 2574 1305 2619 S
1361 2573 1577 2629 τοιαύτης
1590 2572 1692 2615 Mor
1718 2571 1723 2629 Ι
1751 2571 1938 2628 ἡνιοχή-

265 2646 390 2675 σεται
413 2632 449 2676 S
567 2638 591 2676 6
625 2631 832 2691 ἐγίνοντο
864 2634 907 2677 V
1022 2638 1046 2676 9
1075 2631 1085 2648 ‘
1123 2633 1173 2676 in
1204 2633 1348 2677 αὑτὸν
1381 2645 1405 2675 e
1431 2629 1444 2647 ⁹
1482 2646 1582 2675 con·
1604 2630 1735 2675 P⁸I³
1795 2630 1939 2674 αὐτὸν

264 2692 458 2735 ΒΜΜο
474 2690 576 2735 Mor
682 2697 736 2735 13
752 2691 1054 2750 πανταχόθεν
1069 2692 1256 2748 reposui
1273 2705 1298 2736 e
1313 2691 1447 2734 libris
1500 2686 1830 2746 ἁπανταχόθεν
1848 2690 1939 2733 edd

267 2749 273 2807 1
309 2757 451 2793 νικῶν
475 2750 543 2793 Re
576 2751 700 2805 quod
729 2751 927 2794 correxit
948 2751 1109 2794 Iacobs
1133 2750 1246 2794 Aah.
1265 2750 1366 2793 Tat.
1390 2764 1435 2805 p.
1455 2753 1540 2792 944
1599 2755 1769 2791 κοινῶν
1796 2750 1879 2792 Mo

267 2812 322 2850 14
351 2814 487 2852 τοῦτο
518 2810 704 2864 reposui
737 2822 761 2852 e
791 2809 922 2852 libris
957 2823 1060 2852 cum
1083 2809 1292 2854 Iacobsio
1315 2808 1392 2852 l.1.
1453 2806 1599 2866 τούτῳ
1625 2806 1716 2850 edd
1743 2806 1748 2864 Ι
1778 2805 1938 2862 ἐρούν-

263 2883 355 2910 των
381 2866 583 2910 Sintenis
642 2882 755 2911 num
779 2868 1020 2923 ἐρώντωνῗ
1058 2869 1063 2926 Ι
1098 2869 1302 2925 γλώσσασ
1326 2868 1519 2911 BMMo
1641 2869 1694 2908 15
1720 2864 1939 2922 φρόνημα

265 2925 430 2983 ἐχούσῃ
462 2925 592 2970 πόλει
624 2928 707 2972 Μο
859 2931 912 2970 16
954 2927 1001 2971 ἐν
1035 2929 1144 2971 ante
1175 2923 1484 2986 ἀσθενεστέρα
1514 2924 1638 2968 inser
1666 2923 1725 2967 1³
