2072 3162
318 670 1071 733 ΠΡΟΣΦΩΝΗΤΙΚΟΣ
1117 669 1561 732 ΙΟΤΛΙΑΝΩ.

211 819 255 871 1.
291 816 582 887 Ἐπανήκει
613 818 744 884 μετὰ
774 826 886 870 τῶν
922 818 1102 887 ἱερῶν,
1142 813 1184 870 ὦ
1224 819 1472 886 βασιλεῦ,
1512 818 1601 871 καὶ
1632 819 1693 871 τὸ
1725 831 1872 874 R405

96 912 363 975 τιμᾶσθαι
400 908 502 976 τὴν
539 914 652 960 τῶν
690 907 873 975 λόγων
909 905 1124 975 τέχνην,
1172 906 1240 959 οὐ
1279 907 1453 974 μόνον
1499 906 1583 959 ὅτι
1621 905 1787 976 μέρος

96 1005 207 1050 τῶν
248 997 411 1066 ἱερῶν
450 995 552 1049 οὐκ
591 994 877 1064 ἐλάχιστον
924 995 1056 1058 ἴσως
1094 995 1148 1048 oz
1188 996 1361 1064 λόγοι,
1409 994 1525 1048 ἀλλ’
1566 995 1651 1048 ὅτι
1695 994 1787 1048 καὶ

96 1085 235 1156 πρὸς
280 1086 382 1154 τὴν
426 1085 591 1154 τιμὴν
635 1093 746 1137 τῶν
792 1089 946 1137 θεῶν
998 1082 1092 1136 ὑπ’
1131 1083 1316 1137 αὐτῶν
1370 1082 1632 1152 ἐκινήθης
1675 1094 1786 1138 τῶν
1834 1107 1853 1139 5

99 1176 291 1243 λόγων.
362 1173 460 1237 οὓς
500 1169 605 1227 οὗν
642 1182 754 1226 τῶν
791 1174 1083 1242 παρόντων
1123 1172 1355 1241 ἀγαθῶν
1394 1173 1606 1236 αἰτίους
1646 1168 1788 1227 εἶναι

100 1262 426 1332 συμβέβηκε,
457 1263 677 1325 τούτοις
709 1263 820 1315 ἔδει
853 1262 1031 1331 δήπου
1063 1260 1156 1314 καὶ
1186 1262 1373 1331 χώραν
1404 1259 1466 1314 ἐν
1489 1265 1790 1331 βασιλείοις

100 1346 257 1406 εἶναι.
335 1352 382 1404 2.
434 1352 669 1420 ἥκουσιν
705 1346 810 1404 οὖν
849 1351 1032 1421 ὥσπερ
1072 1352 1151 1414 εἰς
1197 1353 1424 1420 πομπήν
1468 1370 1593 1404 τινα
1638 1371 1789 1404 κεκο-

99 1439 364 1510 σμημένοι
398 1442 788 1510 συγχαίροντες
820 1439 1008 1502 αὑτοῖς
1037 1459 1095 1492 τε
1126 1438 1217 1492 καὶ
1249 1447 1420 1492 πᾶσιν
1452 1439 1789 1510 ἀνθρώποις,

100 1530 161 1581 τὸ
201 1525 302 1596 μὲν
340 1536 511 1597 μῆκος
550 1529 626 1591 εἰς
657 1523 826 1590 αὖθις
858 1527 1216 1597 ἀποθέμενοι,
1254 1526 1382 1595 μεθ’
1421 1528 1566 1596 ὥρας
1606 1527 1671 1581 δέ
1699 1542 1788 1581 σοι
1814 1551 1857 1583 10

430 1687 675 1732 Chisianus

430 1747 583 1791 Codex
613 1746 905 1790 Monacensis
937 1746 1066 1803 (olim
1098 1747 1420 1804 Augustanus)
1453 1752 1537 1791 483

429 1806 686 1850 Vaticanus
717 1805 961 1849 Palatinus
995 1820 1061 1863 gr.
1091 1810 1174 1850 282

430 1865 630 1909 Urbinas
662 1879 728 1922 gr.
757 1869 840 1908 126

431 1924 806 1968 vindobonensis
836 1923 950 1981 phil.
976 1939 1042 1982 gr.
1068 1923 1211 1969 XGIH

429 1983 694 2027 Marcianus
727 1983 927 2040 append.
960 1982 1059 2027 XCI
1092 1988 1116 2026 2

432 2042 724 2087 Monacensis
757 2057 823 2099 gr.
853 2047 935 2086 113

431 2102 711 2146 Barberinus
742 2101 784 2144 H
815 2107 869 2145 41

432 2161 698 2205 Marcianus
730 2176 797 2218 gr.
827 2165 912 2204 437

435 2220 688 2265 Sinaiticus
722 2223 836 2264 1198

283 2057 308 2089 0

344 2184 401 2258 1141
345 2125 398 2138 ΙΙ
344 2066 398 2080 ΙΙ
342 2007 397 2021 ΙΙ
342 1948 397 1962 ΙΙ
343 1889 396 1903 ΙΙ
342 1829 397 1844 11
340 1770 395 1785 ΙΙ
340 1711 395 1726 ΙΙ

219 1690 285 2266 ωξωξωηᾳωμο

223 2380 278 2419 10
310 2376 429 2419 Plat.
457 2375 593 2433 Gorg.
625 2390 669 2432 p.
697 2375 829 2419 449ss

223 2536 246 2575 1
279 2537 451 2575 ταυτοῦ
486 2531 537 2586 U,
596 2537 678 2574 τοῦ
710 2531 855 2574 αὐτοῦ
888 2529 1021 2585 MOS,
1082 2537 1144 2574 τῶ
1177 2531 1300 2575 αὐτῶ
1331 2533 1367 2575 Ι
1428 2532 1536 2575 ante
1568 2544 1787 2586 προσφω-

23 2583 25 2585 ’
105 2590 289 2647 νητικὸς
328 2589 793 2646 (προσφωνηματικὸς
825 2591 925 2646 Mo)
954 2591 960 2646 Ι
987 2591 1436 2647 προσφωνηματικὸς
1466 2592 1600 2635 ΒΜο
1642 2590 1648 2648 Ι
1692 2589 1790 2633 ἰου-

106 2650 248 2692 λιανῶ
280 2648 375 2692 add
406 2648 479 2693 P⁸
546 2649 613 2700 εἰς
643 2647 881 2693 ἰουλιανόν
913 2649 1025 2693 ΒΜ
1170 2654 1195 2691 2
1223 2647 1502 2705 Έπανήκεις
1535 2651 1618 2694 Mo
1660 2651 1666 2705 Ι
1709 2649 1790 2692 καὶ

106 2707 189 2764 τὴν
218 2695 321 2751 Mor
508 2712 533 2750 3
581 2705 722 2763 μόνος
754 2709 838 2752 Μο
884 2709 890 2764 Ι
937 2705 1006 2751 ’“’τι
1049 2721 1153 2751 cum
1194 2722 1359 2752 rasura
1402 2714 1423 2751 1
1469 2708 1655 2752 litterae
1694 2707 1739 2752 U

107 2768 134 2809 8
167 2763 251 2811 οὖν
282 2766 407 2810 inser
430 2766 488 2810 Ι8
602 2771 627 2809 9
652 2765 961 2822 κεκοσμημένο
1002 2780 1107 2810 cum
1136 2780 1299 2811 rasura
1333 2772 1355 2810 1
1388 2767 1575 2811 litterae
1617 2768 1662 2812 U
1687 2767 1694 2824 Ι
1725 2765 1791 2809 ‘in

109 2823 265 2878 αὐτοῖς
294 2825 344 2868 in
375 2838 451 2868 ras
483 2825 529 2868 Ρ
539 2825 555 2850 ³
586 2827 634 2869 et
666 2826 707 2869 e’
744 2838 845 2869 corr
876 2827 937 2869 Μ
947 2824 964 2849 ²
1050 2824 1210 2877 ἁυτοῖς
1238 2827 1274 2870 Ι
1299 2826 1380 2870 sed
1408 2824 1421 2840 '
1457 2840 1597 2883 supra
1626 2842 1656 2869 v
1689 2838 1789 2869 eras

167 2891 324 2935 αυτοῖς
355 2885 400 2929 U
456 2884 615 2934 αὐτοῖς
637 2885 730 2928 ΑΒ
852 2887 907 2928 10
939 2884 1153 2935 εἰσαῦθις
1177 2885 1221 2929 U
1226 2886 1528 2930 VIBMMoS
1556 2887 1603 2929 et
1635 2898 1690 2928 ex
1723 2883 1790 2927 εἰσ

110 2937 253 2992 αὖθις
283 2956 384 2986 corr
417 2943 487 2986 Ρ8
