2054 3140
205 105 279 156 44
758 104 987 148 LIBANH
1018 103 1241 149 ORATIO
1272 104 1358 148 XII

208 245 344 293 σθαι
390 241 479 293 καὶ
527 241 705 292 πάντα
751 241 1059 308 συμβόλαια
1106 241 1463 309 δικαιοσύνης
1507 240 1762 310 μεθέξειν
1802 241 1894 296 καὶ

209 331 401 392 παῖδες
441 327 519 381 ἐπ’
552 329 803 398 ἀμείνοσι
834 331 1202 398 τεχθήσεσθαι
1237 337 1476 400 χρηστοῦ
1508 351 1659 394 τινος
1691 332 1894 385 οἰωνοῦ

210 427 304 487 τῆς
343 426 441 486 σῆς
478 420 851 487 προσηγορίας
889 417 1209 486 ἡγουμένης.

322 507 406 559 99.
454 509 666 559 Τοῦτον
704 505 810 575 ἐγὼ
850 507 947 559 τὸν
986 505 1257 575 ἐνιαυτόν,
1298 512 1352 559 εἷ’
1376 527 1458 570 τις
1494 503 1564 575 ἦν
1603 507 1753 577 ἀγὼν
1793 507 1898 562 ἐνι-

168 617 186 649 5
211 603 416 664 αυτοῖς,
449 595 631 665 ὥσπερ
665 594 948 663 ἀθληταῖς,
979 596 1070 648 καὶ
1101 597 1295 665 κρίσις,
1332 596 1475 648 δοκῶ
1501 617 1595 665 μοι
1625 605 1796 650 πᾶσιν
1827 596 1897 650 ἂν

210 691 431 752 νικῆσαι
462 693 579 746 τοῖς
608 693 830 753 κριταῖς.
900 684 1114 737 ὕπατον
1143 682 1245 751 μὲν
1275 685 1380 753 γὰρ
1418 683 1669 748 ἐδέξαντο
1701 686 1897 739 πολλοὶ

211 771 303 825 καὶ
344 771 594 836 δέξαιντό
623 792 701 842 γε,
740 781 954 843 πρῶτος
986 770 1047 825 δὲ
1079 768 1241 836 οὗτος
1281 772 1341 825 ἐν
1371 777 1654 844 μοναρχίᾳ.
1716 775 1764 827 εἰ
1796 770 1900 827 οὖν

212 862 431 931 Σαπφὼ
471 863 574 931 τὴν
612 864 859 930 Λεσβίαν
897 862 1065 915 οὐδὲν
1104 861 1382 915 ἐκώλυσεν
1421 861 1688 926 εὔξασθαι
1727 864 1899 916 νύκτα

213 950 348 1021 αὐτῇ
395 950 658 1018 γενέσθαι
706 951 1019 1019 διπλασίαν,
1069 949 1261 1014 ἐξέστω
1308 951 1478 1018 κάμοί
1519 971 1571 1004 τι
1617 955 1899 1021 παραπλή-

123 1052 271 1095 R403
312 1053 438 1092 σιον
477 1040 714 1108 αἰτῆσαι·
754 1041 950 1108 Χρόνε,
989 1040 1157 1110 πάτερ
1209 1041 1214 1108 1
1266 1039 1525 1094 ἐνιαυτοῦ
1565 1039 1655 1093 καὶ
1693 1050 1901 1109 μηνῶν,

146 1151 187 1182 11
213 1130 461 1182 ἔκτεινον
499 1129 630 1197 ἡμῖν
667 1129 822 1180 τουτὶ-
853 1129 913 1181 τὸ
947 1130 1066 1191 ἔτος
1097 1127 1182 1198 ἐφ’
1216 1129 1352 1182 ὅσον
1383 1122 1504 1182 οἷόν
1535 1149 1593 1182 τε
1623 1134 1900 1198 πλεῖστον,

214 1218 394 1287 ὥσπερ
443 1218 532 1270 ὅτε
571 1216 845 1285 εΗρακλῆς
891 1216 1187 1288 ἐσπείρετο,
1241 1219 1343 1287 τὴν
1395 1219 1568 1271 νύκτα
1618 1217 1900 1287 ἐξέτεινας,

213 1305 304 1359 καὶ
343 1307 410 1374 δὴ
450 1306 540 1358 καὶ
582 1306 721 1368 ὅλως
759 1312 834 1378 τῷ
879 1309 1094 1374 βασιλεῖ
1131 1308 1233 1375 τὴν
1275 1308 1415 1376 ζωὴν
1453 1304 1591 1377 ὑπὲρ
1630 1308 1728 1360 τὸν
1767 1307 1901 1377 ὅρον

213 1402 312 1448 τοῦ
368 1397 631 1457 Σόλωνος
689 1394 811 1448 ἕλκε
867 1402 1074 1448 σαυτοῦ
1130 1398 1366 1463 νομίζων
1418 1398 1627 1464 κόσμον
1681 1395 1900 1463 ἀγαθοῦ

149 1504 190 1537 15
214 1482 482 1552 βασιλέως
532 1491 718 1553 γῆρας.
798 1483 917 1536 100.
981 1492 1152 1537 ταῦτα
1203 1485 1334 1537 αἰτῶ
1384 1483 1474 1537 καὶ
1523 1484 1748 1554 προσέτι
1802 1486 1903 1553 τὴν

214 1571 483 1641 ἡμετέραν
523 1573 782 1643 στρατιὰν
829 1571 891 1626 ἐν
930 1574 1173 1635 Σούσοις
1220 1575 1508 1642 δειπνῆσαι
1550 1577 1785 1643 Περσῶν
1823 1573 1901 1626 ol-

216 1662 584 1730 νοχοούντων.
661 1668 831 1714 ταῦτα
885 1661 1146 1730 εὔχεσθαι
1201 1664 1389 1730 καλόν,
1443 1670 1615 1715 ταῦτα
1668 1662 1903 1730 εὔλογον

215 1751 548 1819 προσδοκᾶν.
625 1751 732 1802 σὺν
770 1750 875 1820 γὰρ
913 1756 1031 1821 θεῷ
1070 1749 1160 1803 καὶ
1202 1750 1361 1803 αὐτοὶ
1399 1752 1754 1819 κινησόμεθα.

331 1838 450 1890 101.
476 1836 594 1891 Ἴθι
626 1839 694 1907 δὴ
725 1837 853 1907 νέμε
891 1839 993 1907 τὴν
1031 1838 1358 1909 ἐλευθερίαν
1390 1841 1527 1891 πᾶσί
1554 1858 1616 1907 γε
1647 1846 1904 1908 χρηστοῖς

150 1949 193 1980 20
216 1925 307 1980 καὶ
353 1928 655 1995 βελτίστοις
702 1925 960 1995 οἰκέταις,
1016 1927 1112 1990 οὓς
1158 1934 1430 1980 τοσοῦτον
1475 1937 1587 1980 τῶν
1632 1925 1715 1980 ἐπ’
1754 1925 1904 1979 ἐλευ-

216 2018 383 2086 θερία
420 2016 640 2068 πώποτε
692 2014 1079 2085 ῥαπισθέντων
1127 2015 1650 2085 εὐδαιμονεστέρους
1687 2013 1904 2083 θετέον,

221 2105 357 2157 ὅσον
397 2102 641 2166 ἐκείνους
679 2113 791 2156 τῶν
822 2102 1327 2173 ἐντελευτησοέντων
1356 2112 1420 2174 τῇ
1455 2104 1691 2172 δουλείᾳ.
1746 2123 1904 2170 μετα-

337 2283 363 2322 8
397 2278 567 2335 Sapph.
593 2279 647 2322 fr.
677 2283 760 2322 130
785 2279 822 2321 B
969 2283 1021 2322 12
1054 2279 1161 2322 Luc,
1189 2278 1310 2322 deor.
1338 2278 1447 2322 dial.
1477 2282 1543 2322 10.
1606 2278 1746 2322 Anth.
1771 2276 1901 2320 Plan,

217 2337 281 2380 IV
307 2342 404 2390 102,
433 2343 454 2380 1
581 2342 634 2381 13
667 2337 772 2382 Her.
799 2338 819 2381 I
844 2342 912 2391 32,
942 2344 963 2382 1

341 2505 363 2542 1
406 2501 590 2554 „malim
620 2500 677 2544 τὰ
709 2502 965 2556 interponi“
1008 2500 1078 2544 Re
1227 2505 1253 2543 3
1294 2506 1376 2555 σῆς
1407 2499 1483 2542 del
1506 2500 1542 2542 I
1683 2502 1710 2541 4
1750 2497 1904 2542 ἐνιαυ-

220 2565 317 2608 τοῖς
359 2559 524 2614 scripsi
556 2561 742 2603 auctore
773 2559 842 2602 Re
881 2559 962 2614 qui
994 2559 1255 2603 adnotavit:
1297 2558 1523 2614 „Videtur
1554 2563 1635 2601 aut
1665 2557 1903 2611 ἐνιαυτῶν,

222 2615 372 2671 ὥσπερ
405 2618 621 2673 ἀθλητῶν
654 2619 732 2675 leq.
767 2632 855 2662 esse
888 2623 970 2662 aut
1000 2618 1249 2672 ἐνιαυτοῖς,
1282 2618 1431 2673 ὥσπερ
1465 2618 1719 2672 ἀθληταῖςι*
1812 2615 1903 2659 ἐνι-

146 2709 150 2716 .
223 2683 375 2719 αυτῶν
407 2675 517 2718 libri
549 2676 640 2719 edd
681 2676 686 2734 Ι
730 2677 946 2732 ἀθλητῶν
983 2676 1123 2720 Mare.
1151 2682 1235 2720 422
1388 2680 1413 2718 9
1444 2673 1488 2718 τί
1529 2675 1603 2719 VI
1739 2678 1791 2717 13
1824 2674 1905 2717 καὶ

223 2736 285 2790 (2)
316 2735 365 2777 in
391 2747 466 2777 ras
497 2734 556 2777 12
598 2737 603 2791 Ι
647 2733 672 2778 ὅ
702 2735 752 2777 in
785 2733 898 2784 ὅλως
929 2735 977 2777 in
1001 2749 1077 2778 ras
1109 2735 1167 2778 12
1310 2739 1364 2777 14
1397 2733 1539 2790 όσμον
1571 2733 1619 2776 in
1651 2731 1823 2788 κόσμον
1854 2733 1903 2775 in

220 2806 296 2837 ras
329 2792 386 2836 1²
538 2798 590 2836 15
638 2794 718 2836 καὶ
756 2792 929 2836 inserui
968 2806 993 2837 e
1034 2795 1260 2838 VUIBM
1296 2794 1550 2849 praeeunte
1588 2792 1656 2835 Re
1702 2793 1905 2849 (‚,‘malim

223 2852 303 2896 καὶ
334 2850 520 2907 προσέτι
553 2857 635 2895 aut
665 2850 850 2905 προσέτι
883 2852 981 2907 62⁴⁸)
1105 2857 1158 2895 18
1201 2851 1447 2907 νικήσομεν
1479 2850 1636 2894 Gasda
1758 2854 1811 2892 19
1855 2865 1906 2906 γε

224 2911 387 2967 scripsi
421 2913 608 2955 auctore
641 2909 821 2954 Sin‘ceni
910 2926 958 2954 τε
989 2910 1098 2954 libri
1131 2910 1221 2954 edd
1370 2915 1423 2953 21
1457 2911 1642 2954 πώποτε
1673 2924 1747 2953 om
1777 2909 1846 2952 Re
